2370 3922
98 191 103 201 ’
165 209 209 272 hd
488 220 518 268 o.
536 217 798 268 ammonianum

165 375 384 435 commodatior.
407 373 476 434 lolia
491 374 640 450 utriusque
661 381 692 432 et
706 373 792 434 cruda
813 381 843 433 et
860 371 980 432 decocta
999 371 1142 432 inlinuntur¹

167 472 231 517 cum
255 457 331 516 oleo.

125 553 177 606 125
240 541 322 618 (77.)
351 540 467 616 Lycium
487 541 680 618 praestantius
704 541 785 616 spina
803 540 868 598 lieri
887 539 1001 598 tradunt
1022 555 1101 615 quarn
1116 547 1141 597 et

169 623 371 701 pyxacanthon
394 623 558 683 Chironiam
582 631 703 698 vocant,
731 622 845 700 qualem
868 624 898 682 in
922 622 1027 682 iudicis
1047 621 1143 680 arbori·

125 726 155 767 12.
165 727 188 760 ³1
210 707 266 766 bus
281 707 413 784 diximus,
430 709 563 784 quoniam
579 706 668 783 longe
685 707 964 784 praestantissimum
979 706 1163 764 existimaturo

166 789 302 850 indicum.
333 799 472 850 cocuntur
498 793 528 850 in
549 806 621 866 aqua
641 791 716 868 tunsi
738 789 807 847 rami
838 789 1011 865 radicesque
1034 805 1145 845 summae

166 873 362 932 amaritudinis
387 890 477 932 aereo
498 892 569 932 vase
593 872 809 950 pertriduum,
833 874 996 948 iterumque
1023 879 1147 946 exempto

167 955 267 1033 ligno,
286 956 379 1016 donec
393 956 488 1015 mellis
505 957 666 1016 crassitudo
677 957 733 1014 liat.
766 955 944 1014 adulteratur
955 955 1059 1012 amaris
1071 955 1147 1027 sucis,

124 1050 177 1104 146
188 1041 276 1098 etiarn
297 1056 410 1098 amurca
432 1047 461 1098 et
483 1039 552 1098 felle
577 1039 694 1098 bubulo.
729 1055 827 1116 spuma
844 1040 906 1098 eius
925 1055 959 1096 ao
975 1037 1031 1096 flos
1048 1035 1147 1112 quidam

169 1121 317 1182 oculorum
334 1121 548 1182 medicamentis
564 1121 710 1181 adduntur.
740 1121 854 1199 reliquo
877 1137 948 1180 suco
970 1121 1074 1180 iaciem
1093 1136 1163 1194 pur-n

166 1215 218 1282 gat
233 1213 263 1265 et
278 1223 379 1283 psoras
396 1213 487 1281 sanat,
500 1222 603 1264 erosos
616 1204 737 1282 angulos
754 1203 902 1264 oculorum
915 1212 1094 1279 veteresque
1109 1199 1149 1258 44-

168 1290 294 1363 ctiones,
307 1290 383 1348 auris
400 1288 579 1366 purulentas,
597 1287 741 1364 tonsillas,
754 1288 899 1363 gingivas,
917 1288 1032 1362 tussim,
1048 1285 1150 1360 sangui-

169 1373 214 1430 nis
231 1373 451 1432 exscreationes
473 1371 557 1432 iabae
581 1371 774 1447 magnitudine
799 1370 968 1432 devoratum
983 1377 1049 1444 aut,
1078 1369 1100 1425 si
1120 1383 1151 1424 er

168 1453 339 1514 volneribus
356 1455 434 1530 lluat,
449 1454 570 1530 inlitum,
585 1453 741 1530 rhagadas,
764 1452 933 1530 genitalium
949 1453 1060 1527 ulcera,
1082 1450 1149 1508 attri-

170 1546 227 1614 tos,
242 1536 341 1597 ulcera
353 1539 482 1598 recentia
498 1546 528 1598 et
539 1538 687 1615 serpentia
701 1555 735 1596 ac
750 1539 965 1613 putrescentia,
991 1538 1023 1595 in
1044 1533 1163 1598 naribusr

169 1621 281 1696 clavos,
324 1623 575 1698 suppurationes..
611 1620 719 1680 bibitur
743 1629 773 1680 et
811 1619 978 1678 mulieribus
1012 1621 1043 1676 in
1085 1616 1149 1676 laete

128 1714 178 1767 147
191 1711 292 1766 contra
309 1704 459 1781 prolluvia
485 1703 575 1764 lndici
598 1702 760 1764 differentia
783 1702 897 1779 glaebis
920 1703 1105 1762 extrinsecus
1119 1700 1148 1756 ni·

168 1791 243 1863 gris,
261 1788 336 1844 intus
352 1786 432 1862 rutis,
450 1805 512 1846 curn
528 1787 665 1863 fregeris,
681 1789 739 1846 cito
762 1786 1006 1883 nigrescentibus.
1041 1783 1149 1843 adstrin-

168 1872 214 1946 git
227 1869 418 1928 vehementer
430 1887 491 1928 444444
503 1869 705 1946 amaritudine,
726 1870 761 1931 ad
778 1868 879 1930 eadem
897 1871 990 1928 omnia
1011 1867 1084 1927 utile
1103 1873 1148 1940 est,

169 1952 223 2012 sed
238 1953 395 2029 praecipue
409 1952 444 2011 ad
459 1953 603 2028 genitalia.
1153 1957 1163 2036 4

126 2045 179 2099 148
242 2034 323 2111 (78.)
357 2034 427 2092 Sunt
449 2037 497 2112 qui
518 2043 548 2096 et
563 2035 751 2095 sarcocollam
768 2036 869 2132 spinae
887 2035 1032 2094 lacrimam
1047 2038 1148 2111 putent,

169 2116 271 2214 pollini
284 2119 355 2176 turis
375 2118 506 2194 similem,
525 2137 587 2178 cum
611 2119 730 2195 quadarn
755 2117 910 2177 acrimonia
929 2111 1063 2192 dulcem,
1086 2131 1148 2174 cum·

166 2203 316 2260 minosam
345 2219 408 2258 curn
426 2203 494 2260 vino
509 2209 592 2260 tunsa
608 2203 685 2260 sistit
701 2201 873 2276 ductiones,
894 2199 1024 2258 inlinitur
1047 2197 1147 2258 44444444-

170 2284 224 2344 bus
246 2301 385 2344 maxume.
401 2293 545 2344 vetustate
567 2293 597 2343 et
618 2284 690 2344 baec
710 2285 870 2360 nigrescit,
892 2282 998 2342 melior
1019 2300 1077 2360 quo
1096 2297 1147 2340 cau·

169 2367 272 2426 didior.
1151 2381 1163 2424 4

127 2461 179 2514 129
241 2450 324 2529 (79.)
353 2449 445 2509 Unum
461 2451 612 2509 etiamnum
636 2450 770 2509 arborum
791 2449 940 2508 medicinis
961 2437 1088 2509 debetur
1108 2462 1146 2504 no·

169 2533 230 2594 bile
244 2534 478 2594 medicamentum
499 2533 577 2631 quod
596 2535 735 2611 oporicen
756 2541 866 2592 vocant.
897 2533 928 2590 lit
949 2531 985 2591 ad
1007 2529 1147 2608 dysinteri-

169 2636 222 2678 cos
238 2617 435 2694 stomachique
451 2618 521 2675 uitia
534 2616 564 2676 in
581 2617 687 2692 congio
703 2617 788 2674 musti
803 2615 859 2674 albi
878 2615 959 2674 lento
981 2632 1093 2693 vapore
1110 2613 1146 2672 de·

170 2703 263 2760 coctis
279 2703 412 2760 cotoneis
429 2701 552 2777 quinque
565 2717 628 2758 oum
643 2701 702 2757 suis
716 2697 884 2774 seminibus,
899 2700 1012 2776 punicis
1028 2697 1146 2768 totidem,

171 2782 324 2842 sorborum
350 2785 495 2858 sextario,
517 2791 547 2840 et
564 2783 625 2860 pari
637 2799 771 2841 mensura
787 2783 849 2840 eius
873 2781 950 2859 quod
968 2779 1044 2840 rhun
1065 2781 1163 2856 spa-a

169 2883 232 2924 cam
246 2872 367 2941 vocant,
384 2868 461 2926 croci
482 2867 634 2925 semuncia.
668 2868 802 2942 coquitur
823 2881 916 2942 nsque
940 2864 975 2924 ad
995 2861 1147 2924 crassitudi-

170 2966 236 3008 nem
249 2946 350 3006 mellis.

233 3027 315 3108 (80)
339 3029 390 3088 His
416 3030 602 3091 subtexemus
625 3047 753 3108 eaquae
777 3028 880 3090 Graeci
900 3030 1145 3090 communicatione

171 3115 316 3174 nominum
330 3113 359 3170 in
374 3114 507 3190 ambiguo
524 3115 624 3175 iecere
639 3131 711 3172 anne
726 3113 862 3190 arborum
879 3121 988 3172 essent.

129 3209 183 3263 130
248 3197 292 3256 15.
326 3193 517 3272 Chamaedrys
532 3197 623 3257 herba
638 3205 684 3256 est
701 3198 774 3273 qnae
790 3195 891 3256 batine
908 3199 1025 3273 trixago
1043 3195 1163 3254 dieitura

171 3280 259 3357 aliqui
282 3295 344 3339 eam
368 3278 602 3358 chamaeropem,
623 3280 669 3339 alii
691 3278 841 3338 Teucriam
861 3279 1058 3357 appellavere.
1086 3273 1144 3336 lolia

171 3363 261 3422 habet
276 3357 469 3436 magnitudine
484 3373 614 3440 mentae,
629 3362 730 3422 colore
745 3371 776 3421 et
797 3362 924 3421 divisura
939 3379 1071 3440 quercus
1104 3355 1143 3416 4444

170 3452 310 3503 serratam
322 3451 351 3501 et
364 3443 398 3502 ab
416 3461 450 3503 ea
463 3463 571 3503 serram
585 3448 728 3504 inventam
739 3463 808 3504 esse
819 3446 966 3524 dixerunt,
977 3445 1052 3506 ilore
1063 3457 1143 3524 paene
