2458 3906
143 216 204 278 204
493 224 524 276 c.
540 225 634 272 numu
653 221 804 271 saeuum
858 279 863 290 Ι

139 383 182 442 vis
207 391 236 442 ct
255 379 387 441 dentibus
407 379 456 439 vel
472 396 525 457 per
546 395 579 438 se
600 378 835 440 conmanducata.
859 377 970 438 taenias
989 375 1161 455 etreliqua

139 468 248 526 ventris
264 464 394 526 animalia
409 463 492 542 pellit
505 481 542 522 ex
554 471 640 524 aceto
656 471 685 523 et
697 462 784 523 melle
797 470 918 541 sumpta.
946 461 1067 540 linguae
1080 477 1159 540 quo-

141 569 197 628 que
220 567 325 609 recens
346 547 477 608 subiecta
496 556 625 626 praestat
645 566 682 608 ne
702 546 855 626 hydropici
879 545 983 606 sitiant.
1014 547 1162 625 coquitur

141 633 269 714 pluribus
284 632 387 708 modis,
401 634 430 692 iu
448 630 507 692 olla
522 649 597 710 quae
615 632 756 692 coiciatur
767 632 795 690 in
809 629 951 691 clibanum
964 639 1013 691 aut
1023 630 1159 705 furuum,

97 730 151 782 100
161 718 209 778 vel
231 717 316 797 adipe
338 726 386 777 aut
407 717 467 776 luto
484 716 580 792 inlita,
602 724 650 777 aut
673 715 815 776 frustatim
830 715 858 775 in
873 715 985 794 patinis.
1015 722 1046 774 et
1063 713 1187 774 crudas

140 805 277 876 siccatur,
295 800 400 861 deinde
415 799 576 861 conciditur
591 801 783 880 coquiturque
797 801 826 859 in
842 807 938 875 aceto,
955 809 1014 859 tum
1027 817 1159 878 serpen·

141 887 209 947 tium
224 884 328 946 ictibus
343 885 497 964 inponitur.
525 892 602 945 tosta
620 901 738 964 quoque
753 892 893 964 purgatur
907 893 936 944 et
949 883 1077 944 medium
1090 883 1159 943 eius

139 973 242 1031 iterum
260 970 288 1029 in
308 987 382 1047 aqua
401 969 542 1048 coquitur.
573 985 643 1028 usus
658 969 701 1028 sic
720 977 823 1028 coctae
844 967 879 1028 ad
894 967 1095 1046 hydropicos,
1120 966 1159 1026 ad

140 1056 250 1116 urinam
265 1054 395 1115 ciendam
410 1052 501 1113 tribus
516 1051 693 1113 obolis-cum
707 1053 796 1113 melle
812 1062 841 1113 et
856 1060 940 1112 aceto
956 1061 1065 1131 potae,
1083 1052 1159 1111 item

141 1139 290 1218 splenicos
306 1147 336 1198 et
353 1137 566 1212 stomachicus,
583 1137 607 1196 si
625 1154 683 1197 non
696 1138 821 1198 sentiant
838 1136 930 1214 ulcus,
948 1135 1056 1215 quibus
1071 1137 1155 1195 inna-
1171 1151 1195 1192 ro

140 1232 181 1283 tut
198 1221 295 1298 cibus,
319 1221 354 1282 ad
372 1222 510 1297 tormina,
534 1223 634 1299 regios
654 1221 792 1298 morbos,
813 1222 913 1282 tussim
932 1229 1067 1281 veterem
1089 1237 1159 1280 cum

99 1320 148 1372 101
158 1307 293 1385 suspirio.
324 1304 448 1366 Discutit
469 1313 499 1366 et
519 1305 597 1366 loliis
613 1315 734 1366 strumas
749 1305 896 1384 quadrinis
916 1305 1020 1366 diebus
1044 1305 1158 1379 soluta,

140 1390 265 1451 furfures
283 1390 385 1469 capitis
402 1397 430 1450 et
445 1389 543 1451 ulcera
559 1390 699 1451 manantia
720 1390 800 1450 inlita
824 1407 862 1450 ex
883 1389 952 1450 oleo
973 1398 1072 1450 cocta.
1106 1405 1158 1449 co·

141 1474 236 1554 quitur
252 1475 324 1534 etin
340 1473 428 1535 melle
448 1473 505 1535 cibi
520 1476 631 1552 gratia,
654 1492 786 1534 mmnmc
806 1475 846 1534 uti
862 1474 1028 1535 coctionem
1048 1473 1157 1534 iacias.

140 1561 183 1619 sic
201 1567 230 1618 et
246 1559 382 1619 interiora
398 1567 511 1638 purgat.
546 1559 632 1619 rimas
654 1558 760 1637 pedum
775 1565 858 1620 sanat
877 1560 906 1620 in
931 1558 1001 1619 olco
1019 1565 1110 1619 cocta
1127 1565 1158 1618 et
1169 1574 1192 1615 u

140 1644 226 1703 mixta
242 1644 368 1704 resinae.
398 1660 499 1703 semen
515 1642 576 1702 eius
593 1641 754 1703 lumborum
769 1642 864 1704 dolori
881 1661 919 1703 ex
932 1643 1022 1704 melle
1038 1642 1157 1722 inponi·

141 1737 196 1787 tur.
226 1726 407 1805 Pythagoras
425 1726 537 1788 scillam
552 1728 581 1787 in
603 1726 699 1786 limine
715 1744 832 1807 quoque
854 1727 956 1788 ianuae
977 1744 1158 1806 suspensam

139 1811 279 1872 malorum
296 1810 569 1872 medicamentorum
587 1811 731 1871 introitum
748 1811 861 1890 pellere
877 1811 973 1872 tradit.

98 1906 148 1959 102
204 1895 288 1972 (40.)
311 1891 447 1955 Ceterum
470 1893 549 1955 bulbi
572 1904 714 1956 exacuto
737 1904 766 1955 et
788 1896 908 1975 sulpure
931 1893 1107 1956 volneribus
1129 1895 1158 1954 in

139 1978 216 2039 iacie
236 1978 396 2038 medentur.
431 1995 486 2057 per
508 1995 540 2038 se
561 1997 633 2040 vero
656 1981 714 2040 triti
728 1997 883 2041 nervorum
907 1979 1104 2041 contractioni
1126 1987 1190 2038 ctu

140 2080 177 2122 ex
196 2063 263 2120 vinu
283 2063 442 2140 porrigini,
465 2080 528 2123 cum
553 2063 642 2124 melle
664 2081 764 2124 canum
786 2065 940 2126 morsibus.
971 2063 1156 2125 Erasistrato

140 2145 238 2225 placet
262 2164 325 2206 cum
349 2148 426 2225 pice.
457 2148 625 2225 sanguinem
645 2148 721 2209 idem
744 2149 849 2210 sistere
873 2167 926 2211 eos
947 2148 1034 2210 tradit
1052 2147 1158 2208 inlitos

141 2247 204 2290 cum
225 2230 324 2290 melle.
356 2231 421 2307 alii,
443 2232 467 2292 si
488 2251 504 2291 e
525 2232 642 2292 naribus
663 2231 749 2308 iluat,
771 2233 952 2295 coriandrum
976 2242 1007 2294 et
1028 2233 1158 2294 lamnam

98 2323 149 2378 toa
167 2313 301 2374 adiciunt.
342 2313 513 2377 Theodorus
536 2325 565 2376 et
596 2315 726 2378 lichenas
750 2335 788 2378 ex
818 2327 903 2380 aceto
933 2317 1030 2379 bulbis
1059 2324 1157 2393 curat,

139 2400 318 2478 erumpentia
337 2400 366 2458 iu
388 2402 499 2478 capite,
523 2417 587 2460 cnm
605 2402 673 2460 vino
692 2411 809 2462 austero
826 2410 875 2463 aut
891 2419 958 2462 ovo.
995 2410 1025 2462 et
1040 2399 1154 2462 bulbos
1166 2415 1189 2456 aa

140 2482 290 2563 epiphoris
306 2483 382 2544 idem
397 2483 489 2544 inlinit
504 2493 533 2543 et
550 2485 648 2545 siccae
663 2484 825 2564 lippitudini
839 2485 934 2548 media
951 2503 1063 2548 eorum.
1082 2486 1157 2547 vitia

139 2585 213 2645 quae
230 2577 295 2628 suut
310 2569 338 2628 in
354 2569 430 2630 iacis
446 2568 586 2629 rubentes
606 2587 737 2657 maxume
758 2572 787 2630 in
807 2571 872 2632 sole
893 2571 965 2631 inliti
981 2588 1046 2631 cum
1061 2570 1157 2631 melle

141 2660 171 2711 et
182 2653 257 2713 nitro
269 2653 432 2730 emendant,
448 2654 615 2732 lentiginem
628 2671 691 2714 cum
703 2655 769 2714 vinc
782 2663 830 2716 aut
844 2673 908 2715 cum
920 2657 1036 2716 cumino
1053 2663 1156 2718 cocto.

138 2735 308 2796 volueribus
325 2754 442 2816 quoque
459 2740 531 2798 mire
550 2748 670 2817 prosunt
685 2756 740 2817 per
761 2757 795 2799 se
820 2749 883 2816 aut,
906 2748 936 2800 ut
949 2737 1093 2816 llamicn,
1116 2757 1156 2800 ex

98 2819 268 2895 lblmulso,
292 2823 317 2880 si
337 2824 435 2900 quintu
451 2823 496 2882 die
514 2821 673 2882 solvantur.
705 2823 808 2884 iisdem
829 2833 859 2885 et
874 2823 1019 2885 auriculas
1041 2823 1188 2884 lractasll

139 2911 219 2962 curat
242 2911 271 2962 et
294 2906 410 2966 testium
431 2907 559 2984 pituitas.
596 2907 623 2966 in
646 2906 831 2968 articulorum
852 2906 1004 2969 doloribus
1025 2909 1156 2968 miscent

137 2987 266 3047 farinam.
298 2989 326 3048 in
347 2990 415 3049 vino
441 2991 518 3050 cocti
533 2990 604 3051 inliti
627 2992 737 3067 ventri,
758 2991 889 3053 duritiam
910 2990 1155 3071 praecordiorum

139 3071 297 3132 emolliunt.
328 3074 513 3149 dysintericis
538 3076 567 3134 in
591 3075 659 3134 vino
684 3093 721 3135 ex
745 3093 819 3154 aqua
842 3075 963 3137 caelesti
985 3085 1154 3156 temperato

139 3157 256 3233 dantur,
275 3157 312 3218 ad
331 3157 471 3220 convolsa
494 3159 570 3218 intus
597 3177 661 3220 cum
682 3159 789 3238 silphio
811 3161 907 3238 pilulis
932 3159 1018 3220 labae
1041 3161 1152 3237 magni·

137 3239 244 3301 tudine.
277 3241 313 3302 ad
338 3243 475 3303 sudorem
498 3243 574 3303 tunsi
599 3243 762 3304 inlinuntur.
792 3245 889 3304 nervis
905 3244 1009 3320 utiles,
1032 3243 1101 3306 ideo
1124 3253 1184 3305 etas

96 3335 147 3388 105
159 3324 326 3402 paralyticis
340 3327 451 3388 dantur.
477 3326 573 3387 luxata
591 3329 620 3387 in
639 3327 761 3406 pedibus
778 3329 905 3406 quisunt
922 3329 975 3388 ruti
994 3345 1033 3388 ex
1047 3327 1094 3388 his
1113 3331 1152 3390 ci·

138 3409 248 3468 tissime
264 3419 367 3472 sanant
382 3427 445 3470 cum
460 3409 549 3470 melle
564 3420 594 3471 et
606 3412 677 3471 sale.
709 3430 847 3472 venerem
860 3429 992 3472 maxume
1008 3411 1153 3491 llegarici

138 3490 293 3570 stimulant,
311 3493 452 3554 hortensii
468 3502 579 3573 parturn
598 3513 661 3555 curn
682 3513 753 3576 sapa
772 3505 819 3557 aut
842 3513 930 3576 passo
953 3498 1078 3576 sumpti,
1101 3497 1152 3558 sil·
