<?xml version="1.0" encoding="UTF-8"?>
<!DOCTYPE html PUBLIC "-//W3C//DTD XHTML 1.0 Transitional//EN"
    "http://www.w3.org/TR/xhtml1/DTD/xhtml1-transitional.dtd">
<html xmlns="http://www.w3.org/1999/xhtml" xml:lang="en" lang="en">
 <head>
  <title>
</title>
<meta http-equiv="Content-Type" content="text/html;charset=utf-8" />
  <meta name='ocr-system' content='tesseract 3.04.00' />
  <meta name='ocr-capabilities' content='ocr_page ocr_carea ocr_par ocr_line ocrx_word'/>
</head>
<body>
  <div class='ocr_page' id='page_1' title='image "./naturalishistor00plingoog/naturalishistor00plingoog_0236.png"; bbox 0 0 2458 3906; ppageno 0'>
   <div class='ocr_carea' id='block_1_1' title="bbox 140 208 793 270">
    <p class='ocr_par' dir='ltr' id='par_1_1' title="bbox 140 208 793 270">
     <span class='ocr_line' id='line_1_1' title="bbox 140 208 793 270; baseline -0.006 -2"><span class='ocrx_word' id='word_1_1' title='bbox 140 208 199 270; x_wconf 90' lang='lat'>180</span> <span class='ocrx_word' id='word_1_2' title='bbox 484 219 514 267; x_wconf 91' lang='lat' dir='ltr'>c.</span> <span class='ocrx_word' id='word_1_3' title='bbox 530 219 627 267; x_wconf 79' lang='lat' dir='ltr'>eninr</span> <span class='ocrx_word' id='word_1_4' title='bbox 643 217 793 267; x_wconf 78' lang='lat' dir='ltr'>secunus</span> 
     </span>
    </p>
   </div>
   <div class='ocr_carea' id='block_1_2' title="bbox 40 358 1183 3585">
    <p class='ocr_par' dir='ltr' id='par_1_2' title="bbox 137 358 1145 454">
     <span class='ocr_line' id='line_1_2' title="bbox 137 358 1145 454; baseline -0.004 -18"><span class='ocrx_word' id='word_1_5' title='bbox 137 384 185 436; x_wconf 87' lang='lat' dir='ltr'>ant</span> <span class='ocrx_word' id='word_1_6' title='bbox 202 375 343 454; x_wconf 85' lang='lat' dir='ltr'>Apiciana</span> <span class='ocrx_word' id='word_1_7' title='bbox 367 358 502 449; x_wconf 84' lang='lat' dir='ltr'>coctura,</span> <span class='ocrx_word' id='word_1_8' title='bbox 531 375 599 434; x_wconf 91' lang='lat' dir='ltr'>oleo</span> <span class='ocrx_word' id='word_1_9' title='bbox 623 392 658 434; x_wconf 92' lang='lat' dir='ltr'>ac</span> <span class='ocrx_word' id='word_1_10' title='bbox 681 373 759 450; x_wconf 87' lang='lat' dir='ltr'>sale,</span> <span class='ocrx_word' id='word_1_11' title='bbox 788 374 953 452; x_wconf 78' lang='lat' dir='ltr'>priusquam</span> <span class='ocrx_word' id='word_1_12' title='bbox 969 382 1145 452; x_wconf 88' lang='lat' dir='ltr'>coquantur,</span> 
     </span>
    </p>

    <p class='ocr_par' dir='ltr' id='par_1_3' title="bbox 95 457 1173 1041">
     <span class='ocr_line' id='line_1_3' title="bbox 95 457 1145 537; baseline -0.006 -13"><span class='ocrx_word' id='word_1_13' title='bbox 95 469 146 524; x_wconf 78' lang='lat'>144</span> <span class='ocrx_word' id='word_1_14' title='bbox 157 461 320 520; x_wconf 89' lang='lat' dir='ltr'>maceratis.</span> <span class='ocrx_word' id='word_1_15' title='bbox 359 458 412 519; x_wconf 83' lang='lat' dir='ltr'>Est</span> <span class='ocrx_word' id='word_1_16' title='bbox 427 461 503 518; x_wconf 84' lang='lat' dir='ltr'>inter</span> <span class='ocrx_word' id='word_1_17' title='bbox 517 459 623 520; x_wconf 90' lang='lat' dir='ltr'>herbas</span> <span class='ocrx_word' id='word_1_18' title='bbox 641 475 733 535; x_wconf 89' lang='lat' dir='ltr'>genus</span> <span class='ocrx_word' id='word_1_19' title='bbox 751 458 900 518; x_wconf 90' lang='lat' dir='ltr'>inserendi·</span> <span class='ocrx_word' id='word_1_20' title='bbox 916 457 1058 537; x_wconf 88' lang='lat' dir='ltr'>praecisis</span> <span class='ocrx_word' id='word_1_21' title='bbox 1073 475 1145 534; x_wconf 86' lang='lat' dir='ltr'>ger·</span> 
     </span>
     <span class='ocr_line' id='line_1_4' title="bbox 136 541 1147 604; baseline -0.003 0"><span class='ocrx_word' id='word_1_22' title='bbox 136 543 258 604; x_wconf 86' lang='lat' dir='ltr'>minibus</span> <span class='ocrx_word' id='word_1_23' title='bbox 279 553 310 604; x_wconf 88' lang='lat' dir='ltr'>et</span> <span class='ocrx_word' id='word_1_24' title='bbox 336 543 426 604; x_wconf 88' lang='lat' dir='ltr'>caulis</span> <span class='ocrx_word' id='word_1_25' title='bbox 449 546 478 603; x_wconf 90' lang='lat' dir='ltr'>iu</span> <span class='ocrx_word' id='word_1_26' title='bbox 499 543 654 604; x_wconf 78' lang='lat' dir='ltr'>medullam</span> <span class='ocrx_word' id='word_1_27' title='bbox 674 543 784 603; x_wconf 91' lang='lat' dir='ltr'>semiue</span> <span class='ocrx_word' id='word_1_28' title='bbox 808 559 846 602; x_wconf 87' lang='lat' dir='ltr'>ex</span> <span class='ocrx_word' id='word_1_29' title='bbox 862 542 926 604; x_wconf 87' lang='lat' dir='ltr'>aliis</span> <span class='ocrx_word' id='word_1_30' title='bbox 942 541 1051 603; x_wconf 90' lang='lat' dir='ltr'>addito.</span> <span class='ocrx_word' id='word_1_31' title='bbox 1085 541 1147 602; x_wconf 89' lang='lat' dir='ltr'>hoc</span> 
     </span>
     <span class='ocr_line' id='line_1_5' title="bbox 138 626 1147 705; baseline -0.003 -17"><span class='ocrx_word' id='word_1_32' title='bbox 138 638 167 688; x_wconf 91' lang='lat' dir='ltr'>et</span> <span class='ocrx_word' id='word_1_33' title='bbox 187 631 216 687; x_wconf 95' lang='lat' dir='ltr'>iu</span> <span class='ocrx_word' id='word_1_34' title='bbox 239 646 394 688; x_wconf 79' lang='lat' dir='ltr'>cucumere</span> <span class='ocrx_word' id='word_1_35' title='bbox 415 628 552 688; x_wconf 86' lang='lat' dir='ltr'>silvestri.</span> <span class='ocrx_word' id='word_1_36' title='bbox 583 645 639 687; x_wconf 91' lang='lat' dir='ltr'>nec</span> <span class='ocrx_word' id='word_1_37' title='bbox 655 644 713 687; x_wconf 88' lang='lat' dir='ltr'>uon</span> <span class='ocrx_word' id='word_1_38' title='bbox 728 627 793 687; x_wconf 90' lang='lat' dir='ltr'>olus</span> <span class='ocrx_word' id='word_1_39' title='bbox 812 643 928 705; x_wconf 89' lang='lat' dir='ltr'>quoque</span> <span class='ocrx_word' id='word_1_40' title='bbox 944 626 1082 686; x_wconf 87' lang='lat' dir='ltr'>silvestre</span> <span class='ocrx_word' id='word_1_41' title='bbox 1099 634 1147 686; x_wconf 89' lang='lat' dir='ltr'>est</span> 
     </span>
     <span class='ocr_line' id='line_1_6' title="bbox 137 709 1173 790; baseline -0.005 -17"><span class='ocrx_word' id='word_1_42' title='bbox 137 713 280 790; x_wconf 91' lang='lat' dir='ltr'>triumpho</span> <span class='ocrx_word' id='word_1_43' title='bbox 303 712 361 772; x_wconf 92' lang='lat' dir='ltr'>divi</span> <span class='ocrx_word' id='word_1_44' title='bbox 382 711 435 772; x_wconf 92' lang='lat' dir='ltr'>luli</span> <span class='ocrx_word' id='word_1_45' title='bbox 457 712 629 773; x_wconf 80' lang='lat' dir='ltr'>carminibus</span> <span class='ocrx_word' id='word_1_46' title='bbox 649 713 808 790; x_wconf 90' lang='lat' dir='ltr'>praecipue</span> <span class='ocrx_word' id='word_1_47' title='bbox 823 711 956 789; x_wconf 91' lang='lat' dir='ltr'>iocisque</span> <span class='ocrx_word' id='word_1_48' title='bbox 971 709 1173 770; x_wconf 81' lang='lat' dir='ltr'>militaribusa</span> 
     </span>
     <span class='ocr_line' id='line_1_7' title="bbox 138 795 1147 876; baseline -0.001 -19"><span class='ocrx_word' id='word_1_49' title='bbox 138 796 332 872; x_wconf 89' lang='lat' dir='ltr'>celebratum,</span> <span class='ocrx_word' id='word_1_50' title='bbox 357 797 477 857; x_wconf 87' lang='lat' dir='ltr'>alteruis</span> <span class='ocrx_word' id='word_1_51' title='bbox 499 798 606 876; x_wconf 79' lang='lat' dir='ltr'>quippe</span> <span class='ocrx_word' id='word_1_52' title='bbox 627 795 761 856; x_wconf 88' lang='lat' dir='ltr'>versibus</span> <span class='ocrx_word' id='word_1_53' title='bbox 784 795 1004 874; x_wconf 81' lang='lat' dir='ltr'>exprobravere</span> <span class='ocrx_word' id='word_1_54' title='bbox 1022 795 1147 874; x_wconf 82' lang='lat' dir='ltr'>lapsana</span> 
     </span>
     <span class='ocr_line' id='line_1_8' title="bbox 137 878 1146 960; baseline -0.004 -18"><span class='ocrx_word' id='word_1_55' title='bbox 137 900 170 942; x_wconf 91' lang='lat' dir='ltr'>se</span> <span class='ocrx_word' id='word_1_56' title='bbox 184 883 295 940; x_wconf 82' lang='lat' dir='ltr'>vixisse</span> <span class='ocrx_word' id='word_1_57' title='bbox 310 881 387 960; x_wconf 89' lang='lat' dir='ltr'>apud</span> <span class='ocrx_word' id='word_1_58' title='bbox 402 880 607 956; x_wconf 82' lang='lat' dir='ltr'>Durrachium,</span> <span class='ocrx_word' id='word_1_59' title='bbox 624 881 817 958; x_wconf 89' lang='lat' dir='ltr'>praemiorum</span> <span class='ocrx_word' id='word_1_60' title='bbox 833 880 1035 958; x_wconf 86' lang='lat' dir='ltr'>parsimoniam</span> <span class='ocrx_word' id='word_1_61' title='bbox 1054 878 1146 938; x_wconf 88' lang='lat' dir='ltr'>cavil-</span> 
     </span>
     <span class='ocr_line' id='line_1_9' title="bbox 138 965 729 1041; baseline -0.002 -17"><span class='ocrx_word' id='word_1_62' title='bbox 138 966 242 1025; x_wconf 87' lang='lat' dir='ltr'>lantes.</span> <span class='ocrx_word' id='word_1_63' title='bbox 266 975 311 1025; x_wconf 88' lang='lat' dir='ltr'>est</span> <span class='ocrx_word' id='word_1_64' title='bbox 325 975 421 1026; x_wconf 89' lang='lat' dir='ltr'>autem</span> <span class='ocrx_word' id='word_1_65' title='bbox 435 966 464 1026; x_wconf 91' lang='lat' dir='ltr'>id</span> <span class='ocrx_word' id='word_1_66' title='bbox 480 983 562 1041; x_wconf 80' lang='lat' dir='ltr'>cyma</span> <span class='ocrx_word' id='word_1_67' title='bbox 576 965 729 1024; x_wconf 88' lang='lat' dir='ltr'>silvestris.</span> 
     </span>
    </p>

    <p class='ocr_par' dir='ltr' id='par_1_4' title="bbox 45 1048 1183 2059">
     <span class='ocr_line' id='line_1_10' title="bbox 96 1048 1144 1130; baseline -0.008 -16"><span class='ocrx_word' id='word_1_68' title='bbox 96 1060 146 1114; x_wconf 79' lang='lat'>145</span> <span class='ocrx_word' id='word_1_69' title='bbox 222 1050 306 1130; x_wconf 79' lang='lat'>(42.)</span> <span class='ocrx_word' id='word_1_70' title='bbox 330 1048 459 1110; x_wconf 88' lang='lat' dir='ltr'>Omnium</span> <span class='ocrx_word' id='word_1_71' title='bbox 472 1052 501 1111; x_wconf 91' lang='lat' dir='ltr'>iu</span> <span class='ocrx_word' id='word_1_72' title='bbox 513 1050 606 1109; x_wconf 91' lang='lat' dir='ltr'>hortis</span> <span class='ocrx_word' id='word_1_73' title='bbox 619 1067 716 1109; x_wconf 90' lang='lat' dir='ltr'>rerum</span> <span class='ocrx_word' id='word_1_74' title='bbox 727 1048 885 1110; x_wconf 89' lang='lat' dir='ltr'>lautissima</span> <span class='ocrx_word' id='word_1_75' title='bbox 898 1065 967 1108; x_wconf 89' lang='lat' dir='ltr'>cura</span> <span class='ocrx_word' id='word_1_76' title='bbox 978 1049 1144 1125; x_wconf 78' lang='lat' dir='ltr'>asparagis.</span> 
     </span>
     <span class='ocr_line' id='line_1_11' title="bbox 97 1131 1183 1212; baseline 0.001 -24"><span class='ocrx_word' id='word_1_77' title='bbox 97 1152 170 1198; x_wconf 73' lang='lat' dir='ltr'>rans</span> <span class='ocrx_word' id='word_1_78' title='bbox 187 1132 233 1193; x_wconf 86' lang='lat' dir='ltr'>De</span> <span class='ocrx_word' id='word_1_79' title='bbox 256 1135 369 1212; x_wconf 83' lang='lat' dir='ltr'>origine</span> <span class='ocrx_word' id='word_1_80' title='bbox 391 1151 489 1193; x_wconf 90' lang='lat' dir='ltr'>eorum</span> <span class='ocrx_word' id='word_1_81' title='bbox 511 1136 539 1194; x_wconf 90' lang='lat' dir='ltr'>in</span> <span class='ocrx_word' id='word_1_82' title='bbox 561 1132 745 1194; x_wconf 89' lang='lat' dir='ltr'>silvestribus</span> <span class='ocrx_word' id='word_1_83' title='bbox 769 1134 845 1194; x_wconf 91' lang='lat' dir='ltr'>curis</span> <span class='ocrx_word' id='word_1_84' title='bbox 865 1132 978 1192; x_wconf 87' lang='lat' dir='ltr'>abunde</span> <span class='ocrx_word' id='word_1_85' title='bbox 992 1131 1099 1192; x_wconf 91' lang='lat' dir='ltr'>dictum</span> <span class='ocrx_word' id='word_1_86' title='bbox 1114 1141 1183 1192; x_wconf 85' lang='lat' dir='ltr'>etro</span> 
     </span>
     <span class='ocr_line' id='line_1_12' title="bbox 139 1215 1147 1297; baseline -0.002 -19"><span class='ocrx_word' id='word_1_87' title='bbox 139 1217 284 1297; x_wconf 91' lang='lat' dir='ltr'>quomodo</span> <span class='ocrx_word' id='word_1_88' title='bbox 307 1235 361 1278; x_wconf 89' lang='lat' dir='ltr'>eos</span> <span class='ocrx_word' id='word_1_89' title='bbox 381 1217 495 1278; x_wconf 90' lang='lat' dir='ltr'>iuberet</span> <span class='ocrx_word' id='word_1_90' title='bbox 511 1215 584 1279; x_wconf 86' lang='lat' dir='ltr'>(lato</span> <span class='ocrx_word' id='word_1_91' title='bbox 605 1218 634 1278; x_wconf 90' lang='lat' dir='ltr'>in</span> <span class='ocrx_word' id='word_1_92' title='bbox 649 1217 844 1278; x_wconf 86' lang='lat' dir='ltr'>harundinetis</span> <span class='ocrx_word' id='word_1_93' title='bbox 860 1217 929 1278; x_wconf 90' lang='lat' dir='ltr'>seri.</span> <span class='ocrx_word' id='word_1_94' title='bbox 962 1225 1007 1276; x_wconf 88' lang='lat' dir='ltr'>est</span> <span class='ocrx_word' id='word_1_95' title='bbox 1022 1225 1053 1276; x_wconf 91' lang='lat' dir='ltr'>et</span> <span class='ocrx_word' id='word_1_96' title='bbox 1067 1215 1147 1276; x_wconf 92' lang='lat' dir='ltr'>aliud</span> 
     </span>
     <span class='ocr_line' id='line_1_13' title="bbox 138 1301 1148 1382; baseline 0 -20"><span class='ocrx_word' id='word_1_97' title='bbox 138 1321 231 1380; x_wconf 91' lang='lat' dir='ltr'>genus</span> <span class='ocrx_word' id='word_1_98' title='bbox 253 1303 386 1362; x_wconf 76' lang='lat' dir='ltr'>incultius</span> <span class='ocrx_word' id='word_1_99' title='bbox 408 1320 569 1382; x_wconf 81' lang='lat' dir='ltr'>asparago,</span> <span class='ocrx_word' id='word_1_100' title='bbox 595 1304 691 1363; x_wconf 90' lang='lat' dir='ltr'>mitius</span> <span class='ocrx_word' id='word_1_101' title='bbox 711 1302 851 1378; x_wconf 90' lang='lat' dir='ltr'>corruda,</span> <span class='ocrx_word' id='word_1_102' title='bbox 880 1303 989 1380; x_wconf 88' lang='lat' dir='ltr'>passim</span> <span class='ocrx_word' id='word_1_103' title='bbox 1010 1301 1096 1360; x_wconf 90' lang='lat' dir='ltr'>etiam</span> <span class='ocrx_word' id='word_1_104' title='bbox 1117 1302 1148 1362; x_wconf 88' lang='lat' dir='ltr'>in</span> 
     </span>
     <span class='ocr_line' id='line_1_14' title="bbox 45 1385 1147 1466; baseline -0.002 -20"><span class='ocrx_word' id='word_1_105' title='bbox 45 1419 46 1426; x_wconf 41' lang='grc' dir='ltr'>ι</span> <span class='ocrx_word' id='word_1_106' title='bbox 137 1387 281 1447; x_wconf 86' lang='lat' dir='ltr'>montibus</span> <span class='ocrx_word' id='word_1_107' title='bbox 296 1405 436 1463; x_wconf 89' lang='lat' dir='ltr'>nascens,</span> <span class='ocrx_word' id='word_1_108' title='bbox 456 1387 573 1448; x_wconf 83' lang='lat' dir='ltr'>reiectis</span> <span class='ocrx_word' id='word_1_109' title='bbox 588 1387 749 1466; x_wconf 89' lang='lat' dir='ltr'>superioris</span> <span class='ocrx_word' id='word_1_110' title='bbox 762 1385 931 1448; x_wconf 83' lang='lat' dir='ltr'>Germaniae</span> <span class='ocrx_word' id='word_1_111' title='bbox 946 1387 1071 1464; x_wconf 85' lang='lat' dir='ltr'>campis,</span> <span class='ocrx_word' id='word_1_112' title='bbox 1088 1402 1147 1446; x_wconf 93' lang='lat' dir='ltr'>uon</span> 
     </span>
     <span class='ocr_line' id='line_1_15' title="bbox 139 1469 1144 1549; baseline -0.001 -19"><span class='ocrx_word' id='word_1_113' title='bbox 139 1471 255 1531; x_wconf 85' lang='lat' dir='ltr'>iniecto</span> <span class='ocrx_word' id='word_1_114' title='bbox 272 1471 371 1532; x_wconf 84' lang='lat' dir='ltr'>&#39;liberi</span> <span class='ocrx_word' id='word_1_115' title='bbox 389 1469 524 1533; x_wconf 82' lang='lat' dir='ltr'>caesaris</span> <span class='ocrx_word' id='word_1_116' title='bbox 546 1472 623 1533; x_wconf 91' lang='lat' dir='ltr'>dicto</span> <span class='ocrx_word' id='word_1_117' title='bbox 647 1471 767 1532; x_wconf 86' lang='lat' dir='ltr'>herbam</span> <span class='ocrx_word' id='word_1_118' title='bbox 791 1471 831 1531; x_wconf 91' lang='lat' dir='ltr'>ibi</span> <span class='ocrx_word' id='word_1_119' title='bbox 852 1471 993 1549; x_wconf 91' lang='lat' dir='ltr'>quandam</span> <span class='ocrx_word' id='word_1_120' title='bbox 1008 1471 1089 1530; x_wconf 89' lang='lat' dir='ltr'>nasei</span> <span class='ocrx_word' id='word_1_121' title='bbox 1105 1471 1144 1530; x_wconf 87' lang='lat' dir='ltr'>si·</span> 
     </span>
     <span class='ocr_line' id='line_1_16' title="bbox 97 1553 1180 1636; baseline -0.01 -15"><span class='ocrx_word' id='word_1_122' title='bbox 97 1566 149 1621; x_wconf 78' lang='lat'>146</span> <span class='ocrx_word' id='word_1_123' title='bbox 160 1557 305 1617; x_wconf 88' lang='lat' dir='ltr'>millimam</span> <span class='ocrx_word' id='word_1_124' title='bbox 327 1573 482 1636; x_wconf 81' lang='lat' dir='ltr'>asparago.</span> <span class='ocrx_word' id='word_1_125' title='bbox 511 1574 575 1616; x_wconf 91' lang='lat' dir='ltr'>nam</span> <span class='ocrx_word' id='word_1_126' title='bbox 598 1556 676 1634; x_wconf 92' lang='lat' dir='ltr'>quod</span> <span class='ocrx_word' id='word_1_127' title='bbox 690 1558 719 1615; x_wconf 93' lang='lat' dir='ltr'>in</span> <span class='ocrx_word' id='word_1_128' title='bbox 734 1555 844 1617; x_wconf 87' lang='lat' dir='ltr'>Neside</span> <span class='ocrx_word' id='word_1_129' title='bbox 860 1553 1035 1634; x_wconf 79' lang='lat' dir='ltr'>Campaniae</span> <span class='ocrx_word' id='word_1_130' title='bbox 1051 1554 1180 1615; x_wconf 80' lang='lat' dir='ltr'>insulare</span> 
     </span>
     <span class='ocr_line' id='line_1_17' title="bbox 140 1639 1145 1720; baseline -0.001 -20"><span class='ocrx_word' id='word_1_131' title='bbox 140 1650 244 1720; x_wconf 87' lang='lat' dir='ltr'>sponte</span> <span class='ocrx_word' id='word_1_132' title='bbox 259 1642 387 1702; x_wconf 87' lang='lat' dir='ltr'>nascitur</span> <span class='ocrx_word' id='word_1_133' title='bbox 401 1640 490 1718; x_wconf 88' lang='lat' dir='ltr'>longe</span> <span class='ocrx_word' id='word_1_134' title='bbox 505 1650 652 1720; x_wconf 91' lang='lat' dir='ltr'>optumum</span> <span class='ocrx_word' id='word_1_135' title='bbox 666 1643 854 1702; x_wconf 85' lang='lat' dir='ltr'>existimatur.</span> <span class='ocrx_word' id='word_1_136' title='bbox 878 1640 1056 1702; x_wconf 89' lang='lat' dir='ltr'>hortensium</span> <span class='ocrx_word' id='word_1_137' title='bbox 1071 1639 1145 1699; x_wconf 89' lang='lat' dir='ltr'>seri·</span> 
     </span>
     <span class='ocr_line' id='line_1_18' title="bbox 139 1725 1145 1806; baseline -0.003 -20"><span class='ocrx_word' id='word_1_138' title='bbox 139 1735 185 1786; x_wconf 90' lang='lat' dir='ltr'>tur</span> <span class='ocrx_word' id='word_1_139' title='bbox 206 1729 356 1806; x_wconf 89' lang='lat' dir='ltr'>spongeis.</span> <span class='ocrx_word' id='word_1_140' title='bbox 386 1735 432 1785; x_wconf 91' lang='lat' dir='ltr'>est</span> <span class='ocrx_word' id='word_1_141' title='bbox 447 1727 520 1786; x_wconf 89' lang='lat' dir='ltr'>enirn</span> <span class='ocrx_word' id='word_1_142' title='bbox 536 1725 685 1805; x_wconf 85' lang='lat' dir='ltr'>plurumae</span> <span class='ocrx_word' id='word_1_143' title='bbox 700 1727 807 1787; x_wconf 86' lang='lat' dir='ltr'>radicis</span> <span class='ocrx_word' id='word_1_144' title='bbox 824 1725 1022 1804; x_wconf 76' lang='lat' dir='ltr'>altissimeque</span> <span class='ocrx_word' id='word_1_145' title='bbox 1039 1725 1145 1802; x_wconf 89' lang='lat' dir='ltr'>germi-</span> 
     </span>
     <span class='ocr_line' id='line_1_19' title="bbox 138 1810 1145 1888; baseline 0 -20"><span class='ocrx_word' id='word_1_146' title='bbox 138 1819 196 1870; x_wconf 90' lang='lat' dir='ltr'>nat.</span> <span class='ocrx_word' id='word_1_147' title='bbox 219 1812 294 1870; x_wconf 89' lang='lat' dir='ltr'>viret</span> <span class='ocrx_word' id='word_1_148' title='bbox 309 1811 409 1886; x_wconf 73' lang='lat' dir='ltr'>thyrso</span> <span class='ocrx_word' id='word_1_149' title='bbox 425 1812 546 1888; x_wconf 90' lang='lat' dir='ltr'>primum</span> <span class='ocrx_word' id='word_1_150' title='bbox 562 1812 714 1886; x_wconf 75' lang='lat' dir='ltr'>emicante,</span> <span class='ocrx_word' id='word_1_151' title='bbox 731 1811 778 1888; x_wconf 92' lang='lat' dir='ltr'>qui</span> <span class='ocrx_word' id='word_1_152' title='bbox 797 1811 909 1871; x_wconf 93' lang='lat' dir='ltr'>caulem</span> <span class='ocrx_word' id='word_1_153' title='bbox 928 1810 1055 1871; x_wconf 91' lang='lat' dir='ltr'>educens</span> <span class='ocrx_word' id='word_1_154' title='bbox 1071 1818 1145 1870; x_wconf 91' lang='lat' dir='ltr'>tem·</span> 
     </span>
     <span class='ocr_line' id='line_1_20' title="bbox 139 1893 1144 1974; baseline -0.002 -20"><span class='ocrx_word' id='word_1_155' title='bbox 139 1911 212 1972; x_wconf 90' lang='lat' dir='ltr'>pore</span> <span class='ocrx_word' id='word_1_156' title='bbox 233 1896 297 1973; x_wconf 88' lang='lat' dir='ltr'>ipso</span> <span class='ocrx_word' id='word_1_157' title='bbox 319 1895 474 1972; x_wconf 82' lang='lat' dir='ltr'>fastigatus</span> <span class='ocrx_word' id='word_1_158' title='bbox 488 1895 516 1954; x_wconf 87' lang='lat' dir='ltr'>iu</span> <span class='ocrx_word' id='word_1_159' title='bbox 531 1904 613 1955; x_wconf 91' lang='lat' dir='ltr'>toros</span> <span class='ocrx_word' id='word_1_160' title='bbox 630 1896 755 1955; x_wconf 89' lang='lat' dir='ltr'>striatur.</span> <span class='ocrx_word' id='word_1_161' title='bbox 786 1903 885 1974; x_wconf 86' lang='lat' dir='ltr'>potest</span> <span class='ocrx_word' id='word_1_162' title='bbox 901 1903 931 1954; x_wconf 88' lang='lat' dir='ltr'>et</span> <span class='ocrx_word' id='word_1_163' title='bbox 946 1894 1056 1955; x_wconf 90' lang='lat' dir='ltr'>semiue</span> <span class='ocrx_word' id='word_1_164' title='bbox 1073 1893 1144 1953; x_wconf 91' lang='lat' dir='ltr'>seri.</span> 
     </span>
     <span class='ocr_line' id='line_1_21' title="bbox 99 1975 1180 2059; baseline -0.004 -22"><span class='ocrx_word' id='word_1_165' title='bbox 99 1987 148 2044; x_wconf 85' lang='lat'>147</span> <span class='ocrx_word' id='word_1_166' title='bbox 160 1975 238 2038; x_wconf 91' lang='lat' dir='ltr'>Nihil</span> <span class='ocrx_word' id='word_1_167' title='bbox 263 1979 429 2055; x_wconf 88' lang='lat' dir='ltr'>diligentius</span> <span class='ocrx_word' id='word_1_168' title='bbox 455 1979 665 2059; x_wconf 87' lang='lat' dir='ltr'>conprehendit</span> <span class='ocrx_word' id='word_1_169' title='bbox 688 1977 777 2055; x_wconf 82' lang='lat' dir='ltr'>(lato,</span> <span class='ocrx_word' id='word_1_170' title='bbox 805 1979 1051 2056; x_wconf 80' lang='lat' dir='ltr'>novissimumque</span> <span class='ocrx_word' id='word_1_171' title='bbox 1078 1976 1180 2038; x_wconf 77' lang='lat' dir='ltr'>libriau</span> 
     </span>
    </p>

    <p class='ocr_par' dir='ltr' id='par_1_5' title="bbox 40 2063 1146 2396">
     <span class='ocr_line' id='line_1_22' title="bbox 40 2063 1144 2143; baseline 0.001 -23"><span class='ocrx_word' id='word_1_172' title='bbox 40 2113 43 2120; x_wconf 89' lang='lat'>.</span> <span class='ocrx_word' id='word_1_173' title='bbox 141 2071 202 2138; x_wconf 91' lang='lat' dir='ltr'>est,</span> <span class='ocrx_word' id='word_1_174' title='bbox 231 2072 260 2122; x_wconf 95' lang='lat' dir='ltr'>ut</span> <span class='ocrx_word' id='word_1_175' title='bbox 289 2063 427 2142; x_wconf 89' lang='lat' dir='ltr'>adpareat</span> <span class='ocrx_word' id='word_1_176' title='bbox 448 2073 599 2143; x_wconf 90' lang='lat' dir='ltr'>repentem</span> <span class='ocrx_word' id='word_1_177' title='bbox 619 2083 655 2124; x_wconf 91' lang='lat' dir='ltr'>ac</span> <span class='ocrx_word' id='word_1_178' title='bbox 674 2065 817 2126; x_wconf 88' lang='lat' dir='ltr'>noviciam</span> <span class='ocrx_word' id='word_1_179' title='bbox 836 2065 900 2124; x_wconf 92' lang='lat' dir='ltr'>viro</span> <span class='ocrx_word' id='word_1_180' title='bbox 922 2081 1020 2124; x_wconf 91' lang='lat' dir='ltr'>curam</span> <span class='ocrx_word' id='word_1_181' title='bbox 1040 2063 1144 2122; x_wconf 86' lang='lat' dir='ltr'>luisse.</span> 
     </span>
     <span class='ocr_line' id='line_1_23' title="bbox 141 2146 1146 2228; baseline 0.001 -23"><span class='ocrx_word' id='word_1_182' title='bbox 141 2146 239 2206; x_wconf 89' lang='lat' dir='ltr'>locum</span> <span class='ocrx_word' id='word_1_183' title='bbox 258 2147 353 2226; x_wconf 89' lang='lat' dir='ltr'>subigi</span> <span class='ocrx_word' id='word_1_184' title='bbox 369 2147 449 2208; x_wconf 89' lang='lat' dir='ltr'>iubet</span> <span class='ocrx_word' id='word_1_185' title='bbox 463 2149 587 2209; x_wconf 92' lang='lat' dir='ltr'>umidum</span> <span class='ocrx_word' id='word_1_186' title='bbox 603 2158 651 2209; x_wconf 90' lang='lat' dir='ltr'>aut</span> <span class='ocrx_word' id='word_1_187' title='bbox 666 2167 808 2228; x_wconf 88' lang='lat' dir='ltr'>crassum,</span> <span class='ocrx_word' id='word_1_188' title='bbox 832 2147 1003 2228; x_wconf 90' lang='lat' dir='ltr'>semipedali</span> <span class='ocrx_word' id='word_1_189' title='bbox 1019 2146 1146 2225; x_wconf 90' lang='lat' dir='ltr'>undique</span> 
     </span>
     <span class='ocr_line' id='line_1_24' title="bbox 140 2231 1145 2311; baseline 0 -21"><span class='ocrx_word' id='word_1_190' title='bbox 140 2231 294 2292; x_wconf 87' lang='lat' dir='ltr'>intervallo</span> <span class='ocrx_word' id='word_1_191' title='bbox 315 2233 388 2308; x_wconf 85' lang='lat' dir='ltr'>seri,</span> <span class='ocrx_word' id='word_1_192' title='bbox 410 2252 448 2292; x_wconf 89' lang='lat' dir='ltr'>ne</span> <span class='ocrx_word' id='word_1_193' title='bbox 470 2233 616 2310; x_wconf 85' lang='lat' dir='ltr'>calcetur,</span> <span class='ocrx_word' id='word_1_194' title='bbox 640 2243 795 2311; x_wconf 87' lang='lat' dir='ltr'>praeterea</span> <span class='ocrx_word' id='word_1_195' title='bbox 809 2233 845 2294; x_wconf 92' lang='lat' dir='ltr'>ad</span> <span class='ocrx_word' id='word_1_196' title='bbox 860 2233 956 2293; x_wconf 90' lang='lat' dir='ltr'>liniam</span> <span class='ocrx_word' id='word_1_197' title='bbox 971 2249 1062 2309; x_wconf 90' lang='lat' dir='ltr'>grana</span> <span class='ocrx_word' id='word_1_198' title='bbox 1078 2231 1145 2291; x_wconf 90' lang='lat' dir='ltr'>bina</span> 
     </span>
     <span class='ocr_line' id='line_1_25' title="bbox 140 2318 1144 2396; baseline 0.004 -22"><span class='ocrx_word' id='word_1_199' title='bbox 140 2324 188 2375; x_wconf 92' lang='lat' dir='ltr'>aut</span> <span class='ocrx_word' id='word_1_200' title='bbox 210 2326 292 2377; x_wconf 87' lang='lat' dir='ltr'>terna</span> <span class='ocrx_word' id='word_1_201' title='bbox 307 2319 418 2396; x_wconf 86' lang='lat' dir='ltr'>paxillo</span> <span class='ocrx_word' id='word_1_202' title='bbox 435 2318 544 2378; x_wconf 92' lang='lat' dir='ltr'>demitti</span> <span class='ocrx_word' id='word_1_203' title='bbox 560 2353 602 2363; x_wconf 88' lang='grc'>-</span> <span class='ocrx_word' id='word_1_204' title='bbox 617 2318 758 2378; x_wconf 92' lang='lat' dir='ltr'>videlicet</span> <span class='ocrx_word' id='word_1_205' title='bbox 773 2319 883 2378; x_wconf 90' lang='lat' dir='ltr'>semiue</span> <span class='ocrx_word' id='word_1_206' title='bbox 899 2326 957 2378; x_wconf 90' lang='lat' dir='ltr'>tum</span> <span class='ocrx_word' id='word_1_207' title='bbox 975 2325 1083 2378; x_wconf 91' lang='lat' dir='ltr'>tantum</span> <span class='ocrx_word' id='word_1_208' title='bbox 1099 2334 1144 2378; x_wconf 92' lang='lat' dir='ltr'>se·</span> 
     </span>
    </p>

    <p class='ocr_par' dir='ltr' id='par_1_6' title="bbox 98 2400 1178 2988">
     <span class='ocr_line' id='line_1_26' title="bbox 98 2400 1178 2481; baseline -0.002 -17"><span class='ocrx_word' id='word_1_209' title='bbox 98 2409 150 2464; x_wconf 83' lang='lat'>148</span> <span class='ocrx_word' id='word_1_210' title='bbox 160 2400 297 2462; x_wconf 89' lang='lat' dir='ltr'>rebantur</span> <span class='ocrx_word' id='word_1_211' title='bbox 309 2437 361 2478; x_wconf 83' lang='lat'>-,</span> <span class='ocrx_word' id='word_1_212' title='bbox 380 2403 408 2464; x_wconf 91' lang='lat' dir='ltr'>id</span> <span class='ocrx_word' id='word_1_213' title='bbox 429 2403 492 2463; x_wconf 91' lang='lat' dir='ltr'>iieri</span> <span class='ocrx_word' id='word_1_214' title='bbox 510 2402 667 2463; x_wconf 90' lang='lat' dir='ltr'>secuudum</span> <span class='ocrx_word' id='word_1_215' title='bbox 683 2403 895 2481; x_wconf 89' lang='lat' dir='ltr'>aequinoctium</span> <span class='ocrx_word' id='word_1_216' title='bbox 909 2419 1040 2462; x_wconf 90' lang='lat' dir='ltr'>vernum.</span> <span class='ocrx_word' id='word_1_217' title='bbox 1070 2409 1178 2462; x_wconf 80' lang='lat' dir='ltr'>ster-sa</span> 
     </span>
     <span class='ocr_line' id='line_1_27' title="bbox 143 2486 1146 2566; baseline 0 -20"><span class='ocrx_word' id='word_1_218' title='bbox 143 2503 214 2546; x_wconf 89' lang='lat' dir='ltr'>core</span> <span class='ocrx_word' id='word_1_219' title='bbox 228 2487 342 2563; x_wconf 88' lang='lat' dir='ltr'>satiari,</span> <span class='ocrx_word' id='word_1_220' title='bbox 366 2486 471 2547; x_wconf 90' lang='lat' dir='ltr'>crebro</span> <span class='ocrx_word' id='word_1_221' title='bbox 487 2489 621 2566; x_wconf 88' lang='lat' dir='ltr'>purgari,</span> <span class='ocrx_word' id='word_1_222' title='bbox 639 2490 736 2548; x_wconf 87' lang='lat' dir='ltr'>caveri</span> <span class='ocrx_word' id='word_1_223' title='bbox 751 2507 788 2548; x_wconf 91' lang='lat' dir='ltr'>ne</span> <span class='ocrx_word' id='word_1_224' title='bbox 806 2506 870 2548; x_wconf 92' lang='lat' dir='ltr'>cum</span> <span class='ocrx_word' id='word_1_225' title='bbox 885 2487 985 2548; x_wconf 88' lang='lat' dir='ltr'>herbis</span> <span class='ocrx_word' id='word_1_226' title='bbox 1001 2486 1146 2547; x_wconf 88' lang='lat' dir='ltr'>evellatur</span> 
     </span>
     <span class='ocr_line' id='line_1_28' title="bbox 140 2571 1145 2651; baseline -0.002 -20"><span class='ocrx_word' id='word_1_227' title='bbox 140 2588 310 2649; x_wconf 88' lang='lat' dir='ltr'>asparagus.</span> <span class='ocrx_word' id='word_1_228' title='bbox 343 2572 435 2650; x_wconf 90' lang='lat' dir='ltr'>primo</span> <span class='ocrx_word' id='word_1_229' title='bbox 457 2589 532 2632; x_wconf 92' lang='lat' dir='ltr'>anno</span> <span class='ocrx_word' id='word_1_230' title='bbox 556 2581 714 2632; x_wconf 86' lang='lat' dir='ltr'>stramento</span> <span class='ocrx_word' id='word_1_231' title='bbox 734 2571 771 2632; x_wconf 96' lang='lat' dir='ltr'>ab</span> <span class='ocrx_word' id='word_1_232' title='bbox 794 2573 889 2633; x_wconf 90' lang='lat' dir='ltr'>hieme</span> <span class='ocrx_word' id='word_1_233' title='bbox 909 2571 1041 2651; x_wconf 87' lang='lat' dir='ltr'>protegi,</span> <span class='ocrx_word' id='word_1_234' title='bbox 1072 2588 1145 2630; x_wconf 89' lang='lat' dir='ltr'>vere</span> 
     </span>
     <span class='ocr_line' id='line_1_29' title="bbox 141 2656 1145 2735; baseline 0 -21"><span class='ocrx_word' id='word_1_235' title='bbox 141 2656 262 2734; x_wconf 92' lang='lat' dir='ltr'>aperiri,</span> <span class='ocrx_word' id='word_1_236' title='bbox 284 2656 384 2732; x_wconf 90' lang='lat' dir='ltr'>sariri,</span> <span class='ocrx_word' id='word_1_237' title='bbox 409 2657 540 2732; x_wconf 93' lang='lat' dir='ltr'>runcari,</span> <span class='ocrx_word' id='word_1_238' title='bbox 566 2657 652 2716; x_wconf 89' lang='lat' dir='ltr'>tertio</span> <span class='ocrx_word' id='word_1_239' title='bbox 672 2657 787 2718; x_wconf 93' lang='lat' dir='ltr'>incendi</span> <span class='ocrx_word' id='word_1_240' title='bbox 803 2674 906 2718; x_wconf 87' lang='lat' dir='ltr'>verno.</span> <span class='ocrx_word' id='word_1_241' title='bbox 933 2672 990 2735; x_wconf 92' lang='lat' dir='ltr'>quo</span> <span class='ocrx_word' id='word_1_242' title='bbox 1006 2656 1145 2716; x_wconf 87' lang='lat' dir='ltr'>maturius</span> 
     </span>
     <span class='ocr_line' id='line_1_30' title="bbox 139 2737 1144 2821; baseline 0.002 -23"><span class='ocrx_word' id='word_1_243' title='bbox 139 2739 276 2800; x_wconf 89' lang='lat' dir='ltr'>incensus</span> <span class='ocrx_word' id='word_1_244' title='bbox 293 2749 337 2801; x_wconf 91' lang='lat' dir='ltr'>est</span> <span class='ocrx_word' id='word_1_245' title='bbox 350 2737 410 2802; x_wconf 93' lang='lat' dir='ltr'>hoc</span> <span class='ocrx_word' id='word_1_246' title='bbox 422 2740 524 2801; x_wconf 94' lang='lat' dir='ltr'>melius</span> <span class='ocrx_word' id='word_1_247' title='bbox 536 2742 680 2820; x_wconf 88' lang='lat' dir='ltr'>provenit.</span> <span class='ocrx_word' id='word_1_248' title='bbox 695 2743 793 2821; x_wconf 91' lang='lat' dir='ltr'>itaque</span> <span class='ocrx_word' id='word_1_249' title='bbox 805 2741 1000 2802; x_wconf 87' lang='lat' dir='ltr'>harundinetis</span> <span class='ocrx_word' id='word_1_250' title='bbox 1011 2757 1144 2800; x_wconf 83' lang='lat' dir='ltr'>maxume</span> 
     </span>
     <span class='ocr_line' id='line_1_31' title="bbox 141 2824 1178 2903; baseline 0.001 -21"><span class='ocrx_word' id='word_1_251' title='bbox 141 2824 276 2883; x_wconf 88' lang='lat' dir='ltr'>convenit</span> <span class='ocrx_word' id='word_1_252' title='bbox 295 2842 370 2903; x_wconf 89' lang='lat' dir='ltr'>quae</span> <span class='ocrx_word' id='word_1_253' title='bbox 390 2826 526 2885; x_wconf 79' lang='lat' dir='ltr'>festinant</span> <span class='ocrx_word' id='word_1_254' title='bbox 547 2825 671 2886; x_wconf 89' lang='lat' dir='ltr'>incendi.</span> <span class='ocrx_word' id='word_1_255' title='bbox 700 2827 783 2888; x_wconf 89' lang='lat' dir='ltr'>sariri</span> <span class='ocrx_word' id='word_1_256' title='bbox 804 2825 883 2887; x_wconf 89' lang='lat' dir='ltr'>iubet</span> <span class='ocrx_word' id='word_1_257' title='bbox 898 2826 975 2886; x_wconf 89' lang='lat' dir='ltr'>idem</span> <span class='ocrx_word' id='word_1_258' title='bbox 992 2841 1051 2884; x_wconf 91' lang='grc' dir='ltr'>ιιιιιι</span> <span class='ocrx_word' id='word_1_259' title='bbox 1065 2833 1178 2884; x_wconf 82' lang='lat' dir='ltr'>ante-ao</span> 
     </span>
     <span class='ocr_line' id='line_1_32' title="bbox 140 2910 1143 2988; baseline 0.003 -22"><span class='ocrx_word' id='word_1_260' title='bbox 140 2925 224 2985; x_wconf 91' lang='lat' dir='ltr'>quam</span> <span class='ocrx_word' id='word_1_261' title='bbox 240 2925 398 2988; x_wconf 87' lang='lat' dir='ltr'>asparagus</span> <span class='ocrx_word' id='word_1_262' title='bbox 412 2919 495 2970; x_wconf 91' lang='lat' dir='ltr'>natus</span> <span class='ocrx_word' id='word_1_263' title='bbox 510 2910 606 2986; x_wconf 87' lang='lat' dir='ltr'>luerit,</span> <span class='ocrx_word' id='word_1_264' title='bbox 622 2929 659 2970; x_wconf 89' lang='lat' dir='ltr'>ue</span> <span class='ocrx_word' id='word_1_265' title='bbox 674 2910 703 2970; x_wconf 92' lang='lat' dir='ltr'>in</span> <span class='ocrx_word' id='word_1_266' title='bbox 717 2911 853 2972; x_wconf 88' lang='lat' dir='ltr'>sariendo</span> <span class='ocrx_word' id='word_1_267' title='bbox 864 2910 979 2972; x_wconf 88' lang='lat' dir='ltr'>radices</span> <span class='ocrx_word' id='word_1_268' title='bbox 991 2919 1143 2970; x_wconf 83' lang='lat' dir='ltr'>vexentur.</span> 
     </span>
    </p>

    <p class='ocr_par' dir='ltr' id='par_1_7' title="bbox 98 2993 1177 3498">
     <span class='ocr_line' id='line_1_33' title="bbox 98 2993 1143 3072; baseline -0.002 -16"><span class='ocrx_word' id='word_1_269' title='bbox 98 2999 150 3056; x_wconf 80' lang='lat'>149</span> <span class='ocrx_word' id='word_1_270' title='bbox 162 3009 200 3052; x_wconf 84' lang='lat' dir='ltr'>ex</span> <span class='ocrx_word' id='word_1_271' title='bbox 226 3009 262 3051; x_wconf 92' lang='lat' dir='ltr'>eo</span> <span class='ocrx_word' id='word_1_272' title='bbox 289 2993 360 3054; x_wconf 93' lang='lat' dir='ltr'>velli</span> <span class='ocrx_word' id='word_1_273' title='bbox 382 3013 556 3072; x_wconf 87' lang='lat' dir='ltr'>asparagum</span> <span class='ocrx_word' id='word_1_274' title='bbox 578 2994 615 3054; x_wconf 90' lang='lat' dir='ltr'>ab</span> <span class='ocrx_word' id='word_1_275' title='bbox 638 2994 737 3056; x_wconf 90' lang='lat' dir='ltr'>radice</span> <span class='ocrx_word' id='word_1_276' title='bbox 759 3014 884 3058; x_wconf 86' lang='lat' dir='ltr'>-nam</span> <span class='ocrx_word' id='word_1_277' title='bbox 907 2995 931 3055; x_wconf 93' lang='lat' dir='ltr'>si</span> <span class='ocrx_word' id='word_1_278' title='bbox 952 2995 1143 3072; x_wconf 82' lang='lat' dir='ltr'>defringatur,</span> 
     </span>
     <span class='ocr_line' id='line_1_34' title="bbox 140 3076 1146 3156; baseline 0.003 -20"><span class='ocrx_word' id='word_1_279' title='bbox 140 3076 320 3156; x_wconf 84' lang='lat' dir='ltr'>stirpescere</span> <span class='ocrx_word' id='word_1_280' title='bbox 344 3087 373 3138; x_wconf 92' lang='lat' dir='ltr'>et</span> <span class='ocrx_word' id='word_1_281' title='bbox 393 3079 542 3139; x_wconf 89' lang='lat' dir='ltr'>intermori</span> <span class='ocrx_word' id='word_1_282' title='bbox 555 3113 613 3156; x_wconf 90' lang='lat'>-,</span> <span class='ocrx_word' id='word_1_283' title='bbox 631 3078 717 3156; x_wconf 90' lang='lat' dir='ltr'>velli,</span> <span class='ocrx_word' id='word_1_284' title='bbox 745 3081 840 3141; x_wconf 90' lang='lat' dir='ltr'>donec</span> <span class='ocrx_word' id='word_1_285' title='bbox 859 3082 889 3140; x_wconf 91' lang='lat' dir='ltr'>iu</span> <span class='ocrx_word' id='word_1_286' title='bbox 909 3097 1008 3141; x_wconf 88' lang='lat' dir='ltr'>semen</span> <span class='ocrx_word' id='word_1_287' title='bbox 1030 3088 1087 3140; x_wconf 90' lang='lat' dir='ltr'>eat.</span> <span class='ocrx_word' id='word_1_288' title='bbox 1115 3078 1146 3139; x_wconf 94' lang='lat' dir='ltr'>id</span> 
     </span>
     <span class='ocr_line' id='line_1_35' title="bbox 140 3164 1144 3242; baseline 0.004 -22"><span class='ocrx_word' id='word_1_289' title='bbox 140 3171 234 3222; x_wconf 90' lang='lat' dir='ltr'>autem</span> <span class='ocrx_word' id='word_1_290' title='bbox 250 3171 449 3224; x_wconf 86' lang='lat' dir='ltr'>maturescere</span> <span class='ocrx_word' id='word_1_291' title='bbox 465 3164 587 3240; x_wconf 87' lang='lat' dir='ltr'>adver,</span> <span class='ocrx_word' id='word_1_292' title='bbox 609 3164 799 3242; x_wconf 90' lang='lat' dir='ltr'>incendique,</span> <span class='ocrx_word' id='word_1_293' title='bbox 822 3183 988 3240; x_wconf 81' lang='lat' dir='ltr'>accursus,</span> <span class='ocrx_word' id='word_1_294' title='bbox 1014 3183 1078 3224; x_wconf 91' lang='lat' dir='ltr'>cum</span> <span class='ocrx_word' id='word_1_295' title='bbox 1093 3164 1144 3225; x_wconf 89' lang='lat' dir='ltr'>ad·</span> 
     </span>
     <span class='ocr_line' id='line_1_36' title="bbox 138 3247 1177 3329; baseline 0 -23"><span class='ocrx_word' id='word_1_296' title='bbox 138 3247 267 3324; x_wconf 89' lang='lat' dir='ltr'>paruerit</span> <span class='ocrx_word' id='word_1_297' title='bbox 288 3265 463 3326; x_wconf 88' lang='lat' dir='ltr'>asparagus,</span> <span class='ocrx_word' id='word_1_298' title='bbox 489 3249 572 3309; x_wconf 90' lang='lat' dir='ltr'>sariri</span> <span class='ocrx_word' id='word_1_299' title='bbox 592 3265 628 3308; x_wconf 90' lang='lat' dir='ltr'>ac</span> <span class='ocrx_word' id='word_1_300' title='bbox 646 3251 813 3311; x_wconf 90' lang='lat' dir='ltr'>stercorari.</span> <span class='ocrx_word' id='word_1_301' title='bbox 841 3268 876 3310; x_wconf 91' lang='lat' dir='ltr'>ac</span> <span class='ocrx_word' id='word_1_302' title='bbox 893 3258 961 3329; x_wconf 92' lang='lat' dir='ltr'>post</span> <span class='ocrx_word' id='word_1_303' title='bbox 978 3267 1070 3310; x_wconf 88' lang='lat' dir='ltr'>anuos</span> <span class='ocrx_word' id='word_1_304' title='bbox 1091 3261 1177 3310; x_wconf 54' lang='lat' dir='ltr'>noos</span> 
     </span>
     <span class='ocr_line' id='line_1_37' title="bbox 138 3332 1145 3413; baseline 0.008 -25"><span class='ocrx_word' id='word_1_305' title='bbox 138 3347 220 3406; x_wconf 86' lang='lat' dir='ltr'>vem,</span> <span class='ocrx_word' id='word_1_306' title='bbox 247 3350 311 3391; x_wconf 91' lang='lat' dir='ltr'>cum</span> <span class='ocrx_word' id='word_1_307' title='bbox 333 3335 388 3392; x_wconf 92' lang='lat' dir='ltr'>iam</span> <span class='ocrx_word' id='word_1_308' title='bbox 402 3340 487 3391; x_wconf 91' lang='lat' dir='ltr'>vetus</span> <span class='ocrx_word' id='word_1_309' title='bbox 501 3334 553 3408; x_wconf 89' lang='lat' dir='ltr'>sit,</span> <span class='ocrx_word' id='word_1_310' title='bbox 576 3333 669 3411; x_wconf 89' lang='lat' dir='ltr'>digeri</span> <span class='ocrx_word' id='word_1_311' title='bbox 684 3332 805 3396; x_wconf 89' lang='lat' dir='ltr'>subactu</span> <span class='ocrx_word' id='word_1_312' title='bbox 822 3343 1061 3413; x_wconf 72' lang='lat' dir='ltr'>memoratoque,</span> <span class='ocrx_word' id='word_1_313' title='bbox 1084 3344 1145 3396; x_wconf 87' lang='lat' dir='ltr'>tum</span> 
     </span>
     <span class='ocr_line' id='line_1_38' title="bbox 141 3417 1144 3498; baseline 0.007 -24"><span class='ocrx_word' id='word_1_314' title='bbox 141 3417 280 3492; x_wconf 89' lang='lat' dir='ltr'>spongeis</span> <span class='ocrx_word' id='word_1_315' title='bbox 301 3417 376 3493; x_wconf 83' lang='lat' dir='ltr'>seri,</span> <span class='ocrx_word' id='word_1_316' title='bbox 398 3417 575 3494; x_wconf 90' lang='lat' dir='ltr'>singulorum</span> <span class='ocrx_word' id='word_1_317' title='bbox 597 3418 703 3497; x_wconf 93' lang='lat' dir='ltr'>pedum</span> <span class='ocrx_word' id='word_1_318' title='bbox 723 3418 887 3480; x_wconf 90' lang='lat' dir='ltr'>intervallo.</span> <span class='ocrx_word' id='word_1_319' title='bbox 919 3421 988 3498; x_wconf 92' lang='lat' dir='ltr'>quin</span> <span class='ocrx_word' id='word_1_320' title='bbox 1003 3428 1033 3480; x_wconf 93' lang='lat' dir='ltr'>et</span> <span class='ocrx_word' id='word_1_321' title='bbox 1049 3420 1144 3481; x_wconf 90' lang='lat' dir='ltr'>ovillo</span> 
     </span>
    </p>

    <p class='ocr_par' dir='ltr' id='par_1_8' title="bbox 97 3497 1143 3585">
     <span class='ocr_line' id='line_1_39' title="bbox 97 3497 1143 3585; baseline 0.005 -24"><span class='ocrx_word' id='word_1_322' title='bbox 97 3507 149 3562; x_wconf 78' lang='lat'>150</span> <span class='ocrx_word' id='word_1_323' title='bbox 160 3497 225 3559; x_wconf 86' lang='lat' dir='ltr'>rimo</span> <span class='ocrx_word' id='word_1_324' title='bbox 243 3502 407 3561; x_wconf 90' lang='lat' dir='ltr'>nominatim</span> <span class='ocrx_word' id='word_1_325' title='bbox 423 3503 473 3579; x_wconf 90' lang='lat' dir='ltr'>uti,</span> <span class='ocrx_word' id='word_1_326' title='bbox 493 3503 627 3580; x_wconf 92' lang='lat' dir='ltr'>quoniam</span> <span class='ocrx_word' id='word_1_327' title='bbox 643 3503 720 3564; x_wconf 91' lang='lat' dir='ltr'>aliud</span> <span class='ocrx_word' id='word_1_328' title='bbox 738 3502 843 3565; x_wconf 90' lang='lat' dir='ltr'>herbas</span> <span class='ocrx_word' id='word_1_329' title='bbox 860 3513 949 3565; x_wconf 89' lang='lat' dir='ltr'>creet.</span> <span class='ocrx_word' id='word_1_330' title='bbox 980 3503 1045 3565; x_wconf 87' lang='lat' dir='ltr'>Nec</span> <span class='ocrx_word' id='word_1_331' title='bbox 1060 3507 1143 3585; x_wconf 89' lang='lat' dir='ltr'>quic-</span> 
     </span>
    </p>
   </div>
   <div class='ocr_carea' id='block_1_3' title="bbox 0 0 1238 3906">
    <p class='ocr_par' dir='ltr' id='par_1_9' title="bbox 0 0 1238 3906">
     <span class='ocr_line' id='line_1_40' title="bbox 0 0 1238 3906; baseline 0 0"><span class='ocrx_word' id='word_1_332' title='bbox 0 0 1238 3906; x_wconf 95' lang='lat' dir='ltr'> </span> 
     </span>
    </p>
   </div>
  </div>
 </body>
</html>
