2396 3922
201 251 260 312 114
502 259 531 307 3.
553 257 649 306 curru
670 257 818 306 33333333

153 428 187 483 79
200 435 237 476 ex
256 433 329 493 aqua
353 431 405 490 pro
423 413 558 490 singulari
574 411 702 473 remedio
718 411 819 471 bibere
840 409 969 471 suadent.
998 411 1156 488 strangurias

197 500 298 560 discuti
315 507 344 557 et
358 498 500 557 dictamno
516 507 623 556 certum
638 506 692 572 est,
709 498 777 555 item
792 495 990 573 quinquefolio
1004 494 1117 555 decocto
1128 497 1158 556 ad

195 585 295 644 tertias
310 584 338 640 in
359 583 435 640 3130.
464 582 519 641 hoe
535 589 564 640 et
575 579 777 639 enterocelicis
794 579 854 637 dari
871 587 955 656 atque
971 579 1050 638 inlini
1062 580 1158 638 utilissi

194 686 268 726 mum
283 674 337 725 est.
365 663 444 742 xiphi
462 682 576 742 quoque
590 664 672 724 radix
686 665 819 741 superior
830 664 939 722 urinam
950 665 1006 722 ciet
1017 661 1158 722 infantibus.

195 749 399 811 enterocelicis
417 747 499 806 datur
515 766 552 806 ex
568 765 642 825 aqua
662 756 691 806 et
711 747 837 806 inlinitur
856 749 975 804 vesicae
995 747 1080 805 vitiis.
1106 763 1175 824 peu-s

194 835 296 894 cedani
312 849 396 890 33333
411 831 556 890 1313311330
572 831 663 890 ramiti
685 838 715 889 ct
737 828 878 889 umbilicis
892 828 1082 888 eminentibus
1100 829 1161 908 psyl-

151 916 256 981 801103
272 916 405 975 inlinitur.
444 915 549 974 urinam
565 916 642 974 cient
663 913 856 990 anagallides,
879 915 958 972 acori
974 913 1079 973 radicis
1093 913 1160 972 deco

194 1010 270 1060 ctum
284 999 331 1059 vel
347 1002 409 1076 ipsa
424 999 489 1058 trita
504 1006 648 1075 potaque,
664 1006 693 1056 et
707 997 799 1056 omnia
814 999 932 1056 vesicae
946 999 1032 1073 vitia,
1055 997 1161 1058 33133103

194 1093 223 1144 31
241 1082 331 1143 herba
351 1091 380 1141 et
400 1081 481 1140 radix
497 1081 681 1154 cotyledonis
704 1083 827 1158 itemque
848 1080 1016 1156 genitalium
1031 1081 1159 1140 indamna-

193 1170 299 1226 tionem
326 1183 437 1224 omnem
464 1166 527 1241 pari
553 1164 682 1242 pondere
704 1165 795 1223 caulis
820 1173 848 1223 et
869 1166 988 1222 seminis
1010 1173 1041 1224 31
1061 1181 1184 1226 murnaco

151 1263 183 1316 81
196 1251 318 1310 Ebulum
332 1259 461 1308 tenerum
485 1265 548 1306 cum
564 1246 642 1308 ioliis
663 1249 757 1308 tritum
783 1265 821 1306 ex
845 1249 911 1306 3130
933 1257 1034 1326 potum
1056 1247 1162 1308 calculos

194 1334 292 1413 pellit,
315 1333 468 1410 inpositum
483 1331 564 1390 testis
584 1339 672 1390 sanat.
712 1333 849 1407 erigeron
868 1348 986 1410 quoque
1009 1351 1073 1392 cum
1093 1331 1165 1390 133133

119 1431 125 1442 ·
193 1419 263 1478 13313
282 1419 312 1476 et
333 1418 400 1474 3130
424 1414 500 1474 dulci
522 1417 634 1473 testium
654 1413 886 1474 inflammationes
911 1425 1004 1476 sanat.
1041 1414 1165 1493 symphyti

193 1501 275 1560 radix
296 1499 374 1558 inlita
396 1497 578 1558 enterocelas
595 1497 727 1573 cohibet,
751 1500 915 1575 genitalium
935 1516 1039 1560 nomas
1064 1499 1166 1577 hypoci-

193 1584 264 1644 sthis
280 1583 355 1644 alba.
393 1582 546 1641 Artemisia
562 1597 677 1664 quoque
695 1581 777 1641 datur
788 1573 896 1642 'contra
912 1583 1046 1642 calculos
1066 1602 1102 1642 ex
1114 1582 1153 1640 313
1171 1551 1184 1674 h

193 1667 268 1728 dulci
285 1666 364 1726 etad
382 1666 582 1740 stranguriam,
599 1664 717 1725 dolores
732 1667 848 1726 vesicae
863 1667 944 1728 sedat
965 1685 1003 1726 ex
1021 1665 1184 1726 3130331113ἶ

192 1751 371 1828 nymphaeae
387 1749 548 1808 Heracliae.
930 1746 932 1751 '

151 1847 185 1900 83
258 1835 342 1910 (50.)
365 1831 473 1892 Eadem
490 1833 533 1891 313
556 1831 684 1892 crethmo
706 1831 741 1892 ab
754 1833 930 1912 Hippocrate
951 1833 1105 1894 admodum
1122 1831 1165 1891 133-

193 1918 287 1978 13133.
318 1925 362 1975 331
378 1924 471 1974 autem
485 1917 559 1975 inter
580 1933 630 1974 eas
654 1933 727 1993 qnae
751 1917 870 1976 eduntur
890 1917 1067 1977 silvestrium
1081 1915 1165 1976 herba-

194 2019 270 2075 rum,
284 2033 325 2045 -
341 1999 415 2058 hanc
438 2007 518 2057 certe
542 1999 617 2076 apud
640 1999 843 2060 Callimachum
865 2000 983 2078 adponit
1002 2003 1111 2061 rustica
1129 1997 1165 2056 illa

192 2082 312 2159 Hecale,
324 2113 367 2129 -
380 2084 555 2160 speciesque
571 2082 685 2159 plantae
699 2083 874 2143 hortensiae.
910 2084 1000 2144 caulis
1023 2087 1107 2144 unum
1121 2081 1165 2160 pal·
1182 2123 1184 2132 .

192 2185 266 2226 mum
281 2166 367 2243 altus,
391 2183 489 2224 semen
504 2167 633 2241 ferrens,
651 2166 800 2226 odoratum
816 2186 868 2226 ceu
884 2167 1069 2244 libanotidis,
1088 2175 1165 2242 30133

193 2250 266 2326 duur,
281 2252 418 2310 siccatum
430 2251 578 2327 rumpitur,
593 2248 680 2310 habet
693 2251 768 2310 intus
779 2251 911 2310 nucleum
923 2251 1085 2329 candidum,
1101 2265 1165 2329 3333

192 2335 279 2414 aliqui
302 2333 434 2410 cachrym
449 2341 565 2393 303331.
598 2333 668 2393 folia
691 2334 805 2412 pinguia
821 2335 947 2394 albicant
965 2336 1058 2396 veluti
1080 2335 1184 2420 olivae,⁴

194 2421 338 2481 crassiora
353 2428 381 2478 et
396 2418 473 2478 33133
488 2424 589 2493 gustu,
605 2417 720 2477 radices
741 2418 822 2494 digiti
843 2419 1035 2479 crassitudine
1055 2429 1114 2479 1333
1132 2420 1184 2476 anit

150 2512 337 2582 83quattu0r.
369 2503 496 2562 nascitur
512 2500 541 2559 in
560 2501 704 2560 maritimis
725 2504 859 2579 petrosis.
891 2511 970 2562 estur
993 2503 1110 2563 crudum
1130 2517 1163 2559 33

195 2597 306 2648 clamve
322 2605 384 2646 cum
396 2585 486 2660 clere,
503 2583 616 2642 odorati
632 2587 746 2661 saporis
761 2595 790 2644 et
804 2586 926 2646 iucundi.
948 2597 1084 2646 servatur
1099 2585 1163 2644 ellan

192 2673 323 2730 inmunia
341 2668 489 2750 praecipui
510 2683 579 2724 usus
604 2667 638 2726 ad
658 2671 847 2746 stranguriam
866 2669 939 2730 10110
959 2670 1008 2729 331
1032 2670 1114 2731 caule
1131 2663 1163 2725 uel

191 2754 288 2813 radice
310 2773 347 2813 ex
371 2755 447 2812 vino.
485 2749 616 2809 colorem
639 2769 753 2829 quoque
777 2756 910 2832 corporis
931 2755 1090 2830 gratiorem
1104 2751 1162 2822 iacit

191 2855 290 2895 verum
306 2837 415 2914 largior
430 2834 600 2894 inflationes.
636 2835 730 2894 alvom
745 2837 831 2895 301311
845 2837 982 2916 decocto,
997 2839 1104 2897 urinam
1117 2842 1183 2892 etas

192 2919 309 2990 renibus
331 2938 459 2979 umorem
482 2916 567 2976 trahit
588 2919 662 2977 sicut
682 2918 802 2980 alcimae
823 2923 919 2982 siccae
940 2921 1033 2980 farina
1061 2923 1089 2979 13
1111 2918 1162 2976 3130

192 3011 271 3081 pota,
287 3005 475 3080 stranguriam
490 3001 637 3060 efficacius
651 3001 746 3082 addito
763 3004 864 3064 dauco.
887 3003 955 3064 lieni
970 3022 1086 3083 quoque
1102 2999 1163 3061 utilis

193 3085 330 3146 adversus
355 3085 499 3164 serpentis
522 3083 643 3160 bibitur,
670 3085 800 3147 iumentis
822 3105 936 3168 quoque
956 3089 986 3148 in
1010 3089 1108 3166 pituita
1127 3091 1162 3144 aut

194 3169 370 3245 stranguria,
385 3169 495 3228 hordeo
511 3168 640 3246 inspersa
656 3172 804 3232 succurrit.

150 3262 186 3318 84
260 3251 343 3329 (51.)
367 3251 533 3325 anthyllion
557 3260 601 3310 est
623 3251 690 3310 lenti
710 3255 849 3316 simillima
870 3272 945 3334 quae
973 3257 1086 3316 133130
1107 3259 1180 3332 potat

192 3337 306 3394 vesicas
324 3337 398 3395 311113
415 3333 533 3409 liberat,
555 3337 721 3410 sauguinem
744 3339 827 3399 sistit.
868 3341 958 3410 altera
979 3347 1025 3399 est
1046 3335 1160 3411 anthyllis

193 3418 408 3556 plqaquaepityos
429 3413 545 3491 similis,
573 3417 644 3477 llore
660 3437 821 3500 purpureo,
847 3423 939 3486 odore
957 3424 1055 3500 gravi,
1080 3419 1160 3481 radice

193 3517 249 3556 rnn
271 3518 289 3557 3.
