2396 3900
165 229 224 294 too
516 241 825 291 o.au1u1sscuuu1

160 399 303 460 frumento
319 399 384 478 plus
401 417 467 459 esse
484 399 622 477 ponderis
644 408 674 459 at
694 396 852 458 furfuribus
874 415 987 459 carere.
1021 399 1117 458 utitur
1138 413 1172 458 eo

162 492 192 542 ct
206 483 305 544 Sicilia
319 492 348 544 et
362 482 482 559 Achaia,
500 483 659 543 montuosis
670 491 792 561 utraque
804 481 943 560 partibus,
959 481 1087 543 Euboea
1101 498 1171 560 quo·

162 585 218 645 que
236 569 313 629 circa
330 564 492 643 Carystum.
520 568 548 626 in
562 577 669 628 tanturn
684 566 794 627 fallitur
808 563 969 627 Columella
990 569 1039 646 qui
1064 585 1104 626 ne
1127 567 1171 626 tri·

160 653 275 712 mestris
289 652 405 732 quidem
425 653 573 731 proprium
594 668 688 729 genus
710 652 916 710 existimaverit
937 669 1021 727 esse,
1045 669 1117 710 cum
1139 651 1172 708 sit

160 737 357 816 antiquissimi.
390 734 495 796 Graeci
511 738 644 796 setanion
658 743 773 795 uocant.
805 735 921 794 tradunt
935 737 963 795 in
976 734 1093 796 bactris
1105 752 1191 812 gra-s

160 839 195 881 ua
210 830 307 881 tantae
321 821 523 898 magnitudinis
539 820 602 879 lieri
615 828 646 879 ut
660 819 774 896 singula
789 820 886 897 spicas
900 829 1014 880 nostras
1029 827 1169 898 aequent.

117 911 150 968 71
223 903 306 985 (13.)
336 904 459 964 Primum
482 923 519 963 ex
539 902 670 963 omnibus
699 903 850 964 frumentis
882 905 987 964 seritur
1015 903 1169 964 hordeum.

159 987 288 1050 dabimus
303 998 333 1049 et
349 989 411 1049 dies
426 988 552 1048 serendo
570 989 674 1067 cuique
690 988 793 1066 generi
806 995 907 1047 natura
924 988 1109 1066 singulorum
1123 1005 1169 1047 ex·

159 1075 263 1152 posita.
290 1073 430 1134 hordeum
444 1071 521 1133 lodis
532 1074 653 1133 sativum
665 1081 695 1131 et
709 1073 856 1148 silvestre,
873 1090 912 1132 ex
927 1090 984 1151 quo
995 1073 1080 1151 panis
1094 1070 1168 1150 apud

161 1176 213 1218 eos
229 1159 404 1237 praecipuus
421 1167 451 1217 et
466 1157 551 1218 alica.
582 1154 716 1216 Maxume
732 1155 846 1236 quidam
862 1172 950 1232 oryza
964 1157 1114 1234 gaudent,
1135 1173 1169 1216 ex
1176 1177 1193 1218 u

161 1260 216 1320 qua
234 1245 353 1302 tisanam
368 1241 524 1301 conficiunt
536 1259 620 1320 qnam
632 1241 736 1318 reliqui
747 1241 886 1300 mortales
899 1259 937 1301 en
947 1241 1072 1302 hordeo.
1103 1257 1166 1315 ory-

164 1343 216 1385 nae
234 1326 304 1386 lolia
323 1342 455 1402 carnosa,
473 1342 561 1404 porro
574 1325 676 1385 similia
687 1325 742 1385 sed
755 1325 869 1400 latiora,
886 1325 1008 1387 altitudo
1020 1325 1165 1399 cubitalis,

158 1410 213 1470 llos
228 1428 402 1489 purpureus,
419 1409 503 1470 radix
516 1427 669 1488 gemmeae
684 1409 876 1469 rotunditatis.

115 1500 150 1558 ta
219 1496 303 1574 (14.)
325 1494 560 1574 Antiquissimum
579 1495 607 1553 in
632 1493 703 1554 cibis
728 1492 883 1570 hordeum,
908 1494 983 1554 sicut
1007 1494 1164 1555 Athenien·

157 1580 293 1639 siumritu
304 1576 464 1639 Menandro
476 1589 596 1640 anctore
611 1578 734 1657 adparet
745 1587 774 1638 et
786 1578 978 1655 gladiatomm
992 1579 1164 1656 cognomine
1174 1603 1193 1646 u

158 1665 205 1742 qui
220 1663 367 1723 hordearii
383 1664 573 1725 vocabantur.
603 1662 750 1742 polentam
771 1678 886 1741 quoque
908 1661 1014 1724 Graeci
1035 1680 1096 1722 non
1117 1661 1164 1722 ali·

160 1749 236 1809 unde
253 1748 432 1826 praeierunt.
463 1747 593 1826 pluribus
612 1747 644 1807 lit
663 1747 738 1807 haec
757 1747 860 1824 quis.
891 1744 998 1806 Graeci
1018 1746 1165 1826 perfusum

158 1849 232 1911 aqna
248 1831 388 1893 hordeum
404 1833 515 1892 siccant
531 1841 618 1892 nocte
632 1849 687 1891 una
700 1850 736 1891 ac
753 1839 874 1910 postero
887 1830 933 1890 die
948 1831 1077 1909 frigunt,
1102 1829 1164 1890 dein

115 1921 149 1977 ta
157 1916 243 1976 molis
258 1916 401 1992 frangunt.
430 1924 495 1975 sunt
517 1917 564 1996 qui
584 1915 785 1976 vehementius
808 1923 914 1976 tostum
936 1933 1037 1976 rursus
1062 1915 1162 1990 exigua

157 2017 231 2078 aqua
247 1999 424 2078 adspergant
440 2009 470 2060 et
483 2001 595 2060 siccent
611 2001 691 2078 prius
707 2016 792 2079 quam
809 1999 926 2060 molant.
965 1999 1013 2060 alii
1036 2015 1109 2059 vero
1122 1997 1191 2064 viu

156 2082 285 2142 rentibus
302 2084 391 2161 spicis
409 2084 564 2144 decussum
580 2083 721 2146 hordeum
736 2101 842 2143 recens
865 2092 989 2162 purgant
1010 2082 1160 2145 madidum·

157 2185 213 2245 que
228 2167 255 2226 iu
270 2167 329 2246 pila
344 2168 465 2230 tundunt
478 2177 565 2248 atque
581 2170 609 2228 in
625 2167 764 2228 corbibus
779 2167 877 2228 eluunt
893 2186 928 2228 ao
942 2169 1085 2228 siccatum
1100 2165 1160 2226 sole

156 2269 256 2310 rursus
269 2251 389 2311 tundunt
399 2261 429 2312 et
440 2261 592 2330 purgatum
603 2251 722 2312 molunt.
754 2268 936 2331 quocumque
944 2260 1042 2312 autem
1052 2267 1159 2330 genere

154 2344 330 2414 praeparato
346 2337 457 2396 vicenis
473 2335 576 2396 hordei
591 2336 672 2396 libris
687 2346 786 2397 ternas
802 2338 920 2396 seminis
934 2337 984 2397 liui
1000 2345 1030 2396 et
1053 2337 1158 2396 corian-

156 2418 199 2479 dri
210 2418 347 2479 selibram
359 2419 486 2499 salisque
501 2419 683 2481 acetabulum
700 2429 846 2480 torrentes
858 2430 924 2480 ante
937 2421 1031 2481 omnia
1043 2422 1188 2482 miscentes

113 2504 183 2564 isin
198 2503 284 2566 mola.
318 2505 366 2583 qui
381 2503 486 2564 diutins
501 2504 603 2564 volunt
620 2523 741 2565 servare
757 2523 821 2564 cum
837 2504 947 2584 polline
958 2523 994 2566 ac
1005 2503 1158 2565 furfuribus

153 2588 213 2647 suis
230 2588 357 2648 condunt
370 2589 454 2647 novis
470 2587 615 2648 fictilibus.
647 2589 729 2650 ltalia
745 2590 806 2648 sine
823 2589 992 2667 perfusione
1014 2597 1120 2649 tostum
1132 2588 1157 2646 in

154 2670 289 2731 subtilem
306 2672 427 2732 farinam
442 2673 532 2747 molit,
545 2674 646 2733 iisdem
663 2673 767 2734 additis
783 2682 870 2754 atque
885 2675 969 2734 etiam
988 2673 1080 2734 milio.
1112 2688 1156 2750 pa·

153 2773 220 2814 nem
236 2773 274 2814 ex
289 2756 402 2816 hordeo
416 2758 539 2834 antiquis
553 2759 685 2817 usitatum
699 2758 756 2817 uita
768 2757 922 2835 damnauit,
940 2757 1155 2837 quadripedum·

155 2857 212 2919 que
227 2840 291 2900 iere
307 2840 389 2900 cibus
405 2849 466 2918 est,
489 2841 574 2921 (15.)
592 2859 655 2901 cum
673 2843 785 2910 tisanae
800 2842 866 2902 inde
883 2857 951 2903 usus
967 2841 1154 2903 validissimus
1162 2863 1189 2906 st

111 2930 145 2985 75
155 2921 420 3004 saluberrimusque
432 2934 510 2985 tanto
523 2942 615 3004 opere
628 2924 777 3003 probetur.
794 2925 1028 2987 linumlaudibus
1037 2927 1100 2986 eius
1111 2940 1154 2983 vo·

154 3007 250 3067 lumen
274 3008 379 3069 dicavit
393 3008 589 3088 Hippocrates
614 3027 631 3069 e
654 3009 822 3070 clarissimis
843 3010 1005 3071 medicinae
1031 3010 1153 3070 scientia.

153 3089 277 3152 'lisanae
289 3091 403 3153 bouitas
415 3094 572 3172 praecipua
583 3092 722 3153 Uticensi.
751 3095 779 3154 in
791 3094 928 3174 Aegypto
942 3111 1015 3155 vero
1030 3103 1076 3154 est
1088 3109 1154 3173 quae

154 3175 203 3236 liat
218 3194 256 3236 ex
270 3176 394 3252 hordeo,
412 3177 458 3236 cui
474 3187 537 3237 sunt
551 3177 610 3237 bini
625 3177 730 3255 anguli.
761 3180 789 3237 in
804 3177 922 3240 Baetica
942 3188 972 3239 et
987 3177 1090 3241 Africa
1110 3194 1152 3255 ge·

152 3255 206 3319 mis
228 3278 265 3320 ex
287 3277 344 3339 quo
366 3260 416 3321 liat
439 3260 557 3337 hordei,
578 3261 711 3338 glabrum
732 3263 861 3341 appellat
883 3262 1051 3325 'inmanius
1086 3263 1187 3328 idemus

154 3343 266 3419 olyram
281 3354 310 3404 et
326 3361 442 3420 oryzam
458 3344 578 3405 eandem
597 3363 664 3406 esse
680 3347 832 3408 existimat.
867 3346 991 3409 'lisauae
1004 3347 1151 3408 conficien-

153 3425 208 3486 dae
223 3428 341 3504 volgata
357 3427 432 3487 ratio
449 3437 503 3488 est.

111 3515 145 3570 76
213 3511 296 3590 (16.)
321 3511 413 3571 Simili
427 3513 513 3572 modo
529 3530 546 3571 e
561 3513 649 3572 tritici
664 3515 774 3574 semiue
790 3524 902 3593 tragum
924 3515 970 3593 iit,
992 3516 1020 3574 in
1038 3513 1150 3594 Campa·
