2458 3906
270 227 534 277 1111111111.
554 217 846 298 16-11.(63-11.)
1002 217 1064 280 217

9 397 10 448 l
58 383 116 444 esui
131 383 206 445 dara
221 385 394 460 decoctum,
414 399 451 443 eo
467 392 538 461 potu
555 385 664 446 urinam
677 386 771 463 ciere,
787 385 895 465 ruptis,
914 385 1063 447 convolsis

9 489 10 526 3
56 468 164 529 mederi
192 487 258 529 cum
285 469 404 548 panacis
427 467 545 544 radice,
566 469 737 549 hydropicis
760 487 824 529 cum
848 469 905 530 lico
930 480 978 530 aut
1000 489 1065 532 cum

56 553 168 632 hysopo
196 552 343 615 acetabuli
369 553 511 613 mensuris
539 552 693 614 decoctum
716 554 752 614 ad
775 563 904 631 sextam,
934 555 1002 615 item
1023 556 1064 617 ad

56 637 198 715 scabiem,
229 636 424 718 pruriginem,
458 653 562 716 psoras
593 638 622 697 in
649 638 844 699 descensione
875 637 1063 701 balinearum.

37 739 137 784 ssucrm
159 722 279 783 auribus
301 721 458 783 infunditur
479 739 543 782 cum
561 723 648 783 lacte.
679 722 806 782 tonsillis
821 739 938 803 quoque
957 733 986 784 et
1003 727 1065 784 uvis

55 807 201 885 medetur,
224 808 330 887 capitis
349 805 507 867 ulceribus.
544 825 657 868 venena
673 809 722 886 opi
738 815 768 866 et
782 807 870 887 gypsi
888 810 1044 885 exstinguit
1056 817 1108 875 179

55 891 224 968 decoctum,
249 894 273 951 si
298 909 362 952 cum
386 891 484 952 cinere
499 892 528 950 in
542 892 609 950 vino
625 890 747 952 bibatur.
780 891 876 952 alvom
889 892 1063 954 mollit'ace·

57 975 141 1036 tubuli
164 993 321 1051 mensura,
349 975 515 1054 suggillatis
541 974 682 1052 inlinitur,
711 977 779 1036 item
806 975 932 1036 dentium
957 975 1063 1053 dolori,

57 1059 156 1139 quibus
177 1069 209 1122 11
232 1059 390 1132 candorem
412 1060 498 1136 facit,
529 1079 593 1121 cum
613 1059 702 1121 melle
725 1070 755 1120 et
774 1059 860 1121 nitro.
896 1062 1064 1139 sanguinem

29 1146 159 1208 lanarium
174 1145 261 1205 sistit.
297 1144 333 1205 ad
348 1144 495 1224 parotidas
511 1144 684 1224 decoquitur
699 1163 763 1206 cum
780 1144 947 1206 hordeacea
962 1146 1063 1221 farina,

56 1228 86 1288 ad
110 1231 234 1290 arterias
259 1247 382 1309 asperas
406 1247 470 1289 cum
490 1228 570 1307 galla
592 1238 622 1290 11
642 1229 731 1290 melle
753 1231 870 1307 teritur,
897 1230 932 1291 ad
959 1230 1064 1291 lienem

57 1313 119 1374 lolia
144 1331 210 1374 cum
231 1313 321 1374 melle
346 1323 376 1373 11
397 1313 470 1374 sale.
506 1315 668 1374 crassiores
690 1314 806 1394 pituitas
829 1323 858 1374 11
877 1315 976 1392 nigras
994 1324 1108 1379 111180

57 1406 150 1459 tenuat
171 1407 289 1459 coctum
306 1416 371 1458 cum
393 1407 478 1459 aceto
501 1407 531 1458 et
553 1398 616 1458 sale
638 1407 780 1478 sumptum
798 1398 944 1479 paulatim.
980 1399 1063 1476 regio

57 1481 152 1542 norbo
170 1485 269 1544 tritum
286 1500 351 1544 cum
367 1481 435 1543 oleo
451 1483 479 1542 in
493 1483 571 1543 naris
587 1483 752 1545 infunditur.
781 1484 851 1543 lassi
866 1493 1065 1563 perunguntur

31 1585 90 1628 nex
104 1584 140 1628 eo
156 1569 197 1628 ita
212 1578 242 1628 ut
257 1585 294 1628 ne
310 1577 414 1628 venter
425 1567 589 1644 attingatur.
611 1567 791 1648 epinyctidas
808 1585 872 1627 cum
888 1567 954 1647 pice
970 1576 1062 1642 sanat,

57 1651 222 1713 furunculos
244 1653 339 1731 aperit
360 1669 425 1712 cum
440 1651 497 1711 lico
513 1659 607 1728 tosta,
628 1660 751 1713 strumas
766 1671 830 1712 cum
845 1652 914 1712 oleo
933 1661 962 1712 et
978 1661 1063 1712 aceto

58 1744 83 1795 et
96 1735 187 1798 farina
202 1736 391 1813 hordeacea,
411 1735 510 1796 lateris
524 1735 644 1796 dolores
657 1754 721 1797 oum
738 1737 794 1796 lico
808 1736 933 1811 inlitum,
950 1735 1063 1796 lluctio-

56 1839 104 1880 nes
124 1822 274 1900 sanguinis
294 1822 323 1881 in
344 1819 520 1900 genitalibus
543 1828 656 1880 tunsum
675 1838 713 1881 ex
735 1829 820 1881 aceto
844 1820 969 1897 inlitum,
993 1821 1064 1882 reli-

58 1905 134 1984 quias
150 1907 355 1984 purgationum
370 1923 387 1967 a
403 1914 498 1984 partu.

30 2010 52 2051 ro
88 2001 95 2009 ’
115 1991 198 2070 (70.)
220 1991 374 2070 Lepidium
389 1990 464 2050 inter
478 1989 591 2050 urentia
607 1988 795 2067 intellegitur.
819 1990 863 2050 sic
879 1988 1105 2055 111111111181

10 2087 11 2130 1
59 2083 146 2134 cutem
160 2073 296 2137 emendat
312 2074 529 2150 exulcerando,
546 2083 576 2134 ut
590 2083 686 2135 tamen
705 2091 774 2134 cera
791 2082 820 2133 11
833 2089 960 2135 rosaceo
975 2075 1064 2135 facile

60 2167 176 2219 sanetur.
215 2161 260 2219 sic
277 2167 306 2218 et
321 2157 420 2237 lepras
439 2167 469 2218 et
486 2175 591 2237 psoras
606 2159 683 2220 tollit
699 2175 818 2237 semper
834 2159 922 2219 facile
943 2169 972 2220 et
988 2160 1063 2220 cica-

10 2247 12 2326 1
59 2245 151 2303 tricurn
162 2243 276 2304 ulcera.
297 2242 412 2304 tradunt
425 2244 455 2302 in
466 2241 570 2304 dolore
582 2243 711 2318 dentium
723 2243 909 2321 adalligatum
925 2242 1062 2305 bracchio

59 2344 107 2405 qua
119 2328 221 2390 doleat
237 2337 413 2388 convertere
429 2327 572 2389 dolorem.

11 2417 12 2448 ³
30 2433 51 2473 1
116 2412 203 2493 (71.)
228 2411 276 2473 (lit
291 2430 330 2472 ex
345 2412 468 2474 Graecis
482 2412 530 2473 alii
551 2411 743 2488 melanthion,
763 2413 810 2472 alii
828 2410 1042 2491 melaspermon
1056 2423 1107 2477 182

11 2513 12 2518 ¹
58 2507 162 2559 vocant.
195 2506 344 2577 optumum
361 2514 445 2576 quam
461 2497 661 2559 excitatissimi
677 2497 777 2557 odoris
794 2506 823 2557 et
841 2513 926 2576 quam
941 2499 1063 2574 nigerri-

57 2598 132 2642 mum.
169 2581 306 2643 medetur
330 2583 509 2661 serpentium
530 2581 626 2662 plagis
649 2590 678 2641 et
699 2583 895 2661 scorpionum.
930 2581 1010 2641 inlini
1026 2599 1064 2640 ex

58 2675 133 2727 aceto
157 2684 193 2727 ac
217 2666 307 2727 mella
329 2667 448 2746 reperio
458 2666 646 2744 incensoque
662 2667 808 2745 serpentis
825 2664 929 2742 fugari.
958 2664 1064 2726 bibitur

58 2750 186 2812 drachma
220 2769 278 2812 una
311 2759 340 2812 11
372 2759 473 2811 111111
507 2766 640 2812 araneos.
686 2749 1107 2814 1111111111111111111111188

31 2834 168 2899 1111111111
182 2844 299 2897 tunsum
317 2838 347 2896 in
360 2835 483 2896 linteolo
502 2835 675 2912 olefactum,
700 2835 803 2913 capitis
818 2832 939 2895 dolores
954 2835 1064 2897 inlitum

60 2937 91 2979 ex
106 2929 192 2982 aceto
209 2930 240 2982 et
255 2921 382 2981 infusum
397 2918 534 2997 naribus,
558 2938 622 2980 cum
643 2921 717 2981 irino
735 2918 886 2980 oculorum
904 2920 1063 3001 epiphoras

60 3013 84 3064 11
95 3013 240 3085 tumores,
261 3004 388 3066 dentium
409 3004 530 3065 dolores
548 3013 664 3066 coctum
680 3021 744 3064 cum
760 3013 866 3081 aceto,
885 3003 986 3066 ulcera
1003 3005 1063 3065 oris

61 3090 146 3150 tritum
160 3099 210 3152 aut
223 3088 497 3166 commanducatum,
514 3090 583 3149 item
595 3089 693 3168 lepras
707 3096 737 3149 11
748 3087 904 3167 lentigines
918 3108 956 3150 ex
965 3097 1062 3165 aceto,

59 3171 238 3236 difficultates
257 3173 387 3254 spirandi
403 3173 501 3234 addito
517 3174 593 3234 nitro
608 3182 723 3253 potum,
740 3172 858 3235 duritias
874 3183 1063 3253 tumoresque

31 3267 167 3319 acceleres
186 3268 217 3320 et
237 3257 462 3338 suppurationes
478 3258 597 3318 inlitum.
625 3258 701 3319 lacte
723 3259 872 3319 mulierum
889 3267 976 3336 auget
993 3275 1062 3318 con·
1081 3266 1083 3270 ’

59 3343 251 3405 tinuisdiebus
270 3349 422 3422 sumptum.
450 3343 598 3422 colligitur
620 3361 708 3404 sucus
729 3342 791 3404 eius
809 3351 839 3404 ut
860 3342 1041 3420 hyoscyami,
1054 3350 1105 3406 181

60 3426 241 3510 similiterque
259 3428 372 3506 largior
386 3432 529 3488 vencnum
548 3436 607 3503 est,
624 3427 702 3506 quod
714 3428 865 3505 miremur,
885 3446 948 3488 cum
963 3444 1063 3486 semen

60 3514 214 3587 meursius
231 3513 316 3594 panis
329 3512 416 3573 etiam
428 3511 555 3573 condiat.
577 3513 681 3573 oculos
694 3530 810 3591 quoque
823 3522 939 3591 purgat,
954 3511 1061 3571 urinam
