2396 3900
234 197 669 252 uar.rrrsu.xvu1.1e-19.
690 185 839 272 (lu—tu.)
975 188 1034 251 123

49 362 142 414 versat.
176 353 285 414 Semen
300 354 430 432 protinus
445 356 564 416 iniciunt
578 358 724 435 cratisque
745 357 875 418 dentatas
889 365 1034 436 supertra·

49 437 115 496 lunt.
142 455 198 498 uec
215 437 348 498 sarienda
362 449 428 500 suut
448 439 506 500 hoc
525 441 613 502 modo
636 449 719 517 sata,
742 441 796 502 sed
818 440 939 520 protelis
962 440 1034 502 binis

50 522 182 600 ternisque
200 523 243 582 sic
258 532 347 582 arant.
377 540 434 583 uno
450 523 537 584 boum
552 526 620 602 iugo
637 527 752 586 censeri
772 542 846 585 anno
868 525 963 585 facilis
978 525 1035 585 soli

50 606 219 684 quadragena
235 609 355 683 iugera,
376 607 501 669 difficilis
520 611 630 671 tricena
646 610 750 670 iustum
767 619 820 669 est.
868 649 884 678 ,

33 705 43 746 ι
99 690 145 751 19.
164 690 250 770 (49.)
276 691 317 770 {ll
336 689 369 750 ln
385 691 491 752 arando
512 710 692 772 magnopere
707 693 880 754 servandum
899 701 945 753 cst
961 689 1078 758 (la-174

49 776 110 834 toris
127 775 294 836 oraculum:
318 775 402 853 quid
427 786 484 837 cst
508 776 602 838 bene
626 795 749 855 agrum
766 774 919 838 colere‘l
941 775 1034 836 bene

49 877 146 918 arare.
166 859 254 936 quid
271 857 490 920 secundum?
514 879 631 922 arare.
654 862 739 940 quid
756 857 925 922 tertium?
945 870 1035 919 ster·

49 961 173 1003 rorare.
215 942 325 1002 sulco
352 945 456 1004 vario
481 963 524 1005 ue
549 964 647 1006 ares.
681 945 906 1024 tempestive
941 962 1034 1004 ares.

49 1025 236 1105 lepidioribus
253 1026 327 1086 locis
345 1045 362 1088 a
382 1027 481 1089 bruma
501 1029 650 1108 proscindi
665 1047 736 1102 arva
749 1038 883 1108 oportet,
906 1029 1035 1106 frigidio-

19 1111 110 1177 ‚rrribus
125 1111 161 1172 ab
176 1111 367 1192 aequinoctio
383 1130 489 1188 veruo,
513 1123 541 1173 et
561 1115 698 1174 maturius
718 1115 798 1176 sicca
812 1115 935 1191 regione
952 1129 1036 1190 quam

48 1196 132 1256 uuida.
161 1196 410 1278 maturriusdeusa
430 1206 508 1257 terra
525 1215 609 1276 quam
622 1197 734 1274 soluta,
758 1197 858 1277 pingui
877 1215 961 1276 quam
976 1214 1034 1256 ma·

47 1297 92 1340 err.
119 1279 283 1342 ubisiccae
297 1290 447 1358 etgraves
462 1291 607 1359 aestates,
628 1291 707 1343 terra
723 1292 838 1342 cretosa
859 1292 906 1342 aut
920 1282 1077 1360 grani-175

48 1365 87 1440 lis,
104 1365 203 1425 utilius
223 1366 301 1424 inter
321 1365 474 1425 solstitium
495 1375 524 1425 ct
546 1368 672 1426 autumni
691 1367 904 1446 aequinoctium
928 1373 1034 1440 aratur,

47 1447 83 1508 rbi
99 1449 181 1509 leves
204 1457 323 1524 aestus,
352 1449 523 1529 frequentes
548 1451 667 1530 imbres,
688 1452 796 1530 pingue
819 1449 1034 1528 herbosumque

17 1532 137 1610 crolum,
159 1533 200 1594 ibi
222 1533 327 1594 mediis
354 1533 510 1606 caloribus.
554 1534 641 1594 altrum
665 1535 693 1594 et
720 1553 811 1612 grave
832 1534 927 1594 solum
949 1534 1035 1593 etiam

46 1616 122 1677 bieme
139 1619 256 1678 moveri
274 1617 390 1696 placet,
415 1627 501 1678 tenue
519 1618 605 1680 valde
624 1627 653 1679 et
668 1619 777 1679 aridum
793 1619 880 1697 paulo
902 1626 968 1677 ante
989 1634 1034 1675 sa·

46 1703 144 1762 tionem.
180 1703 223 1782 [ι]
242 1703 315 1762 Sunt
328 1711 358 1762 et
372 1702 420 1763 bic
434 1721 505 1764 susc
522 1703 621 1780 leges:
644 1702 807 1763 lutosam
822 1712 957 1762 terram
971 1718 1014 1758 ne
1027 1705 1078 1762 176

46 1789 183 1865 tangito.
218 1787 254 1846 vi
270 1788 364 1847 omui
380 1795 501 1864 arato,
523 1790 624 1866 prius
642 1805 744 1866 quam
766 1805 849 1847 ares
868 1785 1033 1865 proscin-

46 1869 118 1930 dito.
148 1871 215 1932 lloc
230 1867 383 1930 utilitatem
396 1869 495 1946 babet,
511 1872 588 1949 quod
604 1873 720 1930 inverso
737 1872 867 1948 caespite
882 1867 1035 1930 herbarum

20 1955 141 2016 ¹eradices
157 1963 311 2016 necantur.
335 1955 457 2034 quidam
478 1957 578 2033 utique
593 1955 630 2015 ab
651 1956 835 2034 aequinoctio
860 1971 951 2014 verno
967 1968 1033 2031 pro-

46 2040 120 2100 scindi
134 2041 249 2100 volunt.
279 2039 357 2116 quod
372 2056 443 2098 vere
467 2038 560 2099 semel
581 2047 690 2099 aratum
706 2049 751 2098 est
765 2058 782 2098 a
797 2040 936 2118 temporis
951 2054 1034 2115 argu·

45 2133 125 2184 nemo
141 2133 313 2184 vervactum
329 2131 460 2183 vocatur.
491 2123 549 2184 hoc
559 2125 591 2182 in
606 2123 704 2184 novali
718 2141 814 2202 aeque
826 2123 1033 2184 necessarium.

45 2208 133 2269 rurale
148 2205 286 2288 estquod
297 2207 414 2267 alternis
429 2208 510 2268 aunis
525 2209 642 2270 seritur.
669 2206 811 2268 Aratmos
825 2206 919 2268 boves
932 2223 1015 2285 quam
1030 2211 1076 2267 177

45 2293 171 2354 artissime
187 2293 268 2370 iungi
292 2300 425 2370 oportet,
448 2300 480 2352 ut
501 2292 643 2370 capitibus
662 2292 782 2352 sublatis
803 2301 894 2351 arent.
922 2293 964 2350 sic
984 2291 1034 2348 mi·

14 2391 115 2436 aromo
131 2377 210 2440 colla
228 2375 413 2438 contundunt.
443 2377 468 2436 si
492 2377 567 2436 iuter
589 2375 712 2436 arbores
727 2377 851 2453 vitisque
868 2382 981 2449 aretur,
1003 2372 1034 2431 li·

45 2461 130 2522 ocellis
142 2462 353 2542 capistrari,ne
368 2461 529 2539 germinum
543 2469 643 2520 tenera
659 2467 861 2538 praecerpant.
881 2456 1036 2518 sericulam

44 2545 141 2606 iustira
157 2545 291 2625 pendere
310 2563 366 2624 qua
382 2544 590 2616 intercidantur
607 2544 732 2604 radices.
757 2542 814 2604 hoe
833 2542 936 2602 melius
951 2555 1036 2619 quam

45 2631 158 2692 convelli
185 2639 285 2692 aratro
305 2629 459 2706 bovesque
482 2628 595 2689 luctari.
626 2629 656 2687 in
674 2627 782 2689 arando
791 2643 912 2686 uersum
933 2623 1036 2702 peragi

46 2731 89 2774 ree
103 2718 228 2792 strigare
246 2716 275 2773 iu
287 2722 353 2774 actu
367 2714 496 2793 spiritus.
519 2712 626 2772 lustum
642 2721 687 2772 est
701 2711 850 2791 proscindi
865 2709 948 2770 sulco
964 2708 1014 2767 do·
1029 2715 1078 2771 178

5 2796 152 2936 qudrautali
166 2803 301 2878 iugerum
318 2793 459 2872 unodie,
481 2795 581 2858 iterari
599 2797 848 2876 sesquiiuqerum‚
873 2795 898 2853 si
914 2794 951 2853 sit
965 2790 1035 2852 laci·

5 2937 7 2972 r
46 2881 99 2942 litos
113 2885 180 2960 soli,
193 2885 219 2946 si
235 2881 499 2961 miuus‚·proscindi
511 2882 675 2956 semissem,
688 2880 787 2940 iterari
801 2897 907 2954 assem,
920 2877 1035 2958 quando

5 2977 7 3032 l
47 2974 70 3024 et
80 2967 238 3030 animalium
254 2966 348 3027 labori
362 2975 463 3026 natura
479 2965 564 3042 leges
579 2965 686 3025 statuit.
722 2962 812 3024 Omne
831 2980 931 3024 arvom
945 2961 1035 3022 rectis

46 3049 138 3129 sulcis,
162 3071 232 3114 mox
255 3059 286 3111 et
306 3049 434 3128 obliquis
454 3048 550 3127 subigi
565 3046 663 3109 debet.
704 3050 733 3108 in
755 3047 881 3109 collibus
903 3057 1035 3108 traverso

47 3140 139 3196 urtam
152 3145 253 3198 monte
272 3143 382 3212 aratur,
406 3133 461 3194 sed
482 3133 568 3193 modo
586 3134 615 3192 in
635 3134 787 3213 superiora
807 3133 894 3194 modo
915 3133 943 3190 in
963 3129 1035 3189 inle-

18 3217 111 3284 uriom
134 3227 280 3282 rostrante
305 3236 444 3295 vomere,
476 3227 643 3296 tantumque
669 3225 714 3277 cst
740 3217 849 3278 laboris
874 3215 980 3277 bomini
1007 3219 1037 3271 ut

47 3303 119 3364 ctiam
135 3304 223 3366 boum
235 3305 306 3365 rice
321 3305 465 3382 iungatur.
499 3311 580 3362 certe
601 3305 664 3362 sine
678 3301 736 3362 boc
752 3301 865 3362 animali
883 3306 1036 3360 montanae

46 3396 137 3460 flentcs
155 3389 279 3450 sarculis
303 3397 393 3450 mant.
428 3386 536 3448 Arator
557 3386 611 3446 nisi
630 3387 767 3447 incurvos
787 3382 1014 3464 praevaricatur.
1028 3386 1079 3442 179

47 3467 103 3532 iude
114 3474 281 3537 translatum
302 3473 360 3534 boc
381 3473 489 3534 crimen
504 3471 535 3530 in
554 3471 647 3532 lorum
662 3470 701 3531 ibi
717 3470 814 3547 utique
836 3475 973 3528 caveatur
987 3462 1036 3524 ubi
