2458 3906
243 253 325 301 usn.
341 253 433 302 rursu.
449 253 549 302 xv111.
566 250 688 306 as-aa.
706 242 860 321 (ott-oo.)
995 246 1052 306 141

62 407 221 468 mentionem
237 425 290 468 suo
307 409 377 470 loeo
395 408 527 470 fecimus.
557 410 622 488 ipse
640 410 768 471 circulus
792 410 884 472 lentur
899 430 952 491 per
973 391 1103 490 sagit-at·¹
1200 415 1202 420 ’

62 493 148 552 tarium
171 501 260 571 atquc
282 495 434 572 geminos,
453 493 526 554 solis
550 501 652 553 contro
668 492 714 554 bis
740 496 983 574 aequinoctialem
1000 497 1054 556 cir·

61 576 140 636 culum
154 594 263 638 secans
278 579 486 638 commissuras
504 593 604 637 eorum
619 579 768 656 optinente
783 577 850 640 bino
864 580 960 660 aquila
976 580 1056 641 illinc

61 660 185 721 canicula.
217 661 286 722 ideo
303 662 432 723 effectus
450 663 601 740 utriusque
617 661 653 722 ad
669 663 761 721 omnis
780 662 936 741 irugiieras
952 665 1099 743 perti-aaa

44 755 115 805 tnent
127 755 231 822 terras,
251 747 387 824 quoniam
401 747 430 806 in
444 745 489 806 bis
507 754 615 805 tautum
630 745 705 806 locis
721 745 793 807 solis
809 756 965 826 terraeque
984 766 1051 809 con·

22 859 24 866 v
59 839 94 889 tra
112 839 283 908 congruunt.
314 831 402 908 igitur
424 831 527 891 horum
548 829 675 890 siderum
694 829 798 891 diebus
818 832 843 890 si
865 849 953 910 purus
969 843 1056 912 atque

22 985 23 992 ἵ
60 914 119 974 uitis
131 932 181 975 aer
192 914 353 993 genitalem
367 913 447 975 illum
465 915 656 993 lacteumque
671 931 770 974 sucum
781 917 937 977 transmisit
952 918 981 977 in
998 926 1056 977 ter-

60 1017 105 1074 ras,
125 999 201 1060 laeta
218 999 392 1060 adulescunt
417 1008 489 1060 sata.
522 999 547 1058 si
572 998 639 1059 luna
663 1015 720 1078 qua
741 998 847 1060 dietum
876 1010 921 1061 est
941 1001 1099 1062 rationem

61 1084 189 1144 roscidum
217 1083 311 1162 frigus
337 1083 499 1162 adspersit,
523 1081 648 1144 admixta
676 1083 836 1146 amaritudo
865 1094 896 1145 ut
918 1087 946 1146 in
979 1085 1056 1147 lacte
1085 1094 1089 1102 '

35 1170 230 1248 apnerperinm
246 1175 343 1229 necat.
373 1167 477 1228 modus
492 1168 521 1226 in
541 1167 628 1227 terris
646 1167 730 1229 buius
750 1169 870 1230 iniuriae
886 1187 971 1248 quem
993 1170 1035 1230 fc·
1046 1178 1099 1233 283

60 1254 90 1313 cit
101 1253 126 1312 in
140 1271 327 1332 quacumque
345 1253 531 1312 convexitate
550 1253 704 1312 comitatus
722 1253 871 1334 utriusque
887 1271 1004 1328 causae,
1027 1262 1056 1313 et

60 1337 112 1397 ileo
126 1355 181 1398 non
196 1340 312 1417 pariter
332 1338 361 1396 in
380 1345 442 1396 toto
458 1335 531 1396 orbe
547 1336 683 1412 sentitur,
707 1346 738 1397 ut
755 1354 810 1398 nee
828 1337 900 1398 dies.
931 1339 1056 1416 aquilam

60 1421 162 1482 onnus
184 1424 215 1482 in
239 1420 323 1482 ltalia
339 1422 454 1481 'exoriri
475 1439 502 1482 a.
524 1420 552 1481 d.
579 1433 655 1480 xm.
675 1420 735 1483 bal.
751 1421 915 1498 lanuarias,
946 1441 1001 1484 neo
1020 1439 1098 1486 suros

60 1508 149 1585 patitur
165 1508 244 1568 ratio
263 1514 383 1568 naturae
406 1505 560 1586 quicquam
582 1506 610 1564 iu
634 1506 704 1566 satis
723 1514 790 1567 ante
811 1523 877 1566 eum
897 1506 973 1567 diens
991 1508 1056 1586 spei

36 1601 115 1650 berse
138 1600 253 1652 certae.
288 1591 312 1650 si
338 1606 410 1650 vero
436 1589 620 1650 interlunium
646 1590 770 1665 incidat,
801 1591 892 1650 omnis
917 1590 1056 1652 hibernos

59 1674 153 1736 lructns
164 1685 196 1737 et
212 1677 370 1755 praecocia
387 1674 463 1736 laedi
477 1691 602 1734 necesse
618 1682 673 1734 est.
698 1674 739 1754 [a]
753 1674 843 1734 liudis
856 1675 909 1734 luit
923 1676 1035 1754 priseo·
1047 1683 1099 1739 284

58 1777 108 1820 run
129 1763 187 1821 rita
214 1769 304 1839 atque
330 1759 394 1820 sine
416 1759 531 1819 litteris.
563 1775 622 1818 non
644 1759 737 1818 miuus
758 1768 853 1820 tamen
875 1759 1056 1837 ingeniosam

58 1842 135 1904 luisse
151 1847 180 1905 in
196 1845 257 1907 illis
274 1843 509 1904 observationem
524 1841 678 1922 adparebit
696 1860 781 1921 quam
796 1860 872 1904 nune
887 1861 955 1904 esse
969 1844 1055 1904 ratio·

58 1946 120 1988 uem.
161 1932 219 1991 tria
247 1946 371 2007 namque
396 1936 528 2007 tempora
554 1926 697 1988 lructibus
724 1927 907 2004 metuebant,
934 1935 1057 2006 propter

35 2014 125 2090 uqnod
137 2016 325 2075 instituerunt
342 2013 431 2072 terias
447 2013 571 2091 diesque
586 2011 699 2088 festos,
722 2010 893 2089 Robigalia,
915 2011 1055 2087 Floralia,

59 2096 166 2160 Vinalia.
198 2097 357 2176 Robigalia
369 2095 459 2158 Numa
472 2097 620 2157 constituit
636 2111 710 2156 anuo
726 2098 810 2173 regni
824 2097 869 2158 sui
883 2109 943 2175 ιιι,
964 2105 1097 2175 quaetssrt

59 2199 121 2242 nnnc
134 2192 261 2262 aguntur
279 2201 305 2243 a.
322 2182 349 2242 d.
367 2193 426 2243 vn.
443 2180 502 2241 lral.
518 2179 586 2241 blai.
619 2180 753 2258 quoniam
768 2189 838 2240 tunc
852 2181 916 2241 iere
934 2189 1055 2259 segetes

59 2265 150 2345 robigo
163 2275 302 2346 occupat.
328 2264 385 2327 boo
397 2273 510 2343 tempus
522 2264 617 2325 Varro
633 2264 806 2325 determinat
822 2265 888 2326 sole
902 2267 976 2326 tauri
992 2283 1056 2345 par·

59 2358 107 2410 tcm
120 2353 273 2414 decumam
297 2352 463 2429 optinente,
483 2349 558 2410 sicut
579 2359 647 2410 tunc
669 2347 785 2409 ferebat
799 2350 883 2410 ratio.
920 2349 973 2410 sed
987 2366 1057 2410 vera

18 2451 135 2524 ¹atcausa
152 2448 199 2498 est
214 2436 295 2517 quod
308 2444 376 2515 post
392 2434 454 2495 dies
466 2433 644 2511 undeviginti
656 2433 692 2494 ab
705 2433 891 2511 aequinoctio
902 2450 993 2494 verno
1004 2449 1057 2510 per

18 2525 20 2592 ;
57 2520 80 2580 id
94 2522 275 2599 quatriduum
293 2522 373 2582 varia
389 2519 517 2597 gentium
535 2517 742 2579 obseruatione
766 2518 795 2576 iu
811 2530 875 2577 1111.
894 2516 952 2576 kal.
967 2513 1058 2576 blaias

18 2595 20 2672 l
59 2607 128 2665 canis
146 2607 272 2682 occidit,
301 2605 379 2666 sidus
396 2613 425 2664 et
441 2621 496 2682 per
510 2620 543 2662 se
558 2602 718 2663 vehemens
736 2610 765 2661 et
781 2603 828 2661 eui
845 2597 1058 2680 praeoccidere

18 2673 20 2766 ζ
59 2691 209 2752 caniculam
226 2707 353 2752 neeesse
368 2690 416 2749 sit.
449 2689 548 2766 itaque
562 2687 650 2748 iidem
666 2685 794 2747 Floralia
817 2697 881 2746 1111.
898 2682 1101 2746 kalendasaao

60 2775 166 2836 easdem
182 2776 369 2836 instituerunt
382 2773 462 2834 urbis
478 2788 552 2834 anno
568 2783 664 2831 bxvr.
679 2788 717 2830 err
732 2769 858 2830 oraculis
873 2767 1015 2843 Sibyllae,
1029 2775 1060 2826 ut

19 2862 146 2922 somnia
172 2861 250 2922 bena
281 2859 523 2921 deflorescerent.
566 2855 643 2915 bunc
669 2854 744 2914 diem
765 2853 859 2914 Varro
887 2852 1060 2913 determinat

18 2943 20 2992 ῗ
61 2944 116 3004 sole
129 2947 203 3006 tauri
220 2954 333 3025 partem
349 2955 438 3008 xlm.
453 2941 613 3022 optinente.
631 2956 704 3017 ergo
718 2939 743 2998 si
759 2938 789 2998 in
804 2938 861 2999 hoe
877 2937 1059 3016 quatriduum

18 3035 19 3038 ’
59 3028 181 3090 inciderit
196 3028 400 3110 plenilunium,
428 3027 529 3104 iruges
549 3033 579 3085 et
601 3025 695 3085 omnia
715 3041 790 3102 quae
814 3021 959 3084 llorebunt
983 3020 1060 3082 laedi

59 3129 175 3175 necesse
192 3116 257 3176 erit.
280 3113 394 3174 Vinalia
412 3111 521 3190 priora,
542 3127 617 3189 quae
637 3115 703 3169 ante
719 3106 773 3167 hos
789 3107 852 3168 dies
868 3115 933 3167 sunt
948 3118 1036 3167 v1111.
1049 3111 1100 3168 287

19 3265 20 3268 Ἴ
60 3195 111 3258 lral.
127 3198 192 3260 llai.
217 3195 406 3278 degustandis
423 3196 496 3258 uinis
512 3196 650 3269 instituta,
666 3191 736 3253 nibil
750 3191 786 3252 ad
801 3193 914 3252 tructus
929 3191 1059 3263 attinent,

18 3277 108 3356 ssttncc
122 3303 196 3364 quae
222 3284 317 3346 adbuc
333 3282 455 3343 diximus
476 3279 595 3343 adsitis
619 3277 777 3355 oleasque,
808 3275 941 3356 quoniam
962 3289 1061 3334 earum

60 3379 212 3448 conceptus
234 3377 340 3429 exortu
363 3365 550 3444 vergiliarum
573 3364 674 3442 incipit
695 3379 721 3422 a.
738 3362 766 3422 d.
783 3375 828 3422 vr.
846 3361 910 3421 idus
925 3357 1003 3433 blei,
1029 3364 1060 3415 ut

61 3451 209 3516 docuimus.
242 3451 319 3514 aliud
333 3451 391 3512 hoc
406 3449 585 3531 quatriduum
601 3456 661 3524 est,
688 3445 766 3525 quod
788 3462 884 3524 nsque
904 3461 971 3506 rore
993 3457 1099 3502 sor-as·

60 3532 113 3596 bile
130 3539 224 3618 velim,
243 3571 286 3583 -
308 3537 402 3598 exurit
423 3535 499 3597 enim
523 3533 658 3612 frigidum
680 3530 760 3592 sidus
786 3530 892 3592 arcturi
919 3527 1061 3607 postridie
