2370 3922
48 323 51 332 .
133 273 169 335 rt
312 309 319 315 ,
484 284 792 334 c.au1n1ssotmu1

85 455 120 507 59
191 441 220 500 2.
256 439 338 519 (28.)
369 440 493 501 Acetum
511 438 653 498 scillinum
668 440 860 500 inveteratum
873 440 966 516 magis
980 439 1116 518 probatur.

86 527 155 611 ²2¹3?
176 525 298 603 prodest
312 542 401 602 super
420 525 546 602 eaquae
562 522 684 583 diximus
700 524 902 584 acescentibus
921 523 1007 600 cibis,
1021 559 1062 570 -
1072 544 1117 602 gn-

128 617 203 670 statu
226 611 301 668 enim
316 609 433 667 discutit
448 625 572 685 poenam
591 623 665 684 eanu
681 640 723 653 -
734 615 764 666 et
781 607 825 666 his
840 609 887 684 qui
901 608 989 666 ieiuni
1001 617 1118 685 vomant,

127 726 171 740 -
184 692 288 752 callum
309 694 385 752 enim
405 691 527 750 faucium
547 690 616 749 lacit
636 708 670 750 ao
685 690 842 768 stomachi,
859 723 903 738 ·-·
932 691 1052 751 odorem
1066 694 1120 751 oris

129 776 223 852 tollit,
246 777 380 852 gingivas
395 775 563 851 adstringit,
588 773 683 834 dentis
700 775 809 850 firmat,
829 774 962 834 colorem
979 775 1145 834 meliorans

128 867 265 938 praestat.
299 858 463 918 tarditatem
478 875 593 935 quoque
609 859 718 918 aurium
732 859 968 934 gargarizatione
984 866 1086 936 purgat
1097 866 1124 918 et

127 943 280 1002 transitum
304 941 417 1002 auditus
442 942 547 1019 aperit.
590 941 740 1014 oculorum
763 943 855 1001 aciem
880 941 979 1001 obiter
1004 943 1124 1017 exacuit,

128 1026 340 1102 comitialibus,
358 1025 591 1101 melancholicis,
609 1026 817 1102 vertiginosis,
833 1025 983 1085 volvarum
1001 1033 1125 1102 strangu·

129 1110 305 1185 lanionibus,
320 1111 469 1188 percussis
484 1117 533 1168 aut
547 1109 747 1186 praecipitatis
765 1117 795 1168 et
810 1109 848 1168 ob
863 1109 892 1168 id
908 1111 1050 1185 sanguiue
1065 1127 1126 1168 con·

128 1193 266 1270 globato,
282 1193 381 1252 nervis
397 1193 535 1269 infirmis,
551 1193 663 1252 renium
675 1195 756 1254 vitiis
771 1210 910 1271 perquam
925 1192 1010 1270 utile,
1028 1206 1152 1252 cavan-n

128 1277 193 1338 dum
208 1277 392 1336 exulceratis.

85 1373 120 1428 60
194 1360 276 1439 (29.)
308 1357 440 1436 Oxymeli
463 1359 590 1437 antiqui,
617 1368 648 1419 ut
671 1359 818 1420 Dieuches
841 1359 944 1435 tradit,
969 1358 1028 1418 hoc
1046 1359 1127 1418 modo

128 1443 343 1522 temperabant:
376 1443 472 1504 mellis
500 1445 589 1502 ruinas
616 1443 734 1521 decem,
763 1445 839 1504 aceti
864 1445 976 1504 veteris
1004 1441 1127 1502 heminas

98 1525 110 1550 ⁴
128 1530 272 1606 quinque,
289 1526 358 1588 salis
375 1528 475 1587 marini
491 1527 588 1605 pondo
606 1526 709 1586 libram
723 1529 927 1604 quadrantem,
952 1544 1046 1604 aquae
1063 1525 1127 1608 [ma

127 1609 223 1693 rinae]
246 1613 392 1672 sextarios
410 1613 535 1688 quinque
550 1612 661 1688 pariter
680 1611 844 1688 coquebant
862 1610 980 1670 deciens
999 1611 1149 1670 delarue-1⁵

85 1708 116 1761 61
132 1705 234 1756 scente
246 1697 369 1771 cortina,
385 1703 471 1772 atque
484 1697 524 1754 ita
534 1694 731 1754 diffundebant
745 1695 1015 1770 inveterabantque.
1041 1702 1126 1752 sustu

128 1781 163 1840 lit
178 1788 270 1840 toturn
283 1778 312 1838 id
329 1778 523 1856 Asclepiades
541 1779 749 1856 coarguitque,
766 1809 809 1824 -
823 1796 887 1837 nam
903 1779 989 1837 etiam
1004 1778 1035 1838 iu
1045 1778 1127 1837 febri-

129 1865 183 1924 bus
204 1863 350 1938 databant,
372 1893 416 1908 -
443 1862 591 1940 profuisse
615 1871 710 1922 tamen
731 1863 840 1922 latetur
860 1870 962 1921 contra
985 1861 1129 1940 serpentis

129 1965 200 2026 quas
222 1965 307 2025 sepas
330 1953 434 2005 vocant
455 1955 485 2006 et
499 1955 601 2007 eontra
617 1947 779 2006 meconium
798 1963 831 2004 ac
847 1947 959 2004 viscum
974 1953 1006 2004 et
1020 1946 1129 2022 anginis

123 2025 250 2091 'calidum
272 2031 484 2107 gargarizatum
504 2038 535 2090 et
559 2029 695 2104 auribus,
722 2031 782 2090 oris
806 2030 994 2107 gutturisque
1018 2029 1156 2088 deside-tt

126 2117 196 2189 riis,
219 2131 293 2192 quae
316 2130 390 2172 nuno
414 2115 508 2174 omnia
525 2113 659 2190 oxyalme
682 2116 872 2191 contingunt,
898 2113 991 2173 idest
1016 2113 1081 2172 sale
1104 2119 1131 2172 et

127 2206 212 2258 aceto
229 2205 368 2274 recente,
384 2197 539 2257 efficacius.

84 2293 118 2348 62
194 2282 276 2360 (30.)
307 2281 384 2340 Vino
404 2289 528 2358 cognata
548 2300 598 2342 res
623 2299 694 2360 sapa
716 2289 762 2342 est
781 2291 877 2342 musto
899 2282 1024 2342 decocto
1040 2281 1131 2340 donec

127 2368 214 2426 tertia
236 2383 303 2444 pars
327 2367 464 2444 supersit.
498 2383 537 2426 ex
557 2365 625 2426 albo
641 2365 698 2425 hoc
717 2365 829 2426 melius.
846 2384 929 2442 *usus
950 2373 1054 2426 contra
1070 2383 1130 2424 oan-

127 2449 269 2526 tharidas,
297 2449 474 2527 buprestim,
501 2451 634 2528 pinorum
654 2467 756 2509 urucas
778 2467 849 2528 quas
864 2453 1065 2528 pityocampas
1083 2456 1155 2507 von
1183 2465 1184 2468 ¹

126 2542 209 2614 cant,
245 2533 454 2609 salamandras,
482 2542 582 2593 contra
608 2532 769 2600 mordentia
794 2542 947 2593 venenata.
990 2532 1130 2592 secundas

125 2627 285 2697 partusque
299 2626 448 2677 emortuos
458 2616 545 2677 trahit
558 2635 621 2676 cum
633 2616 729 2676 bulbis
741 2626 849 2694 potum.
873 2617 1018 2676 Fabianus
1031 2623 1130 2676 auctor

126 2710 173 2762 est
190 2719 334 2762 venenum
350 2719 435 2777 csse,
453 2703 478 2760 si
496 2702 559 2778 quis
575 2702 689 2760 ieiunus
705 2700 863 2760 ahalineis
876 2701 905 2760 id
921 2699 1011 2760 bibat.
1097 2719 1099 2722 ·

84 2797 119 2852 63
194 2786 275 2864 (31.)
314 2782 505 2860 Consequens
533 2782 634 2844 horum
667 2792 714 2844 est
747 2784 816 2845 faex
838 2785 883 2844 sui
910 2784 1052 2860 cuiusque
1083 2801 1130 2861 ge-

126 2870 213 2929 neris.
244 2867 325 2945 Ergo
351 2870 411 2928 vini
432 2868 563 2928 faecibus
588 2875 665 2927 tanta
686 2870 731 2928 vis
750 2877 797 2928 est
816 2876 848 2927 ut
869 2867 1079 2928 descendentis
1102 2869 1154 2927 luat

126 2969 214 3030 cupas
230 2961 342 3012 enecet.
375 2953 605 3031 experimentum
622 2951 746 3012 demissa
761 2952 885 3030 praebet
900 2951 1022 3011 lucerna
1039 2969 1129 3029 quam·

125 3036 174 3096 diu
190 3037 393 3113 exstinguatur
408 3036 569 3114 periculum
583 3035 761 3096 denuntians.
789 3036 880 3096 inlota
891 3037 1033 3095 miscetur
1045 3035 1129 3095 medi·

125 3121 262 3180 camentis
271 3161 281 3196 ,
300 3137 363 3178 curn
378 3121 459 3179 iridis
475 3137 548 3179 vero
564 3120 625 3197 pari
640 3121 771 3197 pondere
788 3119 993 3198 eruptionibus
1010 3121 1128 3198 pituitae

123 3204 270 3281 inlinitur,
302 3211 333 3262 et
358 3205 435 3262 sicca
460 3203 509 3262 vel
532 3203 643 3262 madida
664 3211 765 3264 contra
786 3203 939 3284 phalangia
963 3211 994 3262 et
1015 3205 1128 3264 testium

123 3305 362 3364 mammarumque
377 3286 590 3346 inflammationi
605 3287 655 3346 vel
669 3289 699 3346 in
722 3305 899 3365 quacumque
915 3296 1002 3366 parte
1029 3304 1127 3365 corpo
1134 3301 1153 3344 c

122 3373 182 3449 ris,
198 3373 268 3430 item
280 3389 346 3430 cum
363 3371 519 3430 hordeacia
531 3371 622 3430 farina
635 3381 665 3430 et
681 3373 753 3432 turis
774 3371 885 3449 polline
899 3373 929 3430 in
948 3371 1019 3431 vino
1039 3379 1125 3431 cocta

81 3465 116 3518 64
126 3463 268 3513 crematur
296 3462 326 3513 et
352 3454 465 3512 siccata.
503 3456 733 3532 experimentum
753 3462 799 3516 est
822 3456 954 3532 legitime
977 3463 1081 3514 coctae
1099 3461 1126 3512 ut

123 3537 299 3614 refrigerata
316 3535 442 3614 linguam
458 3544 534 3596 tactu
546 3538 679 3598 videatur
694 3557 789 3600 urere.
819 3539 974 3601 celerrime
988 3540 1124 3600 exanima·
