2458 3906
280 265 362 314 unu.
378 265 470 314 nisu.
487 267 546 314 xx.
563 265 683 320 22-23.
703 255 858 334 (aa-96.)
1013 255 1074 318 229

83 421 213 480 cervicum
228 419 366 496 duritias,
390 419 505 480 cerebri
522 420 702 482 membranas
723 423 835 498 mitigat
851 422 942 483 farina
958 424 1075 482 seminis

81 505 144 566 uitro
157 513 204 564 aut
219 503 282 564 sale
303 512 351 564 aut
369 505 466 566 cinere
487 505 600 566 additis.
637 506 739 566 eadem
757 523 820 566 cum
836 505 892 566 lieo
914 507 1076 585 parotidem

82 589 222 666 concoquit
238 605 276 648 ac
296 597 434 666 maturat,
460 607 523 648 oum
544 590 643 650 radice
659 607 732 651 vero
749 591 912 650 cucumeris
930 590 1075 652 silvestris

82 671 190 734 extrahit
213 691 416 751 quaecumque
436 675 554 753 corpori
570 673 757 750 inhaereant,
784 676 827 734 sic
844 682 874 734 et
888 674 980 735 lracta
996 692 1073 735 ossa.

64 775 188 837 userpere
205 756 291 817 uleus
305 758 334 816 in
347 758 415 818 vino
433 756 556 820 decocta
570 757 723 838 prohibet,
751 759 919 839 eruptiones
934 759 1054 836 pituitae
1065 769 1116 824 251

82 859 133 902 cum
142 840 240 902 melle.
270 841 405 902 emendat
421 844 524 920 unguis
541 842 664 903 scabros
681 859 744 903 cum
762 843 927 922 parimodo
943 846 1073 919 nasturti,

81 928 178 987 testium
191 927 263 986 vitia
284 936 313 986 et
333 928 457 987 ramices
479 945 542 987 cum
563 928 660 987 resina
682 935 712 986 et
725 944 820 988 murra
842 935 872 986 ot
893 943 1075 1004 gangraenas

81 1028 111 1070 er
122 1028 206 1088 aqua,
230 1010 374 1072 stomachi
389 1010 509 1072 dolores
526 1028 589 1071 cum
604 1011 672 1072 leno
690 1011 805 1072 Graeco
818 1011 956 1071 sextariis
972 1014 1075 1071 utrius·

82 1113 126 1174 pre
144 1095 276 1156 decoctis
298 1095 327 1154 in
349 1112 424 1175 aqua
448 1096 556 1172 mulsa,
584 1097 801 1171 intestinorum,
829 1095 957 1155 thoracis
980 1097 1076 1175 pemi-

17 1185 19 1236 t
57 1181 147 1240 intima
160 1181 228 1240 vitia
243 1179 374 1255 clystere
390 1181 419 1239 in
436 1180 504 1240 oleo
522 1190 569 1240 aut
583 1181 682 1240 melle.

132 1263 211 1342 (93.)
240 1261 346 1324 Blitum
363 1265 441 1324 iners
456 1265 571 1326 videtur
585 1283 620 1326 ac
635 1265 697 1324 sine
714 1279 821 1341 sapore
837 1271 886 1322 aut
900 1263 1055 1324 acrimonia
1067 1275 1119 1326 252

82 1347 142 1423 ulla,
166 1347 242 1408 unde
259 1349 421 1409 convicium
433 1350 547 1409 leminis
558 1349 635 1428 apud
647 1347 831 1408 Menandrum
848 1344 956 1407 iaciunt
972 1348 1075 1407 mariti.

83 1432 215 1493 stomacho
233 1433 336 1493 inutile
351 1443 406 1494 est.
435 1443 567 1494 ventrem
583 1433 657 1494 adeo
670 1433 765 1493 turbat
781 1440 809 1491 ut
825 1430 973 1492 choleram
989 1432 1077 1492 faeiat

83 1517 177 1594 aliquis.
222 1517 328 1577 dicitur
353 1525 448 1578 tamen
476 1519 616 1578 adversus
643 1517 818 1596 scorpiones
844 1523 987 1594 potum'e
1010 1517 1076 1575 vino

59 1601 226 1679 inprudens,
259 1601 351 1662 clavis
371 1602 478 1680 pedum
499 1602 595 1677 inlini,
623 1603 691 1661 item
715 1601 840 1662 lienibus
862 1609 891 1659 et
915 1609 1077 1677 temporum

83 1684 161 1745 dolori
176 1704 214 1745 ex
230 1685 313 1746 oleo.
347 1685 543 1767 Hippocrates
560 1695 707 1746 menstrua
728 1686 791 1746 sisti
808 1701 844 1744 eo
862 1682 927 1744 cibo
945 1691 1033 1764 putat.

131 1768 176 1829 ta.
200 1767 288 1848 (ot.)
312 1767 407 1830 lleum
427 1772 457 1830 in
475 1771 557 1832 ltalia
578 1787 636 1830 non
651 1771 705 1829 nisi
726 1787 742 1830 a
765 1769 886 1828 medicis
904 1769 1009 1828 seritur
1028 1776 1057 1827 et
1067 1777 1121 1832 253

82 1853 117 1914 lis
137 1853 288 1915 admodum
309 1856 418 1932 paucis.
456 1855 512 1916 duo
535 1873 646 1932 genera
671 1855 749 1914 eius:
776 1851 902 1912 nobilius
923 1851 1077 1912 Athaman·

84 1939 154 1997 ticum
168 1947 288 2013 uocant,
304 1938 347 1999 illi
361 1947 503 2016 tamquam
519 1939 554 1999 ab
570 1938 743 1999 Athamante
757 1939 919 2013 inventum,
945 1936 974 1996 hi
989 1953 1078 2014 quon·

60 2022 364 2083 uiamlaudatissimum
388 2025 416 2081 in
434 2022 605 2084 Athamante
626 2023 804 2102 reperiatur,
831 2019 910 2080 loliis
931 2029 1017 2081 aneto
1041 2022 1078 2080 si-

83 2106 137 2166 mile
158 2114 186 2166 et
207 2106 296 2167 caule
323 2107 477 2186 aliquando
499 2106 642 2186 bipedali,
665 2106 812 2168 radicibus
835 2104 930 2165 multis
954 2104 1079 2182 obliquis

84 2191 166 2268 nigris,
184 2189 357 2269 quibusdam
372 2192 446 2270 altis,
462 2193 554 2252 minus
570 2188 662 2251 ruium
679 2208 763 2270 quam
780 2189 851 2250 illud
867 2188 999 2249 alterum.
1023 2190 1078 2249 uri-

84 2291 134 2333 nam
150 2277 207 2335 ciet
223 2276 255 2334 in
270 2292 344 2352 aqua
357 2284 456 2354 potum
475 2277 575 2336 radice
593 2276 660 2335 trita
675 2274 725 2335 vel
748 2275 882 2335 decocta.
916 2273 1079 2333 inflationes

85 2359 207 2419 stomachi
223 2359 299 2418 mire
315 2358 446 2438 discutit,
471 2361 539 2420 item
554 2361 675 2419 tormina
692 2367 721 2418 et
735 2360 854 2418 vesicae
869 2358 955 2432 vitia,
980 2357 1078 2416 volva-

60 2459 188 2522 nrnmque
204 2443 337 2504 articulis
353 2461 417 2504 cum
430 2444 535 2522 melle,
559 2442 714 2505 infantibus
731 2461 794 2503 cum
810 2443 876 2521 apio
897 2440 1006 2500 inlitum
1022 2442 1079 2500 imo

84 2529 162 2586 uentri
176 2530 274 2588 urinas
289 2535 396 2589 movet.

136 2612 216 2694 (95.)
241 2611 409 2673 Feniculum
424 2612 617 2672 nobilitavere
630 2619 785 2691 serpentes
800 2616 927 2687 gustatu,
944 2615 974 2666 ut
987 2607 1059 2667 dixi·
1071 2617 1123 2671 254

85 2711 147 2772 mus,
170 2707 320 2758 senectam
337 2697 471 2758 exuendo
487 2696 696 2775 oculorumque
715 2697 806 2755 aciem
823 2709 896 2752 suco
915 2693 978 2752 eius
994 2691 1059 2751 reti·
1073 2691 1090 2733 ⁸·
1098 2693 1122 2724 ⁹⁸

86 2779 190 2858 ciendo,
216 2782 295 2842 unde
311 2781 490 2842 intellectum
511 2780 654 2841 hominum
678 2797 796 2858 quoque
819 2777 972 2854 caliginem
996 2793 1079 2855 prae-

62 2863 157 2942 acipne
174 2882 209 2926 eo
230 2866 335 2926 levari.
367 2866 516 2943 colligitur
538 2866 585 2926 hic
607 2865 690 2925 caule
710 2870 899 2941 turgescente
916 2869 945 2920 et
967 2862 996 2920 iu
1016 2859 1080 2920 sole

87 2947 196 3010 siccatur
209 2951 433 3028 inunguiturque
449 2969 486 3010 ex
498 2949 631 3011 melle-
641 2949 748 3027 ubique
764 2948 822 3008 hoc
833 2953 878 3006 est
885 2977 935 3022 —-,
944 2943 1080 3005 laudatis·

88 3031 159 3094 simus
180 3036 208 3094 in
228 3034 326 3096 lberia
342 3033 467 3095 lacrimis
490 3034 520 3095 tu
539 3044 568 3095 et
589 3053 606 3094 e
623 3035 732 3095 semine
750 3031 872 3092 recenti.
906 3029 937 3089 lit
958 3039 987 3090 et
1003 3047 1020 3088 e
1036 3047 1080 3088 ra-

88 3114 183 3177 dicibus
198 3121 290 3197 prima
306 3120 516 3196 germinatione
532 3120 640 3179 incisis.
742 3195 744 3199 Ι

140 3201 219 3282 (ot.)
244 3204 299 3264 list
320 3205 350 3262 in
372 3202 428 3263 hoe
449 3221 560 3281 genere
588 3211 617 3262 et
643 3202 779 3262 siluestre
810 3197 887 3278 quod
911 3197 1059 3276 hippoma·
1073 3205 1124 3258 255

64 3283 199 3362 asrathum,
243 3288 291 3349 alii
319 3290 493 3363 myrsineum
522 3297 646 3364 vocant,
678 3287 756 3346 loliis
786 3280 959 3357 maioribus,
996 3288 1082 3356 gustu

90 3369 204 3446 acriore,
245 3373 419 3452 procerius,
452 3371 549 3434 baculi
576 3370 783 3444 crassitudine,
820 3366 919 3428 radice
950 3362 1080 3424 candida.

91 3455 244 3516 nascituris
261 3457 362 3519 calidis
378 3457 431 3518 sed
446 3458 571 3518 saxosis.
596 3454 718 3516 Diocles
734 3462 763 3514 et
776 3451 856 3512 aliud
870 3446 1083 3529 hippomarathi

92 3551 170 3612 genus
191 3540 321 3619 tradidit,
350 3541 439 3620 longo
467 3550 496 3602 et
523 3550 645 3618 angusto
667 3539 757 3616 lolio,
793 3536 902 3595 semine
926 3531 1081 3592 coriandri.
