2508 3924
204 242 267 304 216
546 257 576 304 c.
594 255 688 303 roms
703 251 849 302 saccum

203 417 282 488 rant,
302 411 450 486 anguinum
462 410 635 489 appellatur.
666 409 790 468 Druidae
807 399 902 466 'srbttts
919 406 948 466 id
963 405 1056 467 dicunt
1068 409 1095 468 in
1108 409 1165 471 sub·

115 557 119 563 ,
204 491 271 552 lime
286 495 385 552 iactari
400 511 529 572 sagoque
546 503 683 572 oportere
698 492 830 569 intercipi
849 509 885 549 ne
904 491 1032 550 tellurem
1051 495 1165 570 attingat.

205 577 362 654 profugere
378 587 520 654 raptorem
537 594 629 654 equo,
651 578 794 654 serpentis
815 576 886 634 enim
901 575 1010 651 insequi
1026 575 1115 635 donec
1129 595 1166 636 ar·

206 669 323 742 ceantpr
348 663 435 718 amnis
452 661 569 719 alicuius
588 661 756 718 interventu.
789 661 1012 736 experimentum
1029 660 1088 718 eins
1103 679 1168 736 esse,

162 752 197 807 53
208 743 232 800 si
245 753 342 802 contra
357 761 445 820 aquas
457 743 547 802 fluitet
561 743 606 801 vel
622 759 690 802 auro
707 744 838 802 vinctum.
868 745 962 818 atque,
978 750 1008 799 ut
1023 752 1067 801 est
1081 743 1189 819 Mago-s

205 843 265 884 rum
281 826 410 885 sollertia
426 823 762 886 occultandis'fraudibus
778 843 877 901 sagax,
894 833 972 883 certa
986 824 1051 884 luna
1068 829 1169 902 capien-

73 955 75 963 Α
144 980 146 984 Ι
207 909 270 967 dnm
289 918 420 987 censent,
438 919 577 986 tamquam
596 927 756 984 congruere
772 911 968 986 operationem
984 925 1044 966 eam
1064 927 1171 987 serpen·

203 993 270 1050 tium
286 991 395 1050 humani
417 993 453 1050 sit
473 991 580 1051 arbitri.
616 993 674 1050 vidi
690 991 820 1069 equidem
841 991 867 1050 id
890 1009 973 1050 ovum
988 991 1053 1051 mali
1070 992 1171 1051 orbicu-

204 1074 253 1134 lati
267 1074 370 1133 modici
385 1076 590 1151 magnitudine,
615 1084 708 1134 crusta
724 1076 912 1150 cartilaginis,
932 1074 1009 1133 velut
1025 1075 1174 1135 acetabulis

163 1167 197 1222 54
207 1157 403 1216 bracchiorum
422 1159 522 1238 polypi
543 1159 668 1234 crebris,
693 1161 805 1234 insigne
825 1157 948 1217 Druidis.
980 1157 1025 1216 Ad
1047 1159 1200 1218 victorioso

204 1242 355 1300 litiumac
375 1261 474 1318 regum
500 1243 590 1302 aditus
618 1245 686 1301 mire
714 1241 858 1317 landatur,
884 1249 977 1300 tantae
998 1244 1125 1302 vanitatis
1149 1249 1175 1299 nt

204 1324 354 1383 habentem
369 1324 397 1383 id
419 1327 446 1384 in
462 1327 511 1385 lite
527 1327 554 1384 in
577 1327 636 1384 sinu
658 1327 780 1402 equitem
794 1327 950 1384 Romanum
968 1343 984 1382 e
1002 1326 1176 1385 Vocontiisa

204 1407 269 1466 divo
279 1407 398 1467 Claudio
412 1411 540 1488 principe
553 1411 750 1488 interemptum
763 1427 818 1467 non
828 1409 864 1466 ob
878 1407 952 1466 aliud
964 1409 1062 1467 sciam.
1084 1409 1128 1468 hic
1139 1417 1174 1466 ta-

204 1509 268 1548 men
286 1492 444 1569 conplexus
460 1495 636 1568 anguiumet
656 1493 792 1568 frugifera
814 1508 911 1550 eorum
927 1492 1082 1552 concordia
1099 1507 1177 1550 causa

200 1574 316 1633 *videtur
335 1593 400 1634 esse
416 1593 502 1654 qnare
518 1586 634 1636 exterae
655 1586 757 1654 gentes
779 1575 932 1634 caduceum
953 1574 980 1632 in
1000 1577 1081 1650 pacis
1099 1587 1203 1648 argu-rs

203 1661 303 1716 mentis
321 1659 491 1718 circumdata
507 1660 605 1736 efligie
621 1661 749 1735 anguium
764 1660 901 1734 iecerint,
924 1675 1018 1735 neque
1040 1661 1114 1717 enim
1129 1656 1177 1716 cri·

205 1750 295 1801 statos
312 1744 421 1800 esseio
437 1743 564 1802 caduceo
579 1761 640 1802 mos
656 1751 707 1802 est.

162 1834 195 1887 55
260 1823 343 1902 (13.)
365 1825 408 1883 De
425 1839 555 1885 anserum
577 1829 639 1884 ovis
660 1839 779 1900 magnae
795 1824 923 1882 utilitatis
943 1825 1066 1902 ipsoque
1082 1837 1177 1881 ansere

204 1907 305 1966 dicturi
319 1908 375 1967 hoc
397 1911 425 1966 in
447 1908 590 1968 volumine
611 1908 748 1968 debemus
765 1907 901 1966 bonorem
918 1905 1112 1984 Commageno
1127 1905 1178 1964 cla·

202 1992 332 2050 rissimae
343 1992 395 2049 rel.
418 1992 492 2050 irtex
506 1991 589 2069 adipe
603 1995 782 2050 anserum-
794 1990 898 2067 alioqui
913 1989 1095 2049 celeberrimi
1107 1995 1207 2061 usuqtt

205 2073 257 2132 sed
274 2075 303 2131 in
320 2073 376 2133 hoo
391 2076 419 2132 io
435 2074 625 2150 Commagene
644 2075 743 2148 Syriae
760 2082 840 2150 parte
859 2091 977 2131 -cum
998 2075 1180 2144 cinnamomo,

204 2157 298 2229 casia,
327 2157 428 2234 pipere
448 2158 531 2232 albo,
557 2157 646 2216 herba
666 2154 952 2234 quae-Commagene
973 2166 1110 2231 vocatur,
1134 2152 1181 2212 olt-

203 2241 274 2298 rutis
287 2239 352 2297 nive
371 2240 457 2315 vasis,
473 2241 562 2299 odore
579 2239 711 2315 iucundo,
729 2238 903 2298 utilissimum
919 2239 954 2298 ud
969 2240 1181 2316 perfrictiones,

182 2389 185 2396 ,
205 2322 418 2401 convolsiones,
435 2341 539 2382 caecos
555 2332 601 2382 aut
615 2317 726 2392 subitos
740 2322 856 2381 dolores
869 2324 1017 2400 omniaque
1031 2341 1105 2399 quae
1120 2335 1181 2378 aco·

157 2420 161 2432 ·
205 2407 259 2483 piis
281 2414 428 2482 curantur,
452 2416 680 2483 unguentumque
697 2407 807 2492 pariter
828 2413 857 2463 et
879 2405 1114 2464 medicamentum
1131 2407 1210 2462 est.²⁵

163 2497 196 2552 56
207 2489 235 2546 lit
250 2498 278 2547 et
293 2489 321 2546 in
333 2490 415 2562 Syria
430 2489 485 2548 alio
501 2490 596 2565 modo,
614 2489 698 2567 adipe
714 2491 806 2549 avium
821 2496 919 2546 curato
935 2497 964 2546 ut
980 2489 1120 2561 dicemus,
1138 2485 1182 2544 ad·

205 2571 268 2630 ditis
284 2575 490 2651 erysisceptro,
508 2572 713 2648 xylobalsamo,
730 2572 870 2649 phoenice
887 2571 972 2645 elate,
984 2574 1050 2630 item
1064 2570 1181 2640 calamo,

203 2655 379 2730 singulorum
391 2656 518 2733 pondere
531 2657 606 2734 quod
621 2657 657 2713 sit
671 2656 772 2734 adipis,
782 2656 848 2714 vino
861 2653 905 2712 bis
920 2663 965 2713 aut
976 2663 1021 2712 ter
1036 2653 1190 2738 subferre-¹

203 2737 318 2796 factum.
349 2739 492 2798 litantem
514 2738 623 2812 hieme,
647 2740 778 2814 quoniam
797 2746 906 2797 aestate
928 2755 984 2795 non
1006 2737 1116 2814 glaciat
1134 2732 1184 2792 nisi

204 2829 326 2898 accepta
343 2839 419 2880 cera.
444 2821 529 2881 ldulta
544 2831 696 2898 praeterea
710 2821 835 2880 remedia
851 2829 914 2880 sunt
930 2839 966 2878 ex
981 2837 1095 2895 ansere,
1113 2814 1213 2896 quodao

205 2904 292 2961 miror
312 2922 402 2982 aeque
424 2923 506 2982 quam
526 2904 701 2979 Panchaica,
721 2922 842 2982 numque
857 2922 941 2962 anser
962 2920 1130 2980 corvosque
1151 2898 1184 2958 ab

203 2995 313 3045 aestate
328 2989 356 3044 in
371 2997 529 3046 autumnum
544 2988 646 3046 morbo
662 2987 818 3047 conflictari
835 2987 974 3046 dicuntur.

163 3079 195 3133 st
256 3071 285 3128 4.
310 3069 392 3150 (14.)
414 3070 457 3130 De
474 3089 604 3130 anserum
619 3071 729 3130 honore
747 3089 829 3148 quem
846 3087 977 3128 meruere
997 3067 1147 3128 Gallorum
1160 3065 1185 3122 in

172 3171 201 3214 ιο,
212 3170 234 3204 ⁵1
250 3150 422 3229 Capitolium
437 3154 576 3212 adscensu
587 3154 767 3231 deprehenso
782 3154 909 3212 diximus.
934 3153 1031 3210 eadem
1048 3152 1087 3209 de
1103 3163 1185 3208 causa

205 3236 345 3312 supplicia
358 3254 446 3295 annua
460 3254 545 3296 canes
555 3238 679 3314 pendunt
692 3239 766 3294 inter
779 3237 877 3296 aedem
889 3236 1042 3295 Iuventatis
1062 3243 1092 3291 et
1109 3235 1185 3291 Sum·
1195 3245 1215 3284 as

203 3318 276 3374 mani
299 3320 356 3376 vivi
383 3321 411 3377 in
433 3320 513 3378 lurca
539 3321 664 3378 sabucea
693 3337 771 3379 armo
800 3321 857 3378 fixi.
894 3318 946 3378 sed
969 3319 1049 3395 plura
1071 3315 1110 3375 de
1132 3313 1187 3372 boc

162 3407 197 3460 58
207 3399 317 3458 animali
333 3402 387 3459 dici
405 3411 509 3476 cogunt
525 3405 684 3480 priscorum
700 3419 805 3462 mores.
829 3401 947 3462 Catulos
963 3399 1097 3460 lactentis
1114 3395 1188 3456 adeo

204 3497 291 3558 puros
316 3484 513 3544 existimabant
539 3485 573 3544 ad
594 3485 687 3545 cibum
709 3496 739 3545 ut
760 3489 844 3546 etiam
859 3484 1004 3566 placandis
1024 3480 1188 3542 numinibus
