2406 3914
190 235 271 284 nnn.
288 236 379 284 mrsu.
402 235 535 288 xx1.3t.
553 225 647 305 (109.)
666 260 708 271 -
721 239 810 287 xxm.
827 236 853 290 4.
872 226 931 304 (4.)
1003 227 1066 290 267

66 408 124 450 cuna
150 390 342 467 imperatoriis
372 391 495 453 dicatum
518 392 743 472 paludamentis,
767 392 943 470 transalpina
971 392 1065 454 Gallia

64 472 159 534 herbis
173 472 259 547 'lyria
281 482 367 552 atque
393 476 545 551 conchylia
564 477 667 553 tinguit
685 486 714 536 et
731 478 822 536 omnis
838 474 912 536 alios
936 477 1064 537 colores.

63 575 114 617 nec
137 559 251 636 quaerit
274 559 301 616 in
325 559 476 636 profundis
500 561 625 620 murices
652 578 745 640 seque
768 560 924 621 obiciendo
953 577 1063 636 escam,

63 641 122 702 tan
142 642 298 719 praeripit,
326 641 420 704 beluis
440 644 527 704 maris
546 645 651 704 intacta
677 645 763 704 etiam
784 644 899 704 ancoris
921 652 1065 704 scrutatur

42 725 142 801 arada,
163 735 194 784 nt
211 726 338 786 inueniat
352 745 406 806 per
420 728 497 806 qued
512 728 628 788 facilius
643 737 772 788 matrona
789 727 920 812 adultero
935 729 1064 806 placeat,

63 818 213 888 corruptor
227 810 378 871 insidietur
394 822 509 890 nuptae.
542 821 620 872 stans
636 821 665 871 et
680 815 709 871 in
724 813 806 872 sicco
823 812 987 890 carpitque
1005 811 1095 873 iro-4

61 910 121 972 pem
139 893 245 968 modo,
265 894 320 954 sed
338 895 455 974 culpant
470 895 547 956 ablui
562 914 634 972 usu,
656 896 767 975 alioqui
786 895 945 972 fulgentius
964 895 1066 954 instrui

61 987 172 1056 poterat
189 977 320 1054 luxuria,
342 989 423 1040 certe
445 981 638 1041 innocentius.
675 978 741 1040 Non
762 988 808 1040 est
829 997 903 1038 nunc
928 979 1064 1057 proposi-

60 1071 113 1122 tun
126 1062 182 1121 ista
201 1065 383 1139 consectari,
411 1081 466 1125 nec
482 1065 692 1125 committemus
710 1073 740 1124 ut
761 1061 933 1123 subiciendo
949 1061 1066 1121 olitoria

34 1145 196 1211 tcluxuriam
219 1145 330 1206 uilitate
351 1148 619 1209 circumscribamus
642 1148 745 1209 dicturi
764 1157 793 1208 et
809 1146 881 1207 alias
897 1144 996 1205 herbis
1012 1146 1065 1204 tin·

60 1231 103 1307 gui
120 1229 254 1308 lapides,
275 1231 404 1308 parietes
425 1233 514 1311 pingi.
555 1250 611 1292 nec
635 1232 783 1310 tinguendi
807 1240 903 1291 tamen
923 1230 1065 1290 rationem

61 1315 272 1390 emisissemus,
300 1315 323 1372 si
343 1331 476 1394 umquam
494 1334 528 1376 ea
545 1316 706 1377 liberalium
723 1317 825 1376 artium
840 1314 956 1374 luisset.
992 1314 1094 1374 inte-5

60 1398 106 1456 rim
129 1397 235 1458 lortius
258 1407 377 1476 agetur,
400 1402 615 1478 auctoritasque
642 1408 747 1479 quanta
778 1397 867 1460 debet
891 1399 976 1457 etiam
1003 1415 1063 1456 snr-

60 1480 98 1540 dis
113 1481 184 1560 {hoc
200 1491 248 1541 est
262 1482 452 1563 ignobilibus]
468 1484 568 1544 herbis
583 1483 794 1563 perhibebitur,
810 1482 952 1560 siquidem
963 1490 1065 1541 aucto-

34 1582 103 1626 nres
122 1567 228 1643 imperi
245 1565 367 1626 Romani
384 1569 609 1646 conditoresque
631 1569 790 1628 inmensum
805 1565 939 1644 quiddam
954 1573 984 1623 et
999 1563 1066 1622 binc

60 1666 224 1727 sumpsere,
248 1651 381 1728 qnoniam
396 1669 453 1711 non
469 1652 582 1712 aliunde
598 1652 727 1729 sagmina
742 1653 771 1710 in
786 1649 924 1710 remediis
941 1645 1066 1725 publicis

59 1732 136 1792 fuere
155 1742 186 1793 et
207 1735 237 1793 in
258 1735 351 1794 sacris
372 1735 627 1814 legationibusque
641 1735 801 1796 verbenae.
836 1741 916 1792 certe
940 1740 1064 1809 utroque

59 1819 166 1877 nomine
183 1817 263 1877 idem
285 1818 479 1896 significatur,
501 1820 559 1879 hoc
581 1828 626 1879 est
646 1837 766 1896 gramen
787 1835 826 1878 ex
840 1834 910 1876 arce
933 1832 997 1874 cum
1014 1831 1065 1873 sua

60 1908 132 1961 terra
152 1901 304 1978 evolsum,
327 1919 362 1962 ac
383 1920 501 1982 semper
520 1921 536 1964 e
553 1903 677 1981 legatis,
698 1902 813 1964 eumad
833 1900 925 1961 hostis
944 1897 1064 1974 clariga-

33 1992 170 2065 mtumque
187 1986 387 2062 mitterentur,
407 1987 436 2047 id
453 1996 499 2048 est
519 2005 567 2048 res
584 1997 682 2066 raptas
699 1987 779 2050 clare
797 1985 968 2062 repetitum,
992 1998 1064 2040 unus

61 2071 152 2150 utique
167 2069 360 2130 verbenarius
376 2070 546 2132 vocabatur.

114 2151 143 2214 3.
166 2154 233 2233 (4.)
258 2152 375 2214 (lerona
398 2155 514 2235 quidem
531 2155 610 2214 nulla
628 2154 681 2214 luit
702 2153 849 2231 graminea
870 2149 1014 2223 nobilior,
1038 2149 1094 2210 ind

60 2239 205 2297 maiestate
227 2239 339 2318 ,populi
369 2249 509 2299 terrarum
542 2240 683 2317 principis
716 2236 911 2316 praemiisque
940 2231 1065 2310 gloriae.

60 2330 219 2398 gemmatae
238 2331 268 2382 et
283 2340 406 2400 aureae,
427 2323 574 2398 vallares,
592 2321 736 2398 murales,
759 2327 921 2392 rostratae,
945 2315 1066 2390 civicae,

33 2405 247 2484 utnnmphales
263 2415 332 2485 post
356 2407 430 2467 hanc
451 2407 534 2467 luere
560 2415 683 2485 suntque
709 2413 832 2465 cunctae
853 2416 958 2477 magno
978 2398 1066 2457 inter·

59 2489 132 2549 uallo
148 2507 313 2568 magnaque
330 2490 501 2551 dillerentia.
536 2500 651 2551 ceteras
668 2491 760 2549 omnis
782 2484 904 2564 singuli,
928 2491 958 2541 et
976 2480 1095 2541 duces?

60 2573 110 2650 ipsi
129 2575 384 2652 imperatoresque
402 2573 538 2634 militibus
557 2583 605 2634 ant
624 2571 779 2651 aliquando
797 2567 931 2642 conlegis
947 2561 1067 2638 dedere,

60 2655 187 2717 decrevit
213 2659 243 2717 in
268 2658 419 2737 triumphis
445 2666 562 2716 senatus
578 2674 647 2717 cnra
668 2654 739 2715 belli
760 2652 872 2714 solutus
893 2657 922 2707 et
939 2644 1066 2725 populos

60 2741 184 2816 otiosus,
206 2743 238 2801 4.
261 2742 410 2820 graminea
427 2735 578 2819 humquam
593 2740 648 2800 nisi
664 2741 693 2798 in
706 2735 913 2814 desperatione
931 2743 1067 2806 suprema

33 2825 192 2902 acontigit,
215 2826 287 2886 nulli
312 2827 367 2886 nisi
400 2824 436 2886 ab
462 2827 599 2884 universo
634 2822 765 2882 exercitu
793 2823 910 2876 servato
937 2812 1066 2909 decreta.

61 2917 172 2969 ceteras
193 2911 388 2988 imperatores
412 2909 540 2984 dedere,
569 2908 643 2968 hanc
669 2904 762 2964 sclam
782 2900 866 2960 miles
888 2899 1068 2993 imperatori.

60 2991 157 3051 eadem
180 3002 304 3053 vocatur
327 2992 515 3054 obsidionalis
536 2990 668 3052 liberatis
691 2985 843 3048 obsidione
862 2977 1069 3042 abominando·

60 3091 113 3152 que
127 3078 208 3136 exitu
224 3077 294 3136 totis
312 3076 427 3136 castris.
461 3076 539 3155 qnod
555 3077 580 3134 si
596 3075 708 3134 civicae
729 3071 824 3130 honos
839 3081 896 3125 uno
919 3062 1017 3139 aliquo
1034 3072 1103 3128 aea

58 3159 104 3218 rel
128 3160 289 3221 humillimo
317 3161 382 3220 cive
410 3168 527 3220 servato
554 3157 726 3238 praeclarus
760 3165 904 3227 sacerque
933 3143 1074 3242 babetur,

34 3243 123 3321 cquid
144 3245 264 3306 tandem
286 3244 444 3304 existimari
459 3243 548 3304 debet
570 3242 651 3302 unius
673 3238 781 3298 virtute
804 3238 936 3291 servatus
954 3243 1075 3322 nnrqer·

2 3357 3 3378 t
61 3345 105 3386 sus
121 3325 294 3390 exercitus?
327 3327 458 3388 Dabatur
474 3327 548 3387 baec
563 3325 679 3385 viridis
695 3319 826 3397 gramine
847 3313 989 3386 decerpto
1004 3310 1079 3411 ande

2 3405 3 3452 l
60 3409 104 3469 uhi
121 3414 267 3474 obsessos
287 3419 437 3472 servasset
454 3411 568 3490 aliquis.
601 3422 728 3483 namque
753 3412 891 3460 summum
907 3390 983 3470 apud
1001 3403 1082 3454 antr-

62 3513 130 3572 quos
148 3499 261 3576 signum
276 3497 418 3557 victoriae
433 3504 496 3556 erat
511 3493 631 3555 herbam
646 3487 804 3568 porrigere
819 3481 931 3551 victos,
953 3474 1014 3533 hoe
1033 3489 1086 3540 est
