2406 3914
1 3294 3 3451 l

1 3454 3 3536 l
74 3471 218 3532 drachmis
235 3467 357 3531 duabus
390 3466 522 3528 calculos
536 3469 641 3546 rumpit
656 3468 797 3545 aquisque
814 3483 888 3545 quae
902 3465 1023 3542 gignunt
1038 3478 1092 3526 eos

305 218 386 267 unu.
402 217 495 266 nisu.
512 218 598 265 xxii.
614 215 658 267 tt.
673 206 724 283 (33
731 207 827 284 —41.')
1020 203 1077 268 281

76 386 126 429 ron
141 372 268 447 amaris,
290 371 370 431 foliis
385 371 522 451 olusatri,
539 380 568 432 et
583 371 640 432 hoo
655 372 798 434 laudatam
814 374 841 431 in
860 373 941 432 cibis.
975 374 1085 453 quippe

75 455 154 514 ctiam
171 455 320 515 conditum
335 456 555 533 prorogaturad
567 457 675 515 urinam
688 457 835 533 ciendam,
853 457 952 517 lateris
966 456 1087 516 dolores

75 538 238 615 sedandos,
268 549 368 618 rupta,
391 539 530 600 convolsa
548 539 688 615 sananda,
711 539 873 601 indictiones
888 541 1088 602 discutiendas

75 621 191 701 colique
206 631 368 698 tormenta,
385 633 485 684 contra
499 625 677 703 serpentium
689 626 872 704 omniumque
887 625 1086 686 aculeatorum

54 706 152 767 tietus.
187 709 299 787 quippe
319 707 394 768 lama
408 717 454 766 est
469 707 526 767 boc
540 707 648 786 pabulo
666 725 771 768 ceruos
786 711 927 770 resistere
942 709 1085 788 serpenti-

73 788 133 849 bus.
161 791 277 851 listulas
291 807 409 870 quoque
425 791 508 852 radix
523 793 598 851 nitro
613 790 710 855 addito
727 792 806 852 inlita
829 797 927 868 sanat,
951 792 1086 853 siccanda

74 882 166 934 autern
182 877 211 934 in
227 892 282 935 eos
296 892 365 935 usus
382 876 462 953 prius
479 883 539 950 est,
556 893 593 936 ne
609 892 681 934 suco
698 892 751 935 sno
767 877 897 952 madeat,
922 878 969 954 qui
985 885 1086 936 contra

74 959 253 1036 serpentium
268 959 341 1018 ictus
358 975 416 1017 non
431 959 501 1019 iacit
518 959 694 1020 deteriorem
709 977 781 1019 eam.

132 1041 221 1126 (38.)
242 1041 370 1102 Soandix
385 1059 502 1120 quoque
517 1043 639 1103 inolere
655 1043 782 1104 silvestri
798 1059 814 1102 a
828 1041 946 1104 Graecis
961 1045 1132 1123 penitentie

48 1133 101 1184 tent
115 1123 216 1204 0piou
238 1135 268 1186 et
288 1125 481 1187 Erasistratus
502 1127 625 1187 tradunt.
658 1129 726 1188 item
748 1126 871 1187 decocta
887 1128 982 1187 alvom
999 1129 1086 1204 sistit,

73 1211 181 1270 semine
204 1210 350 1287 singultus
379 1211 533 1270 confestim
554 1229 592 1270 ex
612 1219 697 1271 aceto
719 1209 811 1272 sedat.
842 1211 969 1271 inlinitur
990 1211 1087 1272 ambu-

73 1294 138 1368 stis,
155 1295 255 1354 omnes
272 1295 340 1353 ciet
372 1293 514 1356 decoctae
528 1313 615 1355 sucus
633 1294 755 1373 prodest
770 1296 920 1356 stomacho
928 1297 1087 1371 ,iocineri

73 1378 207 1453 renibus,
227 1379 357 1438 uesicae.
388 1377 462 1438 baec
478 1387 524 1438 est
540 1395 624 1478 quarn
640 1377 852 1457 Aristophanes
865 1379 998 1460 Euripidi
1014 1395 1086 1458 poe·

74 1467 119 1520 tae
136 1462 229 1522 obicit
245 1461 427 1522 ioculariter:
453 1471 572 1522 matrem
588 1464 701 1523 eiusne
709 1463 784 1521 olus
800 1463 914 1540 quidem
930 1463 1088 1562 legitimam

47 1545 259 1621 utvenditasse,
278 1546 330 1606 sed
350 1546 526 1606 scandicern.
556 1546 667 1606 ldadem
682 1555 744 1607 erat
758 1547 950 1621 aethriscum,
966 1548 989 1605 si
1006 1555 1086 1606 teue-
1095 1555 1129 1610 81

73 1628 149 1689 riora
163 1629 238 1689 lolia
255 1638 285 1689 et
300 1627 465 1690 odoratiora
480 1628 611 1690 baberet.
642 1629 798 1708 peculiaris
814 1630 877 1691 laus
893 1631 937 1705 ei,
954 1629 1031 1707 quod
1046 1631 1087 1691 ia-

73 1713 162 1789 tigato
175 1731 290 1773 venere
306 1714 425 1792 corpori
439 1715 582 1773 succurrit
597 1715 833 1791 marcentisque
825 1732 880 1775 ram
894 1715 977 1773 senio
993 1715 1087 1773 coitus

74 1798 192 1860 excitat.
224 1797 302 1856 sistit
317 1795 460 1875 profluvia
477 1795 543 1856 alba
559 1797 737 1857 feminarum.

133 1881 221 1960 (39.)
246 1878 285 1942 Et
303 1881 415 1940 iasione
431 1880 495 1941 olus
518 1880 654 1941 siluestre
670 1879 810 1956 babetur,
835 1880 864 1938 ln
878 1888 955 1940 terra
970 1896 1088 1958 repens,
1096 1890 1134 1945 82

45 1973 137 2025 ttcam
154 1965 235 2026 laete
250 1965 357 2039 multo,
373 1963 476 2024 dorem
491 1964 549 2024 fert
567 1964 734 2040 candidum,
754 1963 909 2025 concilium
922 1972 1038 2024 vocant.
1059 1972 1089 2024 ct

74 2046 154 2109 baias
171 2048 278 2110 eadem
300 2047 512 2108 commendatio
535 2047 571 2108 ad
596 2047 783 2108 stimulandos
806 2048 911 2108 coitus.
944 2047 1031 2108 cruda
1050 2065 1088 2106 ex

74 2141 156 2192 aceto
180 2134 210 2191 iu
235 2131 326 2207 cibis,
341 2140 371 2192 et
394 2130 563 2192 mulieribus
588 2131 671 2192 lactis
693 2130 857 2191 ubertatem
878 2140 1018 2230 praestat.
1043 2149 1088 2190 sa-

74 2214 171 2276 lutaris
191 2224 240 2275 est
255 2215 393 2294 phthisim
408 2214 608 2276 sentientibus.
642 2214 789 2276 infantium
806 2216 893 2294 capiti
908 2215 988 2276 inlita
1003 2216 1090 2274 nutrit

74 2300 211 2379 capillum
225 2300 465 2378 tenacioremque
481 2300 543 2358 eius
562 2308 657 2359 cutem
671 2298 771 2358 efficit.

45 2389 66 2432 ²⁸
136 2383 225 2462 (40.)
248 2382 338 2443 Ειιιιι
351 2392 380 2442 et
393 2383 521 2443 caucalis
537 2381 665 2443 feniculo
681 2382 792 2457 similis,
809 2382 893 2442 brevi
906 2349 1000 2456 ceule,
1017 2379 1135 2444 hore83

74 2467 215 2543 candido,
241 2466 325 2526 cordi
341 2465 429 2528 utilis.
460 2483 548 2525 sucus
573 2483 690 2544 quoque
712 2467 775 2526 eius
795 2466 918 2540 bibitur,
939 2462 1089 2522 stomacho

72 2566 213 2629 perquam
231 2549 449 2610 commendatus
471 2558 501 2609 et
523 2551 622 2610 urinae
644 2549 824 2627 calculisque
842 2557 871 2608 et
891 2547 1008 2606 baronis
1026 2545 1088 2624 pel-

72 2632 167 2695 lendis
183 2643 215 2694 ct
230 2635 352 2694 vesicae
370 2631 538 2712 pruritibus.
573 2641 710 2694 extenuat
726 2640 755 2692 et
771 2632 873 2705 lienis,
890 2629 1027 2690 iocineris
1042 2645 1088 2688 re-

72 2719 207 2796 uiamque
224 2717 353 2796 pituitas
383 2733 485 2776 semen
499 2733 615 2776 menses
630 2718 798 2777 feminarum
814 2714 929 2776 adiuuat
943 2712 1090 2791 bilemque

43 2817 87 2861 ιιι
89 2810 184 2900 'partu
197 2801 301 2862 siccat
327 2799 411 2860 datur
423 2807 452 2859 et
466 2807 566 2860 contra
579 2801 720 2879 profluvia
733 2800 884 2876 geniturae
896 2798 974 2857 viris.
1000 2793 1089 2872 Chry-

73 2886 173 2984 sippus
190 2893 222 2944 et
235 2883 492 2986 conceptionibus
500 2900 563 2944 eam
579 2893 659 2962 putat
675 2883 811 2943 conferre
827 2881 954 2941 multum.
985 2879 1091 2940 bibitur

73 2969 100 3027 in
113 2971 183 3029 vino
202 2969 318 3028 ieiunis.
350 2967 477 3026 inlinitur
500 2975 530 3026 et
550 2977 650 3027 contre
671 2983 783 3026 venena
804 2966 994 3040 marinorum,
1016 2967 1092 3023 sicut

73 3050 253 3112 Petrichus
242 3071 272 3112 ιιι
291 3051 421 3112 carmine
437 3067 490 3110 suo
506 3050 660 3150 significat

134 3134 221 3218 (41.)
242 3135 295 3196 llis
307 3135 497 3195 adnumerant
508 3142 538 3193 et
549 3135 621 3193 sium
633 3133 718 3193 latius
729 3132 812 3211 apio,
827 3133 856 3192 in
868 3149 942 3210 aqua
955 3137 1135 3204 nascendos

1 3221 208 3299 uprngurus
219 3220 409 3297 nrgrrusque
424 3219 574 3295 copiosum
586 3234 696 3277 semme
705 3233 835 3294 sapore
847 3215 976 3276 nasturtr
999 3211 1090 3310 prod

74 3315 116 3364 est
141 3303 252 3378 urinis,
280 3302 419 3376 renibus,
450 3301 574 3361 lienibus
599 3301 808 3379 mulierumque
835 3297 999 3370 mensibus,
1027 3295 1091 3354 sive

74 3389 165 3468 ipsum
180 3389 211 3446 in
230 3385 301 3446 cibo
318 3395 461 3462 sumptum
486 3385 548 3445 sive
564 3385 608 3444 ius
626 3384 742 3444 decocti
759 3385 821 3443 sive
839 3381 982 3443 semine
973 3397 1002 3439 ιιι
1024 3379 1090 3438 vino
