2458 3906
313 239 395 288 ιιι.
407 238 499 289 msa.
515 240 629 290 xvrrn.
644 239 671 292 ι.
691 225 842 312 (ιι-ιιι.)
1021 231 1076 293 171

72 391 255 470 inpolliueru
270 395 399 458 tunditur
413 395 492 457 arida
507 395 676 476 liquidoque
690 395 769 460 dulci
783 405 971 478 temperatur,
987 405 1017 458 et
1030 394 1080 458 de·

73 486 152 538 cocta
174 495 272 578 posca
294 489 343 541 aut
363 479 516 544 adservata
538 481 588 544 uei
608 491 754 553 macerata
767 482 902 582 pluribus
917 479 1026 561 modis,
1051 490 1081 542 ιι

73 571 135 622 ιιιι
153 564 247 624 mixta
269 565 387 626 defruto
408 574 455 626 aut
475 564 596 626 subacta
616 567 705 628 melio
726 568 827 628 uvisve
844 567 940 646 passis
956 574 1006 628 aut
1019 565 1080 645 pio

72 645 172 724 guibns
194 651 340 724 caryotis.
369 649 427 710 adio
448 667 549 710 rursus
564 651 657 712 modo
674 652 807 712 cotoneis
815 650 905 712 matis
918 649 967 712 uel
983 650 1123 715 sorbistttt

50 740 116 792 aaut
128 733 245 810 prunis,
261 735 418 813 aliquando
433 736 539 814 pipere
552 744 602 796 aut
615 735 712 812 thymo
726 737 836 796 variata
851 735 986 798 deiectus
996 752 1081 814 proe-

1 853 2 902 ι
73 816 151 894 cipue
173 818 323 880 stomachi
345 820 465 896 excitat,
493 819 644 880 inlustrata
665 838 796 882 muume
818 820 908 882 Iuliae
928 818 1080 897 Augustae

1 907 2 942 t
73 900 215 962 cotidiano
234 903 312 964 cibo.
337 921 549 984 supervacuum
565 905 758 981 eiussemen,
782 906 916 985 quoniam
934 903 1028 964 oculis
1042 919 1081 964 ex

2 1052 3 1055 Ἴ
71 983 163 1044 radice
186 987 303 1048 excisis
324 998 354 1048 ut
374 987 504 1050 harundo
526 991 648 1065 seritur,
670 999 701 1051 et
715 949 789 1052 ba⁹eo
804 999 899 1050 autem
914 996 944 1049 et
961 987 1037 1048 siser
1052 996 1081 1046 et

73 1069 218 1145 pastinaca
243 1080 368 1152 utroque
386 1082 537 1152 tempore,
558 1091 630 1134 vers
648 1083 678 1136 et
693 1083 845 1150 autumno,
867 1072 979 1151 magnis
994 1073 1080 1134 semi·

43 1166 130 1212 onum
144 1155 327 1233 intervallis,
343 1157 420 1220 inula
434 1175 472 1217 ue
485 1158 578 1218 nunus
594 1176 678 1237 quam
693 1169 841 1220 ternorum
852 1157 968 1237 pedum,
988 1172 1078 1234 quou-

71 1236 120 1298 iau
135 1240 275 1317 spatiose
290 1242 417 1303 fruticat.
443 1244 520 1302 siser
535 1251 631 1302 autern
644 1245 805 1304 transferre
820 1241 933 1303 melius

122 1321 206 1404 (30.)
232 1324 376 1388 Proxuma
395 1325 463 1388 bine
482 1336 529 1387 ιιι
551 1327 704 1388 bulborum
725 1337 841 1404 natura,
868 1343 942 1406 quos
957 1323 1056 1386 Gato
1047 1333 1122 1389 rodo

71 1407 162 1484 primis
179 1411 331 1471 serendos
345 1412 499 1490 praecepit
513 1411 670 1472 celebrans
683 1411 860 1491 Megaricos.
882 1427 982 1471 verum
997 1408 1077 1469 nobi·

72 1490 172 1553 lissima
190 1502 241 1554 est
256 1495 356 1572 scilla,
383 1513 555 1574 quamquam
569 1497 749 1558 medicamini
766 1505 832 1557 nata
848 1493 1077 1592 exacuendoque

43 1583 159 1635 anaceto.
190 1595 253 1638 nec
267 1579 319 1638 ulls
335 1579 493 1658 amplitudo
508 1597 614 1655 maror
631 1583 705 1642 ssent
720 1599 776 1642 nec
790 1599 835 1641 vus
852 1579 995 1658 asperior
1020 1577 1077 1637 duo

70 1678 174 1736 genera
191 1663 342 1740 medicae,
360 1664 517 1724 masculum
533 1664 608 1724 albis
622 1665 711 1744 foliis,
727 1665 833 1726 femina
850 1665 951 1742 nigris
973 1669 1002 1720 et
1019 1669 1077 1720 ιιι

70 1745 132 1804 tium
149 1763 251 1823 genus
275 1756 322 1812 est
343 1747 417 1808 cibis
430 1757 559 1825 gratum,
582 1747 754 1827 Epimenidu
768 1758 904 1824 vocatur,
929 1745 1078 1823 augustius

10 1822 135 1889 iulio
150 1848 187 1890 ac
204 1833 301 1892 minus
316 1849 434 1910 aspero.
472 1833 595 1892 Seminis
609 1833 770 1932 plurumum
785 1832 926 1893 omnibus.
950 1829 1120 1892 ceteriusoa

70 1921 158 1974 tamen
180 1918 362 1994 proveniunt
381 1926 462 1976 sutae
484 1916 579 1978 bulbis
601 1918 679 1978 circa
698 1918 790 1979 latera
804 1919 895 1992 uotis,
923 1926 952 1978 et
966 1923 998 1974 ut
1013 1931 1076 1974 cre·

40 2007 164 2074 ascani,
186 1999 263 2060 folia
279 2010 434 2080 quaesunt
450 2001 494 2061 his
510 2001 604 2078 ampla
622 2001 779 2062 debera
753 2020 832 2062 orrea
848 2001 1016 2062 obruuntur.
1037 1997 1076 2056 ita

71 2100 165 2142 sucum
185 2101 306 2144 ornnem
326 2087 355 2144 iu
372 2103 406 2146 se
421 2085 536 2146 trabunt
551 2086 656 2164 capita.
682 2095 788 2165 sponte
804 2093 960 2148 nascuntur
975 2085 1076 2163 eopio-
1120 2139 1121 2142 ,

72 2167 179 2227 sissimo
213 2170 244 2228 in
270 2167 433 2230 Baliaribus
453 2168 614 2249 Ebusoque
642 2170 744 2230 insutis
773 2188 808 2231 ac
835 2188 891 2249 por
913 2168 1076 2248 Hispanias.

71 2268 149 2311 uuum
164 2252 242 2313 de‘'
222 2272 258 2313 ns
273 2252 411 2314 volumen
425 2253 553 2314 condidit
567 2253 748 2331 Pythagoras
762 2253 971 2334 philosophus,
994 2251 1076 2312 colli·

72 2353 138 2412 gens
152 2337 287 2398 medicas
302 2339 383 2412 viris,
400 2355 472 2416 quas
488 2355 630 2416 proxumo
645 2338 799 2400 reddemus
811 2338 898 2398 libro.
925 2337 1003 2398 Reii·
1016 2331 1118 2420 ’ξιζωιι

40 2434 124 2499 ιιιιι
134 2439 251 2499 genera
264 2421 419 2482 bulborum
429 2422 565 2482 differunt
576 2422 688 2498 colore
705 2423 910 2500 magnitudine,
923 2421 1076 2494 suavitate,

73 2507 175 2585 qnippe
188 2525 256 2566 cum
269 2506 383 2586 quidam
396 2505 661 2583 crudimandanter,
673 2508 739 2568 utrn
747 2505 934 2568 Cherroneso
943 2505 1075 2564 Taurica.
1168 2577 1180 2592 .

72 2599 134 2666 post
154 2592 213 2651 hos
233 2590 380 2651 indiuisa
398 2593 457 2650 uati
477 2609 610 2652 maxume
624 2591 791 2668 laudantur,
813 2609 882 2652 ruox
897 2589 995 2667 Apuli.
1023 2605 1076 2666 ge-

72 2675 260 2756 neraiiraeci
276 2675 351 2736 haec
365 2675 482 2736 iecere:
500 2675 647 2752 bolbinen,
664 2677 806 2750 setanion,
821 2675 962 2754 opitiona,
981 2673 1075 2748 opica,

43 2759 1077 2922 2.tttttt'attttttl'ttttttitttttdtittttottii

3 2955 4 2994 ς
73 2934 136 2988 tunc
155 2928 263 2990 deiude
282 2928 400 2989 buibum
423 2931 630 3008 pinguescere.
661 2938 706 2990 est
726 2930 801 2988 iuter
824 2946 933 3007 genera
950 2938 980 2988 et
995 2927 1071 3005 quod
1084 2933 1119 2989 96

3 3029 4 3034 ’
75 3011 100 3070 iu
110 3012 249 3093 Aegypto
265 3029 337 3074 arou
350 3021 466 3090 uocant,
482 3013 584 3075 scillae
597 3030 768 3092 proxumum
782 3012 980 3092 amplitudine,
996 3010 1076 3071 foliis

3 3097 5 3182 ι
76 3093 192 3174 iapathi,
208 3097 295 3158 caule
309 3107 393 3158 recto
408 3097 494 3158 duum
509 3097 685 3174 cubitorum,
702 3097 798 3158 bacoii
813 3097 1015 3170 crassitudine,
1030 3112 1075 3154 ra·

3 3201 5 3274 ι
76 3178 134 3240 dice
160 3181 305 3244 mollioris
326 3190 464 3257 naturae,
491 3199 565 3261 quae
592 3191 672 3242 estur
693 3191 723 3242 et
749 3183 848 3244 cruda.
893 3180 1075 3242 Edodsuntur
1084 3182 1119 3242 97

3 3279 68 3320 ιι
76 3263 150 3326 bulbi
160 3276 225 3329 ante
237 3284 303 3342 rer,
320 3275 368 3327 ιιιι
380 3265 545 3327 deteriores
555 3266 637 3327 illico
649 3267 719 3327 dunt
729 3299 772 3316 -·-
782 3269 894 3343 signum
906 3263 1075 3326 maturitatis

4 3409 5 3416 ,
75 3347 142 3411 iolia
156 3352 351 3413 inarescentia
366 3350 539 3427 at·1no--,
555 3352 732 3412 vetustiores
746 3350 911 3430 inprobant,
927 3349 996 3408 item
1011 3347 1072 3406 lon·

4 3503 5 3508 ἵ
75 3450 127 3510 gos
148 3453 182 3496 sc
200 3453 327 3516 parvos,
350 3445 452 3497 contra
472 3434 638 3496 rubicundis
663 3435 938 3511 rotundioribusque
959 3432 1023 3491 laus
1047 3438 1077 3490 et

76 3520 278 3593 grandissimis.
295 3520 454 3582 amaritudo
466 3520 638 3599 plerisque
629 3537 658 3579 nn
670 3521 782 3580 vertice
795 3529 850 3594 est,
868 3515 962 3576 rn'edia
975 3531 1076 3575 eorum
