2370 3922
139 205 180 267 48
501 219 531 267 o.
549 219 644 267 curru
662 219 812 267 succum

97 390 171 432 cusu
183 382 237 433 est.
257 373 385 435 hederae
397 391 480 450 qnam
494 372 709 452 chrysocarpon
727 373 933 452 appellavimus
951 373 1032 432 bacis
1052 375 1122 432 aur'ei

139 456 248 516 coloris
278 459 382 534 viginti
404 459 434 516 in
453 457 512 514 vini
533 459 662 516 sextario
683 458 780 533 tritis,
818 459 857 516 ita
879 466 910 516 ut
930 465 1007 516 terni
1039 455 1122 532 cyathi

140 547 295 616 potentur,
313 557 413 618 aquam
428 557 502 616 quae
518 549 613 599 cutem
627 540 751 600 subierit
765 542 846 600 urina
864 541 961 601 educit
978 538 1124 598 Erasistra·

139 631 193 680 tus.
224 624 354 684 eiusdem
380 625 478 682 acinos
499 625 624 702 quinque
649 626 733 683 tritos
749 626 779 683 in
801 641 924 684 rosaceo
946 622 1017 683 oleo
1032 621 1125 682 caten

138 713 262 783 ctosque
275 709 304 766 iu
319 709 431 768 cortice
445 707 540 784 punici
555 707 707 766 instillavit
718 707 846 766 dentium
863 707 958 768 dolori
982 725 1000 764 a
1023 713 1143 764 contra-c

93 789 182 851 ucria
207 791 277 848 auri.
316 792 389 850 acini
415 792 463 867 qni
486 790 564 850 croci
590 807 688 849 sucum
710 789 818 858 hubent
838 790 1019 869 praesumpti
1034 797 1126 866 potua

136 872 255 949 crapula
273 881 352 933 tutos
368 881 534 952 praestant,
550 876 621 932 item
636 875 804 950 sanguinem
818 875 1001 934 exscreantis
1016 881 1065 931 ant
1075 881 1125 930 tor·

135 955 259 1015 minibus
288 957 455 1032 laborantis.
497 955 624 1016 hederae
655 959 756 1033 nigrae
784 957 967 1017 candidiores
1007 955 1126 1030 corymbi

135 1041 204 1115 poti¹
223 1041 333 1100 sterilis
352 1042 438 1099 etin
457 1041 537 1098 viros
560 1041 677 1098 iaciunt.
708 1039 836 1099 inlinitur
850 1040 973 1100 decocta
986 1055 1125 1117 quaecun-

136 1138 193 1198 que
217 1124 246 1180 in
263 1125 331 1182 vino
360 1125 482 1183 omnium
496 1122 623 1182 ulcerum
638 1125 757 1200 generi,
781 1125 892 1183 etiamsi
908 1121 1054 1183 cacoethe
1068 1122 1147 1183 sintn

91 1212 125 1267 79
139 1203 255 1265 lacrima
281 1205 408 1266 hederae
436 1205 590 1284 psilotrum
611 1215 675 1281 est,
703 1205 939 1284 phthiriasimque
964 1205 1053 1265 tollit.
1080 1203 1125 1262 dos

135 1289 339 1366 cuiuscumque
367 1291 487 1366 generis
515 1291 598 1348 trium
616 1289 770 1366 digitorum
783 1298 868 1368 captu
886 1289 1082 1365 dysintericos
1101 1294 1126 1346 ct

133 1369 229 1430 alvorn
255 1375 340 1431 citam
361 1371 493 1432 emendat
515 1374 544 1431 in
561 1375 629 1431 vino
647 1381 764 1433 austero
780 1372 825 1432 bis
841 1373 887 1432 die
905 1381 1004 1450 potus.
1037 1379 1067 1430 et
1079 1387 1126 1428 an·

134 1453 228 1513 bustis
243 1455 373 1515 inlinitur
390 1455 500 1516 utiliter
510 1473 574 1514 cnm
588 1473 664 1516 cera.
681 1456 834 1534 denigrant
845 1455 982 1535 capillum
993 1453 1124 1530 corprnbi.

134 1537 240 1598 radicis
257 1557 343 1598 sucus
361 1541 391 1599 iu
407 1547 492 1598 aceto
506 1546 594 1617 potus
609 1546 710 1598 contra
720 1539 873 1617 phalangia
889 1539 1024 1616 prodest.
1051 1537 1148 1596 buiusn

90 1629 128 1683 80
139 1637 258 1699 quoque
274 1622 347 1699 ligni
362 1641 434 1682 vaso
450 1621 597 1700 splenicos
612 1621 739 1682 bibentis
757 1625 851 1682 sanari
867 1617 996 1682 invenio.
1029 1628 1060 1681 et
1078 1620 1124 1679 uci-

133 1719 188 1762 nos
216 1714 337 1781 terunt,
359 1723 428 1767 rnox
454 1705 623 1766 comburunt
646 1713 677 1764 et
700 1707 738 1764 ita
760 1705 882 1764 inlinunt
905 1705 1040 1764 ambusta
1055 1705 1123 1782 prius

134 1788 252 1864 perlusa
270 1806 341 1865 aqna
362 1789 461 1848 calida.
496 1796 562 1847 sunt
578 1791 626 1864 qui
642 1797 672 1847 et
687 1789 812 1848 incidant
832 1791 892 1848 suci
916 1791 1015 1866 gratia
1038 1803 1123 1864 ecque

133 1878 249 1930 utantur
265 1871 300 1930 ad
323 1872 418 1931 dentis
435 1888 557 1947 erosos,
579 1872 731 1947 incingique
749 1872 880 1948 tradunt,
897 1873 1051 1950 proxumis
1065 1885 1124 1928 cera

133 1955 249 2012 munitis
273 1971 310 2012 ne
341 1954 499 2014 laedantur.
530 1955 657 2014 cummim
681 1955 766 2014 edam
788 1957 819 2014 in
844 1955 953 2015 hedera
980 1959 1147 2032 quaeruntur

133 2053 215 2111 quam
233 2053 271 2095 ex
284 2044 370 2096 aceto
385 2037 564 2097 utilissimam
578 2038 712 2097 dentibus
732 2040 909 2116 promittunt.

89 2128 123 2181 81
198 2119 280 2196 (48.)
308 2117 410 2178 Graeci
426 2120 522 2179 vicium
537 2119 681 2180 vocabulo
698 2120 812 2196 cisthon
829 2121 977 2200 appellant
999 2119 1122 2180 fruticem

22 2268 27 2277 Ι
134 2202 272 2260 maiorem
287 2202 401 2278 thymo,
415 2203 496 2262 loliis
511 2205 603 2264 ocirni.
634 2204 690 2263 duc
707 2205 769 2263 eius
785 2222 912 2281 genera:
930 2201 987 2262 lios
1004 2201 1121 2262 masculo

133 2301 285 2361 rosaceus‚
297 2285 426 2345 feminae
440 2286 533 2345 albus.
565 2286 648 2357 ambo
665 2295 787 2365 prosunt
801 2287 987 2362 dysintericis
1005 2294 1036 2345 et
1054 2283 1120 2344 solu·

56 2416 58 2420 ,
134 2367 262 2426 tionibus
277 2371 434 2428 ventris—in
449 2371 518 2429 vino
534 2379 652 2430 austero
668 2372 760 2430 ternis
774 2369 873 2448 digitis
898 2369 972 2429 dore
995 2376 1081 2446 capto
1096 2373 1143 2424 etc

24 2468 26 2472 ’
135 2451 270 2512 similiter
291 2452 336 2512 bis
360 2453 407 2513 die
423 2461 512 2530 poto,
528 2453 675 2513 ulceribus
697 2453 846 2513 veteribus
861 2461 892 2512 et
911 2453 1052 2512 ambustis
1066 2466 1119 2508 cnm

133 2553 201 2594 ocra
213 2545 243 2595 et
259 2554 313 2614 per
330 2556 363 2596 se
382 2538 441 2596 oris
457 2536 612 2596 ulceribus.
643 2536 696 2596 snb
714 2536 759 2595 his
782 2553 912 2596 maxume
933 2537 1063 2596 nascitur
1077 2533 1119 2606 by·

90 2638 121 2676 cc
138 2635 162 2670 o
175 2620 329 2697 pocisthis,
346 2637 429 2697 quam
443 2621 519 2678 inter
534 2619 639 2680 herbas
654 2619 789 2679 dicemus.

90 2709 126 2764 82
195 2703 277 2779 (4¹9.)
307 2701 408 2763 Cissus
426 2703 597 2778 erythranos
614 2701 650 2760 ab
666 2703 768 2762 iisdem
784 2703 946 2780 appellatur
957 2702 1059 2762 similis
1075 2699 1117 2758 hc·

134 2783 234 2860 derue,
250 2786 457 2846 coxendicibus
473 2785 550 2845 utilis
567 2805 584 2844 e
598 2788 666 2846 vino
682 2795 780 2864 pctus,
795 2787 866 2845 item
875 2785 991 2860 lumbis,
1004 2791 1079 2844 tantu
1092 2781 1139 2838 nic

28 2915 34 2918 .
134 2868 207 2925 acini
234 2875 264 2924 ut
285 2871 452 2946 sanguinem
472 2871 552 2929 urina
577 2868 716 2928 detrabat.
750 2871 820 2930 item
842 2868 1059 2928 chamaecisson
1073 2881 1115 2940 up·

134 2949 242 3027 pellant
271 2950 406 3010 hederam
427 2970 485 3012 nou
509 2953 691 3012 attollentem
713 2971 746 3012 se
771 2961 889 3012 eterra.
921 2960 951 3010 et
971 2951 1043 3010 baec
1056 2965 1114 3010 con

17 3071 21 3088 .
134 3041 216 3091 tunsa
232 3035 261 3091 in
275 3035 341 3093 vinc
361 3035 504 3095 acetabuli
523 3053 656 3095 mensura
678 3035 747 3094 lieni
770 3036 915 3110 medetur,
936 3033 1007 3094 lolia
1029 3031 1113 3092 ambu-

135 3117 187 3176 stis
202 3133 264 3174 cunu
278 3119 410 3194 axungia.
457 3119 544 3178 milax
560 3135 691 3196 quoqne,
706 3121 753 3196 qni
765 3117 962 3195 anthophoros
976 3113 1112 3194 cognomi·

134 3208 232 3274 natur,
261 3199 472 3261 similitudinem
495 3201 621 3262 hederae
634 3201 740 3276 habet,
755 3201 935 3262 tenuioribus
950 3200 1036 3260 loliis.
1070 3209 1134 3256 coa

134 3299 233 3341 ronam
251 3301 289 3341 ex
305 3300 342 3342 eo
357 3283 460 3344 iactam
475 3287 565 3362 inpari
582 3284 718 3345 foliorum
730 3301 848 3343 numero
863 3286 941 3343 aiunt
953 3285 1054 3362 capitis
1068 3280 1111 3340 dc

91 3374 127 3428 83
138 3363 248 3423 loribus
265 3365 383 3424 mederi.
413 3363 533 3436 Quidam
547 3369 603 3427 duo
620 3385 729 3443 genera
740 3366 848 3426 milacis
864 3368 981 3426 dixere:
1001 3366 1109 3426 alterum

134 3447 329 3505 inmortalitati
349 3458 523 3524 ‘proxumum
552 3453 582 3510 in
607 3449 785 3510 convallibus
812 3452 911 3528 opacis
935 3451 1107 3538 scandentem
