<?xml version="1.0" encoding="UTF-8"?>
<!DOCTYPE html PUBLIC "-//W3C//DTD XHTML 1.0 Transitional//EN"
    "http://www.w3.org/TR/xhtml1/DTD/xhtml1-transitional.dtd">
<html xmlns="http://www.w3.org/1999/xhtml" xml:lang="en" lang="en">
 <head>
  <title>
</title>
<meta http-equiv="Content-Type" content="text/html;charset=utf-8" />
  <meta name='ocr-system' content='tesseract 3.04.00' />
  <meta name='ocr-capabilities' content='ocr_page ocr_carea ocr_par ocr_line ocrx_word'/>
</head>
<body>
  <div class='ocr_page' id='page_1' title='image "./naturalishistor00plingoog/naturalishistor00plingoog_0587.png"; bbox 0 0 2396 3922; ppageno 0'>
   <div class='ocr_carea' id='block_1_1' title="bbox 246 215 1008 326">
    <p class='ocr_par' dir='ltr' id='par_1_1' title="bbox 246 215 1008 326">
     <span class='ocr_line' id='line_1_1' title="bbox 246 215 1008 326; baseline -0.007 -16"><span class='ocrx_word' id='word_1_1' title='bbox 246 262 326 310; x_wconf 83' lang='lat' dir='ltr'>nun.</span> <span class='ocrx_word' id='word_1_2' title='bbox 341 260 433 310; x_wconf 81' lang='lat' dir='ltr'>mun.</span> <span class='ocrx_word' id='word_1_3' title='bbox 448 259 574 308; x_wconf 74' lang='lat' dir='ltr'>uxum.</span> <span class='ocrx_word' id='word_1_4' title='bbox 589 255 617 310; x_wconf 82' lang='lat' dir='ltr'>a.</span> <span class='ocrx_word' id='word_1_5' title='bbox 636 248 695 326; x_wconf 80' lang='lat' dir='ltr'>(uu.</span> <span class='ocrx_word' id='word_1_6' title='bbox 710 246 771 325; x_wconf 76' lang='lat' dir='ltr'>aa.)</span> <span class='ocrx_word' id='word_1_7' title='bbox 945 215 1008 306; x_wconf 79' lang='lat'>175&#39;</span> 
     </span>
    </p>
   </div>
   <div class='ocr_carea' id='block_1_2' title="bbox 8 410 1108 1578">
    <p class='ocr_par' dir='ltr' id='par_1_2' title="bbox 8 410 1108 1578">
     <span class='ocr_line' id='line_1_2' title="bbox 36 410 1006 493; baseline -0.006 -15"><span class='ocrx_word' id='word_1_8' title='bbox 36 435 82 478; x_wconf 92' lang='lat' dir='ltr'>non</span> <span class='ocrx_word' id='word_1_9' title='bbox 95 416 156 478; x_wconf 85' lang='lat' dir='ltr'>elici</span> <span class='ocrx_word' id='word_1_10' title='bbox 172 413 243 476; x_wconf 84' lang='lat' dir='ltr'>deos</span> <span class='ocrx_word' id='word_1_11' title='bbox 260 433 316 476; x_wconf 92' lang='lat' dir='ltr'>nec</span> <span class='ocrx_word' id='word_1_12' title='bbox 333 413 492 493; x_wconf 76' lang='lat' dir='ltr'><strong>conloqui,</strong></span> <span class='ocrx_word' id='word_1_13' title='bbox 514 414 577 474; x_wconf 88' lang='lat' dir='ltr'>sive</span> <span class='ocrx_word' id='word_1_14' title='bbox 592 413 720 474; x_wconf 87' lang='lat' dir='ltr'>lucernis</span> <span class='ocrx_word' id='word_1_15' title='bbox 742 413 805 473; x_wconf 84' lang='lat' dir='ltr'>sive</span> <span class='ocrx_word' id='word_1_16' title='bbox 824 410 920 491; x_wconf 89' lang='lat' dir='ltr'>pelvi,</span> <span class='ocrx_word' id='word_1_17' title='bbox 941 413 1006 472; x_wconf 81' lang='lat' dir='ltr'>siue</span> 
     </span>
     <span class='ocr_line' id='line_1_3' title="bbox 35 496 1005 580; baseline -0.005 -20"><span class='ocrx_word' id='word_1_18' title='bbox 35 519 95 580; x_wconf 87' lang='lat' dir='ltr'>aqua</span> <span class='ocrx_word' id='word_1_19' title='bbox 110 502 168 560; x_wconf 86' lang='lat' dir='ltr'>siue</span> <span class='ocrx_word' id='word_1_20' title='bbox 190 500 264 578; x_wconf 83' lang='lat' dir='ltr'>pilo,</span> <span class='ocrx_word' id='word_1_21' title='bbox 289 500 351 559; x_wconf 89' lang='lat' dir='ltr'>sive</span> <span class='ocrx_word' id='word_1_22' title='bbox 372 515 428 576; x_wconf 92' lang='lat' dir='ltr'>quo</span> <span class='ocrx_word' id='word_1_23' title='bbox 453 497 509 557; x_wconf 91' lang='lat' dir='ltr'>alio</span> <span class='ocrx_word' id='word_1_24' title='bbox 526 515 636 573; x_wconf 78' lang='lat' dir='ltr'>genere</span> <span class='ocrx_word' id='word_1_25' title='bbox 657 504 821 573; x_wconf 77' lang='lat' dir='ltr'>temptetur.</span> <span class='ocrx_word' id='word_1_26' title='bbox 854 513 957 556; x_wconf 84' lang='lat' dir='ltr'>carnes</span> <span class='ocrx_word' id='word_1_27' title='bbox 980 496 1005 554; x_wconf 92' lang='lat' dir='ltr'>si</span> 
     </span>
     <span class='ocr_line' id='line_1_4' title="bbox 35 580 1006 660; baseline -0.002 -17"><span class='ocrx_word' id='word_1_28' title='bbox 35 585 146 660; x_wconf 77' lang='lat' dir='ltr'>edantur,</span> <span class='ocrx_word' id='word_1_29' title='bbox 164 592 264 647; x_wconf 85' lang='lat' dir='ltr'>contra</span> <span class='ocrx_word' id='word_1_30' title='bbox 275 582 369 642; x_wconf 90' lang='lat' dir='ltr'>rabidi</span> <span class='ocrx_word' id='word_1_31' title='bbox 387 580 467 640; x_wconf 88' lang='lat' dir='ltr'>canis</span> <span class='ocrx_word' id='word_1_32' title='bbox 482 598 595 640; x_wconf 88' lang='lat' dir='ltr'>morsus</span> <span class='ocrx_word' id='word_1_33' title='bbox 612 581 742 648; x_wconf 84' lang='lat' dir='ltr'>eilicacis</span> <span class='ocrx_word' id='word_1_34' title='bbox 758 598 838 655; x_wconf 84' lang='lat' dir='ltr'>esse,</span> <span class='ocrx_word' id='word_1_35' title='bbox 853 581 1006 641; x_wconf 78' lang='lat' dir='ltr'>etiamnum</span> 
     </span>
     <span class='ocr_line' id='line_1_5' title="bbox 33 663 1047 742; baseline -0.004 -16"><span class='ocrx_word' id='word_1_36' title='bbox 33 670 102 726; x_wconf 86' lang='lat' dir='ltr'>iocur</span> <span class='ocrx_word' id='word_1_37' title='bbox 115 668 270 726; x_wconf 88' lang='lat' dir='ltr'>eilicaoius.</span> <span class='ocrx_word' id='word_1_38' title='bbox 302 666 395 726; x_wconf 87' lang='lat' dir='ltr'>carnis</span> <span class='ocrx_word' id='word_1_39' title='bbox 412 665 460 724; x_wconf 87' lang='lat' dir='ltr'>vel</span> <span class='ocrx_word' id='word_1_40' title='bbox 477 681 545 723; x_wconf 88' lang='lat' dir='ltr'>ossa</span> <span class='ocrx_word' id='word_1_41' title='bbox 560 664 683 724; x_wconf 87' lang='lat' dir='ltr'>hominis</span> <span class='ocrx_word' id='word_1_42' title='bbox 698 665 811 742; x_wconf 89' lang='lat' dir='ltr'>quaein</span> <span class='ocrx_word' id='word_1_43' title='bbox 822 663 984 724; x_wconf 91' lang='lat' dir='ltr'>ventriculo</span> <span class='ocrx_word' id='word_1_44' title='bbox 996 673 1047 728; x_wconf 77' lang='lat' dir='ltr'>uua</span> 
     </span>
     <span class='ocr_line' id='line_1_6' title="bbox 18 747 1005 826; baseline -0.009 -13"><span class='ocrx_word' id='word_1_45' title='bbox 18 752 135 813; x_wconf 73' lang='lat' dir='ltr'>nunninae</span> <span class='ocrx_word' id='word_1_46' title='bbox 147 751 324 809; x_wconf 84' lang='lat' dir='ltr'>inveniantur</span> <span class='ocrx_word' id='word_1_47' title='bbox 338 748 434 808; x_wconf 89' lang='lat' dir='ltr'>suilitu</span> <span class='ocrx_word' id='word_1_48' title='bbox 447 747 628 826; x_wconf 86' lang='lat' dir='ltr'>podragricis</span> <span class='ocrx_word' id='word_1_49' title='bbox 642 747 782 806; x_wconf 84' lang='lat' dir='ltr'>auxiliari.</span> <span class='ocrx_word' id='word_1_50' title='bbox 803 748 827 806; x_wconf 91' lang='lat' dir='ltr'>si</span> <span class='ocrx_word' id='word_1_51' title='bbox 838 763 951 824; x_wconf 88' lang='lat' dir='ltr'>ungues</span> <span class='ocrx_word' id='word_1_52' title='bbox 961 747 1005 805; x_wconf 94' lang='lat' dir='ltr'>in·</span> 
     </span>
     <span class='ocr_line' id='line_1_7' title="bbox 33 831 1005 908; baseline -0.003 -17"><span class='ocrx_word' id='word_1_53' title='bbox 33 835 165 892; x_wconf 80' lang='lat' dir='ltr'>veniuntur</span> <span class='ocrx_word' id='word_1_54' title='bbox 179 834 208 892; x_wconf 94' lang='lat' dir='ltr'>in</span> <span class='ocrx_word' id='word_1_55' title='bbox 224 833 279 906; x_wconf 86' lang='lat' dir='ltr'>his,</span> <span class='ocrx_word' id='word_1_56' title='bbox 297 841 418 892; x_wconf 90' lang='lat' dir='ltr'>mortem</span> <span class='ocrx_word' id='word_1_57' title='bbox 433 833 552 891; x_wconf 89' lang='lat' dir='ltr'>alicuius</span> <span class='ocrx_word' id='word_1_58' title='bbox 568 831 739 908; x_wconf 80' lang='lat' dir='ltr'>capientium</span> <span class='ocrx_word' id='word_1_59' title='bbox 755 831 921 906; x_wconf 87' lang='lat' dir='ltr'>significari.</span> <span class='ocrx_word' id='word_1_60' title='bbox 955 847 1005 890; x_wconf 81' lang='lat' dir='ltr'>ex·</span> 
     </span>
     <span class='ocr_line' id='line_1_8' title="bbox 34 913 1005 990; baseline -0.003 -15"><span class='ocrx_word' id='word_1_61' title='bbox 34 925 160 976; x_wconf 88' lang='lat' dir='ltr'>crementa</span> <span class='ocrx_word' id='word_1_62' title='bbox 174 918 237 975; x_wconf 84' lang='lat' dir='ltr'>sive</span> <span class='ocrx_word' id='word_1_63' title='bbox 254 933 321 976; x_wconf 90' lang='lat' dir='ltr'>ossa</span> <span class='ocrx_word' id='word_1_64' title='bbox 331 915 451 990; x_wconf 89' lang='lat' dir='ltr'>reddita,</span> <span class='ocrx_word' id='word_1_65' title='bbox 470 932 533 974; x_wconf 89' lang='lat' dir='ltr'>curn</span> <span class='ocrx_word' id='word_1_66' title='bbox 548 917 743 989; x_wconf 71' lang='lat' dir='ltr'>intermutat,</span> <span class='ocrx_word' id='word_1_67' title='bbox 762 922 862 973; x_wconf 88' lang='lat' dir='ltr'>contra</span> <span class='ocrx_word' id='word_1_68' title='bbox 877 913 1005 990; x_wconf 85' lang='lat' dir='ltr'>magicas</span> 
     </span>
     <span class='ocr_line' id='line_1_9' title="bbox 33 997 1005 1078; baseline -0.004 -20"><span class='ocrx_word' id='word_1_69' title='bbox 33 999 131 1058; x_wconf 88' lang='lat' dir='ltr'>insidias</span> <span class='ocrx_word' id='word_1_70' title='bbox 151 1000 276 1078; x_wconf 87' lang='lat' dir='ltr'>pollere.</span> <span class='ocrx_word' id='word_1_71' title='bbox 305 1001 398 1058; x_wconf 89' lang='lat' dir='ltr'>limum</span> <span class='ocrx_word' id='word_1_72' title='bbox 415 997 491 1075; x_wconf 92' lang='lat' dir='ltr'>quod</span> <span class='ocrx_word' id='word_1_73' title='bbox 511 1001 539 1057; x_wconf 94' lang='lat' dir='ltr'>in</span> <span class='ocrx_word' id='word_1_74' title='bbox 559 999 700 1058; x_wconf 84' lang='lat' dir='ltr'>intestinis</span> <span class='ocrx_word' id='word_1_75' title='bbox 722 997 869 1056; x_wconf 80' lang='lat' dir='ltr'>inventum</span> <span class='ocrx_word' id='word_1_76' title='bbox 886 998 923 1056; x_wconf 89' lang='lat' dir='ltr'>sit</span> <span class='ocrx_word' id='word_1_77' title='bbox 943 1013 1005 1055; x_wconf 88' lang='lat' dir='ltr'>are·</span> 
     </span>
     <span class='ocr_line' id='line_1_10' title="bbox 31 1079 1006 1159; baseline -0.004 -17"><span class='ocrx_word' id='word_1_78' title='bbox 31 1082 120 1142; x_wconf 87' lang='lat' dir='ltr'>iactum</span> <span class='ocrx_word' id='word_1_79' title='bbox 140 1083 175 1142; x_wconf 88' lang='lat' dir='ltr'>ad</span> <span class='ocrx_word' id='word_1_80' title='bbox 195 1083 388 1158; x_wconf 77' lang='lat' dir='ltr'>dysintericos</span> <span class='ocrx_word' id='word_1_81' title='bbox 411 1081 510 1142; x_wconf 86' lang='lat' dir='ltr'>valere</span> <span class='ocrx_word' id='word_1_82' title='bbox 531 1090 629 1159; x_wconf 88' lang='lat' dir='ltr'>potum</span> <span class='ocrx_word' id='word_1_83' title='bbox 648 1081 815 1157; x_wconf 86' lang='lat' dir='ltr'>inlitumque</span> <span class='ocrx_word' id='word_1_84' title='bbox 837 1097 901 1139; x_wconf 91' lang='lat' dir='ltr'>cum</span> <span class='ocrx_word' id='word_1_85' title='bbox 921 1079 1006 1158; x_wconf 90' lang='lat' dir='ltr'>adipe</span> 
     </span>
     <span class='ocr_line' id='line_1_11' title="bbox 8 1163 1006 1245; baseline 0.003 -26"><span class='ocrx_word' id='word_1_86' title='bbox 8 1168 147 1225; x_wconf 83' lang='lat' dir='ltr'>ruansarino</span> <span class='ocrx_word' id='word_1_87' title='bbox 163 1175 226 1226; x_wconf 91' lang='lat' dir='ltr'>toto</span> <span class='ocrx_word' id='word_1_88' title='bbox 242 1183 368 1245; x_wconf 90' lang='lat' dir='ltr'>corpore</span> <span class='ocrx_word' id='word_1_89' title='bbox 387 1165 521 1243; x_wconf 90' lang='lat' dir='ltr'>opitulari</span> <span class='ocrx_word' id='word_1_90' title='bbox 541 1165 629 1226; x_wconf 87' lang='lat' dir='ltr'>laesis</span> <span class='ocrx_word' id='word_1_91' title='bbox 648 1163 725 1224; x_wconf 91' lang='lat' dir='ltr'>malo</span> <span class='ocrx_word' id='word_1_92' title='bbox 746 1163 972 1238; x_wconf 88' lang='lat' dir='ltr'>medicamento,</span> <span class='ocrx_word' id='word_1_93' title='bbox 989 1179 1006 1222; x_wconf 88' lang='lat' dir='ltr'>a</span> 
     </span>
     <span class='ocr_line' id='line_1_12' title="bbox 32 1247 1047 1326; baseline 0.002 -18"><span class='ocrx_word' id='word_1_94' title='bbox 32 1265 91 1308; x_wconf 86' lang='lat' dir='ltr'>eune</span> <span class='ocrx_word' id='word_1_95' title='bbox 102 1267 172 1308; x_wconf 87' lang='lat' dir='ltr'>vero</span> <span class='ocrx_word' id='word_1_96' title='bbox 188 1252 292 1310; x_wconf 90' lang='lat' dir='ltr'>morsis</span> <span class='ocrx_word' id='word_1_97' title='bbox 307 1249 420 1326; x_wconf 85' lang='lat' dir='ltr'>adipem</span> <span class='ocrx_word' id='word_1_98' title='bbox 435 1248 543 1309; x_wconf 83' lang='lat' dir='ltr'>inlitum</span> <span class='ocrx_word' id='word_1_99' title='bbox 554 1257 584 1308; x_wconf 95' lang='lat' dir='ltr'>et</span> <span class='ocrx_word' id='word_1_100' title='bbox 597 1250 703 1308; x_wconf 86' lang='lat' dir='ltr'>corium</span> <span class='ocrx_word' id='word_1_101' title='bbox 719 1247 901 1306; x_wconf 87' lang='lat' dir='ltr'>substratum.</span> <span class='ocrx_word' id='word_1_102' title='bbox 922 1265 984 1306; x_wconf 88' lang='lat' dir='ltr'>rur·</span> <span class='ocrx_word' id='word_1_103' title='bbox 995 1256 1047 1310; x_wconf 83' lang='lat'>106</span> 
     </span>
     <span class='ocr_line' id='line_1_13' title="bbox 31 1331 1004 1408; baseline -0.001 -19"><span class='ocrx_word' id='word_1_104' title='bbox 31 1332 128 1392; x_wconf 88' lang='lat' dir='ltr'>sustuli</span> <span class='ocrx_word' id='word_1_105' title='bbox 146 1335 253 1392; x_wconf 87' lang='lat' dir='ltr'>sinistri</span> <span class='ocrx_word' id='word_1_106' title='bbox 269 1333 367 1392; x_wconf 88' lang='lat' dir='ltr'>cinere</span> <span class='ocrx_word' id='word_1_107' title='bbox 381 1333 505 1392; x_wconf 87' lang='lat' dir='ltr'>decocto</span> <span class='ocrx_word' id='word_1_108' title='bbox 521 1351 583 1392; x_wconf 92' lang='lat' dir='ltr'>cum</span> <span class='ocrx_word' id='word_1_109' title='bbox 598 1332 735 1407; x_wconf 90' lang='lat' dir='ltr'>sanguine</span> <span class='ocrx_word' id='word_1_110' title='bbox 750 1331 889 1391; x_wconf 85' lang='lat' dir='ltr'>mustelae</span> <span class='ocrx_word' id='word_1_111' title='bbox 902 1347 1004 1408; x_wconf 89' lang='lat' dir='ltr'>perun-</span> 
     </span>
     <span class='ocr_line' id='line_1_14' title="bbox 31 1415 1108 1492; baseline 0 -20"><span class='ocrx_word' id='word_1_112' title='bbox 31 1422 83 1472; x_wconf 89' lang='lat' dir='ltr'>ctos</span> <span class='ocrx_word' id='word_1_113' title='bbox 98 1417 225 1476; x_wconf 89' lang='lat' dir='ltr'>omnibus</span> <span class='ocrx_word' id='word_1_114' title='bbox 243 1417 311 1476; x_wconf 92' lang='lat' dir='ltr'>odio</span> <span class='ocrx_word' id='word_1_115' title='bbox 330 1417 444 1492; x_wconf 84' lang='lat' dir='ltr'>venire,</span> <span class='ocrx_word' id='word_1_116' title='bbox 466 1415 541 1474; x_wconf 92' lang='lat' dir='ltr'>idem</span> <span class='ocrx_word' id='word_1_117' title='bbox 560 1417 622 1474; x_wconf 88' lang='lat' dir='ltr'>lieri</span> <span class='ocrx_word' id='word_1_118' title='bbox 643 1416 730 1475; x_wconf 88' lang='lat' dir='ltr'>oculo</span> <span class='ocrx_word' id='word_1_119' title='bbox 752 1415 885 1474; x_wconf 90' lang='lat' dir='ltr'>decocto.</span> <span class='ocrx_word' id='word_1_120' title='bbox 917 1431 1005 1492; x_wconf 88' lang='lat' dir='ltr'>super</span> <span class='ocrx_word' id='word_1_121' title='bbox 1101 1463 1108 1483; x_wconf 31' lang='lat' dir='ltr'>r</span> 
     </span>
     <span class='ocr_line' id='line_1_15' title="bbox 30 1496 1004 1578; baseline 0 -22"><span class='ocrx_word' id='word_1_122' title='bbox 30 1501 109 1559; x_wconf 90' lang='lat' dir='ltr'>onnia</span> <span class='ocrx_word' id='word_1_123' title='bbox 123 1509 167 1559; x_wconf 88' lang='lat' dir='ltr'>est</span> <span class='ocrx_word' id='word_1_124' title='bbox 184 1501 263 1578; x_wconf 89' lang='lat' dir='ltr'>quod</span> <span class='ocrx_word' id='word_1_125' title='bbox 278 1509 434 1558; x_wconf 63' lang='lat' dir='ltr'>extremam</span> <span class='ocrx_word' id='word_1_126' title='bbox 449 1499 572 1578; x_wconf 79' lang='lat' dir='ltr'>fistulam</span> <span class='ocrx_word' id='word_1_127' title='bbox 588 1497 716 1558; x_wconf 88' lang='lat' dir='ltr'>intestini</span> <span class='ocrx_word' id='word_1_128' title='bbox 732 1507 832 1557; x_wconf 82' lang='lat' dir='ltr'>eontra</span> <span class='ocrx_word' id='word_1_129' title='bbox 849 1496 950 1557; x_wconf 92' lang='lat' dir='ltr'>ducum</span> <span class='ocrx_word' id='word_1_130' title='bbox 969 1513 1004 1556; x_wconf 89' lang='lat' dir='ltr'>ac</span> 
     </span>
    </p>
   </div>
   <div class='ocr_carea' id='block_1_3' title="bbox 5 1564 1174 1661">
    <p class='ocr_par' dir='ltr' id='par_1_3' title="bbox 5 1564 1174 1661">
     <span class='ocr_line' id='line_1_16' title="bbox 5 1564 1174 1661; baseline 0.002 -24"><span class='ocrx_word' id='word_1_131' title='bbox 5 1597 23 1637; x_wconf 86' lang='lat' dir='ltr'>n</span> <span class='ocrx_word' id='word_1_132' title='bbox 30 1585 200 1658; x_wconf 90' lang='lat' dir='ltr'>potestatium</span> <span class='ocrx_word' id='word_1_133' title='bbox 216 1585 378 1661; x_wconf 86' lang='lat' dir='ltr'>iniquitates</span> <span class='ocrx_word' id='word_1_134' title='bbox 397 1591 609 1642; x_wconf 85' lang='lat' dir='ltr'>commonstrant</span> <span class='ocrx_word' id='word_1_135' title='bbox 625 1581 704 1642; x_wconf 90' lang='lat' dir='ltr'>etad</span> <span class='ocrx_word' id='word_1_136' title='bbox 720 1599 874 1641; x_wconf 80' lang='lat' dir='ltr'>successus</span> <span class='ocrx_word' id='word_1_137' title='bbox 890 1581 1003 1658; x_wconf 83' lang='lat' dir='ltr'>petitio·</span> <span class='ocrx_word' id='word_1_138' title='bbox 1112 1590 1118 1595; x_wconf 79' lang='grc'><em>’</em></span> <span class='ocrx_word' id='word_1_139' title='bbox 1169 1564 1174 1576; x_wconf 68' lang='grc'><strong>“</strong></span> 
     </span>
    </p>
   </div>
   <div class='ocr_carea' id='block_1_4' title="bbox 0 1663 1076 3581">
    <p class='ocr_par' dir='ltr' id='par_1_4' title="bbox 27 1663 1003 1744">
     <span class='ocr_line' id='line_1_17' title="bbox 27 1663 1003 1744; baseline 0 -22"><span class='ocrx_word' id='word_1_140' title='bbox 27 1683 82 1724; x_wconf 89' lang='lat' dir='ltr'>num</span> <span class='ocrx_word' id='word_1_141' title='bbox 96 1667 321 1744; x_wconf 89' lang='lat' dir='ltr'>iudiciorumque</span> <span class='ocrx_word' id='word_1_142' title='bbox 337 1684 372 1726; x_wconf 91' lang='lat' dir='ltr'>ac</span> <span class='ocrx_word' id='word_1_143' title='bbox 386 1666 475 1725; x_wconf 89' lang='lat' dir='ltr'>litium</span> <span class='ocrx_word' id='word_1_144' title='bbox 493 1674 630 1742; x_wconf 82' lang='lat' dir='ltr'>euentus,</span> <span class='ocrx_word' id='word_1_145' title='bbox 655 1666 679 1724; x_wconf 92' lang='lat' dir='ltr'>si</span> <span class='ocrx_word' id='word_1_146' title='bbox 700 1665 813 1724; x_wconf 90' lang='lat' dir='ltr'>omnino</span> <span class='ocrx_word' id='word_1_147' title='bbox 832 1673 939 1724; x_wconf 83' lang='lat' dir='ltr'>tantum</span> <span class='ocrx_word' id='word_1_148' title='bbox 954 1663 1003 1724; x_wconf 88' lang='lat' dir='ltr'>ali·</span> 
     </span>
    </p>

    <p class='ocr_par' dir='ltr' id='par_1_5' title="bbox 28 1747 1076 1826">
     <span class='ocr_line' id='line_1_18' title="bbox 28 1747 1076 1826; baseline 0 -20"><span class='ocrx_word' id='word_1_149' title='bbox 28 1749 81 1824; x_wconf 90' lang='lat' dir='ltr'>quis</span> <span class='ocrx_word' id='word_1_150' title='bbox 96 1768 193 1809; x_wconf 89' lang='lat' dir='ltr'>secum</span> <span class='ocrx_word' id='word_1_151' title='bbox 209 1749 330 1826; x_wconf 86' lang='lat' dir='ltr'>habeat,</span> <span class='ocrx_word' id='word_1_152' title='bbox 347 1758 375 1809; x_wconf 89' lang='lat' dir='ltr'>at</span> <span class='ocrx_word' id='word_1_153' title='bbox 391 1749 518 1809; x_wconf 89' lang='lat' dir='ltr'>eiusdem</span> <span class='ocrx_word' id='word_1_154' title='bbox 535 1767 685 1808; x_wconf 86' lang='lat' dir='ltr'>cavernam</span> <span class='ocrx_word' id='word_1_155' title='bbox 703 1749 818 1808; x_wconf 90' lang='lat' dir='ltr'>sinistro</span> <span class='ocrx_word' id='word_1_156' title='bbox 832 1747 942 1808; x_wconf 89' lang='lat' dir='ltr'>lacerto</span> <span class='ocrx_word' id='word_1_157' title='bbox 958 1764 1003 1806; x_wconf 92' lang='lat' dir='ltr'>re·</span> <span class='ocrx_word' id='word_1_158' title='bbox 1071 1789 1076 1798; x_wconf 84' lang='lat'><em>.</em></span> 
     </span>
    </p>

    <p class='ocr_par' dir='ltr' id='par_1_6' title="bbox 27 1829 1004 1911">
     <span class='ocr_line' id='line_1_19' title="bbox 27 1829 1004 1911; baseline 0.001 -23"><span class='ocrx_word' id='word_1_159' title='bbox 27 1829 139 1909; x_wconf 89' lang='lat' dir='ltr'>ligatam,</span> <span class='ocrx_word' id='word_1_160' title='bbox 152 1835 177 1892; x_wconf 93' lang='lat' dir='ltr'>si</span> <span class='ocrx_word' id='word_1_161' title='bbox 189 1833 408 1911; x_wconf 88' lang='lat' dir='ltr'>quismulierem</span> <span class='ocrx_word' id='word_1_162' title='bbox 420 1833 588 1911; x_wconf 82' lang='lat' dir='ltr'>prospiciat,</span> <span class='ocrx_word' id='word_1_163' title='bbox 596 1835 765 1892; x_wconf 71' lang='lat' dir='ltr'>&#39;amatorium</span> <span class='ocrx_word' id='word_1_164' title='bbox 776 1849 842 1891; x_wconf 92' lang='lat' dir='ltr'>esse</span> <span class='ocrx_word' id='word_1_165' title='bbox 854 1840 910 1891; x_wconf 83' lang='lat' dir='ltr'>tam</span> <span class='ocrx_word' id='word_1_166' title='bbox 921 1847 1004 1909; x_wconf 91' lang='lat' dir='ltr'>prae-</span> 
     </span>
    </p>

    <p class='ocr_par' dir='ltr' id='par_1_7' title="bbox 1 1914 1004 2079">
     <span class='ocr_line' id='line_1_20' title="bbox 27 1914 1004 1994; baseline 0.003 -24"><span class='ocrx_word' id='word_1_167' title='bbox 27 1931 84 1974; x_wconf 89' lang='lat' dir='ltr'>sens</span> <span class='ocrx_word' id='word_1_168' title='bbox 99 1926 127 1976; x_wconf 89' lang='lat' dir='ltr'>ut</span> <span class='ocrx_word' id='word_1_169' title='bbox 141 1916 212 1976; x_wconf 89' lang='lat' dir='ltr'>ilico</span> <span class='ocrx_word' id='word_1_170' title='bbox 227 1925 374 1994; x_wconf 88' lang='lat' dir='ltr'>sequatur.</span> <span class='ocrx_word' id='word_1_171' title='bbox 398 1917 527 1976; x_wconf 87' lang='lat' dir='ltr'>eiusdem</span> <span class='ocrx_word' id='word_1_172' title='bbox 538 1915 597 1975; x_wconf 91' lang='lat' dir='ltr'>loci</span> <span class='ocrx_word' id='word_1_173' title='bbox 612 1917 734 1994; x_wconf 89' lang='lat' dir='ltr'>pilorum</span> <span class='ocrx_word' id='word_1_174' title='bbox 747 1917 872 1974; x_wconf 90' lang='lat' dir='ltr'>cinerem</span> <span class='ocrx_word' id='word_1_175' title='bbox 884 1932 922 1974; x_wconf 85' lang='lat' dir='ltr'>ex</span> <span class='ocrx_word' id='word_1_176' title='bbox 936 1914 1004 1974; x_wconf 92' lang='lat' dir='ltr'>oleo</span> 
     </span>
     <span class='ocr_line' id='line_1_21' title="bbox 1 1997 1004 2079; baseline 0.006 -27"><span class='ocrx_word' id='word_1_177' title='bbox 1 1997 121 2058; x_wconf 84' lang='lat' dir='ltr'>niolitum</span> <span class='ocrx_word' id='word_1_178' title='bbox 139 2001 210 2059; x_wconf 82' lang='lat' dir='ltr'>viris</span> <span class='ocrx_word' id='word_1_179' title='bbox 228 2002 276 2079; x_wconf 90' lang='lat' dir='ltr'>qui</span> <span class='ocrx_word' id='word_1_180' title='bbox 290 2001 346 2059; x_wconf 89' lang='lat' dir='ltr'>sint</span> <span class='ocrx_word' id='word_1_181' title='bbox 361 2000 522 2078; x_wconf 88' lang='lat' dir='ltr'>probrosae</span> <span class='ocrx_word' id='word_1_182' title='bbox 541 2000 680 2060; x_wconf 88' lang='lat' dir='ltr'>mollitiae</span> <span class='ocrx_word' id='word_1_183' title='bbox 695 2017 827 2077; x_wconf 83' lang='lat' dir='ltr'>severos,</span> <span class='ocrx_word' id='word_1_184' title='bbox 846 2015 904 2058; x_wconf 92' lang='lat' dir='ltr'>non</span> <span class='ocrx_word' id='word_1_185' title='bbox 918 1998 1004 2058; x_wconf 93' lang='lat' dir='ltr'>modo</span> 
     </span>
    </p>

    <p class='ocr_par' dir='ltr' id='par_1_8' title="bbox 24 2081 390 2158">
     <span class='ocr_line' id='line_1_22' title="bbox 24 2081 390 2158; baseline 0.008 -19"><span class='ocrx_word' id='word_1_186' title='bbox 24 2081 138 2158; x_wconf 87' lang='lat' dir='ltr'>pudicos</span> <span class='ocrx_word' id='word_1_187' title='bbox 148 2101 249 2153; x_wconf 82' lang='lat' dir='ltr'>mores</span> <span class='ocrx_word' id='word_1_188' title='bbox 262 2082 390 2142; x_wconf 88' lang='lat' dir='ltr'>induere.</span> 
     </span>
    </p>

    <p class='ocr_par' dir='ltr' id='par_1_9' title="bbox 25 2165 1045 2410">
     <span class='ocr_line' id='line_1_23' title="bbox 78 2165 1045 2243; baseline 0.004 -17"><span class='ocrx_word' id='word_1_189' title='bbox 78 2165 158 2243; x_wconf 78' lang='lat'><strong>(28.)</strong></span> <span class='ocrx_word' id='word_1_190' title='bbox 181 2167 326 2226; x_wconf 83' lang='lat' dir='ltr'>Proxnme</span> <span class='ocrx_word' id='word_1_191' title='bbox 346 2166 496 2226; x_wconf 79' lang='lat' dir='ltr'>fabulosus</span> <span class='ocrx_word' id='word_1_192' title='bbox 519 2175 563 2226; x_wconf 88' lang='lat' dir='ltr'>est</span> <span class='ocrx_word' id='word_1_193' title='bbox 586 2165 751 2226; x_wconf 79' lang='lat' dir='ltr'>crocodilus</span> <span class='ocrx_word' id='word_1_194' title='bbox 773 2167 890 2243; x_wconf 88' lang='lat' dir='ltr'>ingenio</span> <span class='ocrx_word' id='word_1_195' title='bbox 912 2174 1045 2243; x_wconf 88' lang='lat' dir='ltr'>quo-107</span> 
     </span>
     <span class='ocr_line' id='line_1_24' title="bbox 25 2249 1004 2329; baseline 0.002 -23"><span class='ocrx_word' id='word_1_196' title='bbox 25 2263 81 2325; x_wconf 80' lang='lat' dir='ltr'>que,</span> <span class='ocrx_word' id='word_1_197' title='bbox 97 2249 147 2310; x_wconf 93' lang='lat' dir='ltr'>ille</span> <span class='ocrx_word' id='word_1_198' title='bbox 163 2252 211 2310; x_wconf 90' lang='lat' dir='ltr'>cui</span> <span class='ocrx_word' id='word_1_199' title='bbox 226 2252 285 2310; x_wconf 89' lang='lat' dir='ltr'>vita</span> <span class='ocrx_word' id='word_1_200' title='bbox 303 2251 331 2308; x_wconf 94' lang='lat' dir='ltr'>in</span> <span class='ocrx_word' id='word_1_201' title='bbox 345 2267 418 2328; x_wconf 91' lang='lat' dir='ltr'>aqua</span> <span class='ocrx_word' id='word_1_202' title='bbox 436 2260 569 2329; x_wconf 87' lang='lat' dir='ltr'>terraque</span> <span class='ocrx_word' id='word_1_203' title='bbox 587 2252 752 2311; x_wconf 91' lang='lat' dir='ltr'>communis.</span> <span class='ocrx_word' id='word_1_204' title='bbox 787 2251 844 2310; x_wconf 89' lang='lat' dir='ltr'>duo</span> <span class='ocrx_word' id='word_1_205' title='bbox 862 2251 937 2310; x_wconf 91' lang='lat' dir='ltr'>enim</span> <span class='ocrx_word' id='word_1_206' title='bbox 952 2268 1004 2326; x_wconf 86' lang='lat' dir='ltr'>ge·</span> 
     </span>
     <span class='ocr_line' id='line_1_25' title="bbox 25 2332 1003 2410; baseline 0.004 -22"><span class='ocrx_word' id='word_1_207' title='bbox 25 2347 86 2391; x_wconf 92' lang='lat' dir='ltr'>nera</span> <span class='ocrx_word' id='word_1_208' title='bbox 101 2349 213 2392; x_wconf 91' lang='lat' dir='ltr'>eorum.</span> <span class='ocrx_word' id='word_1_209' title='bbox 244 2335 321 2393; x_wconf 91' lang='lat' dir='ltr'>illius</span> <span class='ocrx_word' id='word_1_210' title='bbox 336 2351 353 2392; x_wconf 90' lang='lat' dir='ltr'>e</span> <span class='ocrx_word' id='word_1_211' title='bbox 366 2334 469 2394; x_wconf 86' lang='lat' dir='ltr'>dextra</span> <span class='ocrx_word' id='word_1_212' title='bbox 484 2333 600 2393; x_wconf 84' lang='lat' dir='ltr'>maxilla</span> <span class='ocrx_word' id='word_1_213' title='bbox 618 2335 719 2393; x_wconf 88' lang='lat' dir='ltr'>dentes</span> <span class='ocrx_word' id='word_1_214' title='bbox 738 2332 884 2410; x_wconf 86' lang='lat' dir='ltr'>adalligati</span> <span class='ocrx_word' id='word_1_215' title='bbox 900 2333 1003 2393; x_wconf 87' lang='lat' dir='ltr'>dextro</span> 
     </span>
    </p>

    <p class='ocr_par' dir='ltr' id='par_1_10' title="bbox 0 2412 1047 2829">
     <span class='ocr_line' id='line_1_26' title="bbox 0 2412 1005 2493; baseline 0.004 -21"><span class='ocrx_word' id='word_1_216' title='bbox 0 2441 2 2450; x_wconf 29' lang='grc' dir='ltr'><em>ι</em></span> <span class='ocrx_word' id='word_1_217' title='bbox 25 2412 125 2476; x_wconf 85' lang='lat' dir='ltr'>lacerto</span> <span class='ocrx_word' id='word_1_218' title='bbox 133 2418 240 2493; x_wconf 82' lang='lat' dir='ltr'>coitus,</span> <span class='ocrx_word' id='word_1_219' title='bbox 249 2419 272 2476; x_wconf 90' lang='lat' dir='ltr'>si</span> <span class='ocrx_word' id='word_1_220' title='bbox 285 2415 435 2493; x_wconf 85' lang='lat' dir='ltr'>credimus,</span> <span class='ocrx_word' id='word_1_221' title='bbox 444 2417 595 2492; x_wconf 87' lang='lat' dir='ltr'>stimulant,</span> <span class='ocrx_word' id='word_1_222' title='bbox 609 2418 701 2477; x_wconf 91' lang='lat' dir='ltr'>canini</span> <span class='ocrx_word' id='word_1_223' title='bbox 709 2415 811 2476; x_wconf 88' lang='lat' dir='ltr'>dentes</span> <span class='ocrx_word' id='word_1_224' title='bbox 820 2416 909 2476; x_wconf 83' lang='lat' dir='ltr'>ieiunis</span> <span class='ocrx_word' id='word_1_225' title='bbox 916 2426 1005 2476; x_wconf 88' lang='lat' dir='ltr'>statas</span> 
     </span>
     <span class='ocr_line' id='line_1_27' title="bbox 23 2500 1005 2580; baseline 0.006 -26"><span class='ocrx_word' id='word_1_226' title='bbox 23 2509 112 2559; x_wconf 90' lang='lat' dir='ltr'>arcent</span> <span class='ocrx_word' id='word_1_227' title='bbox 123 2510 190 2560; x_wconf 88' lang='lat' dir='ltr'>ture</span> <span class='ocrx_word' id='word_1_228' title='bbox 203 2501 359 2580; x_wconf 82' lang='lat' dir='ltr'>repleti-</span> <span class='ocrx_word' id='word_1_229' title='bbox 370 2508 434 2559; x_wconf 88' lang='lat' dir='ltr'>sunt</span> <span class='ocrx_word' id='word_1_230' title='bbox 445 2501 518 2559; x_wconf 89' lang='lat' dir='ltr'>enim</span> <span class='ocrx_word' id='word_1_231' title='bbox 529 2501 604 2576; x_wconf 86' lang='lat' dir='ltr'>cavi,</span> <span class='ocrx_word' id='word_1_232' title='bbox 616 2501 707 2560; x_wconf 89' lang='lat' dir='ltr'>-ita</span> <span class='ocrx_word' id='word_1_233' title='bbox 720 2517 757 2559; x_wconf 89' lang='lat' dir='ltr'>ne</span> <span class='ocrx_word' id='word_1_234' title='bbox 771 2500 872 2558; x_wconf 90' lang='lat' dir='ltr'>diebus</span> <span class='ocrx_word' id='word_1_235' title='bbox 880 2502 1005 2579; x_wconf 89' lang='lat' dir='ltr'>quinque</span> 
     </span>
     <span class='ocr_line' id='line_1_28' title="bbox 23 2579 1004 2662; baseline 0.004 -25"><span class='ocrx_word' id='word_1_236' title='bbox 23 2579 54 2638; x_wconf 89' lang='lat' dir='ltr'>ab</span> <span class='ocrx_word' id='word_1_237' title='bbox 68 2599 155 2660; x_wconf 88' lang='lat' dir='ltr'>aegro</span> <span class='ocrx_word' id='word_1_238' title='bbox 171 2593 307 2643; x_wconf 89' lang='lat' dir='ltr'>cernatur</span> <span class='ocrx_word' id='word_1_239' title='bbox 322 2585 370 2662; x_wconf 93' lang='lat' dir='ltr'>qui</span> <span class='ocrx_word' id='word_1_240' title='bbox 390 2582 599 2660; x_wconf 83' lang='lat' dir='ltr'>adalligaverit.</span> <span class='ocrx_word' id='word_1_241' title='bbox 630 2583 704 2642; x_wconf 89' lang='lat' dir='ltr'>idem</span> <span class='ocrx_word' id='word_1_242' title='bbox 721 2583 836 2660; x_wconf 85' lang='lat' dir='ltr'>pollere</span> <span class='ocrx_word' id='word_1_243' title='bbox 855 2592 885 2642; x_wconf 89' lang='lat' dir='ltr'>et</span> <span class='ocrx_word' id='word_1_244' title='bbox 903 2591 1004 2642; x_wconf 82' lang='lat' dir='ltr'>ventre</span> 
     </span>
     <span class='ocr_line' id='line_1_29' title="bbox 21 2665 1004 2746; baseline 0.005 -25"><span class='ocrx_word' id='word_1_245' title='bbox 21 2677 165 2746; x_wconf 83' lang='lat' dir='ltr'>exemptos</span> <span class='ocrx_word' id='word_1_246' title='bbox 186 2666 305 2745; x_wconf 89' lang='lat' dir='ltr'>lapillos</span> <span class='ocrx_word' id='word_1_247' title='bbox 325 2667 463 2727; x_wconf 83' lang='lat' dir='ltr'>adversus</span> <span class='ocrx_word' id='word_1_248' title='bbox 486 2665 608 2726; x_wconf 76' lang='lat' dir='ltr'>lebnam</span> <span class='ocrx_word' id='word_1_249' title='bbox 624 2665 763 2726; x_wconf 88' lang='lat' dir='ltr'>horrores</span> <span class='ocrx_word' id='word_1_250' title='bbox 786 2666 928 2732; x_wconf 83' lang='lat' dir='ltr'>venientis</span> <span class='ocrx_word' id='word_1_251' title='bbox 947 2675 1004 2726; x_wconf 87' lang='lat' dir='ltr'>tra·</span> 
     </span>
     <span class='ocr_line' id='line_1_30' title="bbox 22 2745 1047 2829; baseline 0.008 -25"><span class='ocrx_word' id='word_1_252' title='bbox 22 2745 90 2812; x_wconf 87' lang='lat' dir='ltr'>dunt.</span> <span class='ocrx_word' id='word_1_253' title='bbox 118 2768 155 2810; x_wconf 88' lang='lat' dir='ltr'>ea</span> <span class='ocrx_word' id='word_1_254' title='bbox 177 2751 317 2810; x_wconf 85' lang='lat' dir='ltr'>etiamde</span> <span class='ocrx_word' id='word_1_255' title='bbox 336 2769 421 2812; x_wconf 88' lang='lat' dir='ltr'>causa</span> <span class='ocrx_word' id='word_1_256' title='bbox 437 2749 575 2829; x_wconf 71' lang='lat' dir='ltr'>Aegyptii</span> <span class='ocrx_word' id='word_1_257' title='bbox 591 2758 753 2829; x_wconf 84' lang='lat' dir='ltr'>perungunt</span> <span class='ocrx_word' id='word_1_258' title='bbox 770 2748 854 2827; x_wconf 91' lang='lat' dir='ltr'>adipe</span> <span class='ocrx_word' id='word_1_259' title='bbox 876 2760 1047 2826; x_wconf 84' lang='lat' dir='ltr'>aegros108</span> 
     </span>
    </p>

    <p class='ocr_par' dir='ltr' id='par_1_11' title="bbox 2 2832 1046 3581">
     <span class='ocr_line' id='line_1_31' title="bbox 2 2832 1004 2910; baseline 0.004 -22"><span class='ocrx_word' id='word_1_260' title='bbox 2 2858 9 2883; x_wconf 69' lang='lat' dir='ltr'>r</span> <span class='ocrx_word' id='word_1_261' title='bbox 21 2847 93 2892; x_wconf 86' lang='lat' dir='ltr'>snos.</span> <span class='ocrx_word' id='word_1_262' title='bbox 124 2833 202 2893; x_wconf 85' lang='lat' dir='ltr'>ulter</span> <span class='ocrx_word' id='word_1_263' title='bbox 215 2833 257 2894; x_wconf 94' lang='lat' dir='ltr'>illi</span> <span class='ocrx_word' id='word_1_264' title='bbox 277 2834 392 2910; x_wconf 83' lang='lat' dir='ltr'>similis,</span> <span class='ocrx_word' id='word_1_265' title='bbox 412 2835 528 2895; x_wconf 85' lang='lat' dir='ltr'>multum</span> <span class='ocrx_word' id='word_1_266' title='bbox 546 2834 620 2893; x_wconf 83' lang='lat' dir='ltr'>inira</span> <span class='ocrx_word' id='word_1_267' title='bbox 641 2832 851 2908; x_wconf 87' lang='lat' dir='ltr'>magnitudine,</span> <span class='ocrx_word' id='word_1_268' title='bbox 876 2833 906 2891; x_wconf 94' lang='lat' dir='ltr'>in</span> <span class='ocrx_word' id='word_1_269' title='bbox 926 2841 1004 2892; x_wconf 88' lang='lat' dir='ltr'>terra</span> 
     </span>
     <span class='ocr_line' id='line_1_32' title="bbox 20 2915 1005 2996; baseline 0.002 -22"><span class='ocrx_word' id='word_1_270' title='bbox 20 2921 121 2976; x_wconf 85' lang='lat' dir='ltr'>tautum</span> <span class='ocrx_word' id='word_1_271' title='bbox 141 2917 411 2996; x_wconf 88' lang='lat' dir='ltr'>odoratissimisque</span> <span class='ocrx_word' id='word_1_272' title='bbox 431 2917 549 2977; x_wconf 86' lang='lat' dir='ltr'>tionibus</span> <span class='ocrx_word' id='word_1_273' title='bbox 565 2918 645 2977; x_wconf 85' lang='lat' dir='ltr'>vivit.</span> <span class='ocrx_word' id='word_1_274' title='bbox 677 2915 714 2975; x_wconf 85' lang='lat' dir='ltr'>ou</span> <span class='ocrx_word' id='word_1_275' title='bbox 738 2915 766 2974; x_wconf 96' lang='lat' dir='ltr'>id</span> <span class='ocrx_word' id='word_1_276' title='bbox 787 2917 921 2976; x_wconf 89' lang='lat' dir='ltr'>intestina</span> <span class='ocrx_word' id='word_1_277' title='bbox 943 2917 1005 2976; x_wconf 89' lang='lat' dir='ltr'>eius</span> 
     </span>
     <span class='ocr_line' id='line_1_33' title="bbox 19 2995 1005 3086; baseline 0.004 -32"><span class='ocrx_word' id='word_1_278' title='bbox 19 2995 169 3086; x_wconf 85' lang='lat' dir='ltr'>diligenter</span> <span class='ocrx_word' id='word_1_279' title='bbox 197 3002 383 3078; x_wconf 87' lang='lat' dir='ltr'>exquiruntur</span> <span class='ocrx_word' id='word_1_280' title='bbox 410 3001 533 3061; x_wconf 90' lang='lat' dir='ltr'>iucundo</span> <span class='ocrx_word' id='word_1_281' title='bbox 561 3000 662 3060; x_wconf 90' lang='lat' dir='ltr'>nidore</span> <span class='ocrx_word' id='word_1_282' title='bbox 689 2999 773 3059; x_wconf 86' lang='lat' dir='ltr'>farta.</span> <span class='ocrx_word' id='word_1_283' title='bbox 809 2998 1005 3060; x_wconf 88' lang='lat' dir='ltr'>crocodileam</span> 
     </span>
     <span class='ocr_line' id='line_1_34' title="bbox 18 3084 1004 3164; baseline 0.005 -27"><span class='ocrx_word' id='word_1_284' title='bbox 18 3093 136 3160; x_wconf 82' lang='lat' dir='ltr'>vocant,</span> <span class='ocrx_word' id='word_1_285' title='bbox 161 3084 312 3164; x_wconf 90' lang='lat' dir='ltr'>oculorum</span> <span class='ocrx_word' id='word_1_286' title='bbox 327 3085 595 3146; x_wconf 86' lang='lat' dir='ltr'>vitiisutilissimam</span> <span class='ocrx_word' id='word_1_287' title='bbox 613 3101 676 3152; x_wconf 84' lang='lat' dir='ltr'>cnm</span> <span class='ocrx_word' id='word_1_288' title='bbox 696 3085 776 3162; x_wconf 92' lang='lat' dir='ltr'>porri</span> <span class='ocrx_word' id='word_1_289' title='bbox 792 3089 866 3143; x_wconf 81' lang='lat' dir='ltr'>suco·</span> <span class='ocrx_word' id='word_1_290' title='bbox 881 3085 1004 3144; x_wconf 90' lang='lat' dir='ltr'>inunctis</span> 
     </span>
     <span class='ocr_line' id='line_1_35' title="bbox 18 3163 1046 3246; baseline 0.004 -24"><span class='ocrx_word' id='word_1_291' title='bbox 18 3172 158 3227; x_wconf 86' lang='lat' dir='ltr'>utcontra</span> <span class='ocrx_word' id='word_1_292' title='bbox 174 3163 360 3227; x_wconf 80' lang='lat' dir='ltr'>subfusiones</span> <span class='ocrx_word' id='word_1_293' title='bbox 375 3167 422 3227; x_wconf 87' lang='lat' dir='ltr'>vel</span> <span class='ocrx_word' id='word_1_294' title='bbox 438 3169 588 3246; x_wconf 83' lang='lat' dir='ltr'>caligines.</span> <span class='ocrx_word' id='word_1_295' title='bbox 618 3168 707 3230; x_wconf 73' lang='lat' dir='ltr'>inlita,</span> <span class='ocrx_word' id='word_1_296' title='bbox 720 3185 836 3246; x_wconf 89' lang='lat' dir='ltr'>quoque</span> <span class='ocrx_word' id='word_1_297' title='bbox 856 3187 893 3228; x_wconf 87' lang='lat' dir='ltr'>ex</span> <span class='ocrx_word' id='word_1_298' title='bbox 915 3167 982 3227; x_wconf 89' lang='lat' dir='ltr'>oleo</span> <span class='ocrx_word' id='word_1_299' title='bbox 995 3177 1046 3233; x_wconf 79' lang='lat'>109</span> 
     </span>
     <span class='ocr_line' id='line_1_36' title="bbox 17 3250 1002 3329; baseline 0.002 -23"><span class='ocrx_word' id='word_1_300' title='bbox 17 3250 135 3327; x_wconf 71' lang='lat' dir='ltr'>cyprino</span> <span class='ocrx_word' id='word_1_301' title='bbox 161 3251 312 3311; x_wconf 84' lang='lat' dir='ltr'>molestias</span> <span class='ocrx_word' id='word_1_302' title='bbox 337 3251 464 3311; x_wconf 79' lang='lat' dir='ltr'>inducie</span> <span class='ocrx_word' id='word_1_303' title='bbox 488 3252 651 3322; x_wconf 84' lang='lat' dir='ltr'>enascentis</span> <span class='ocrx_word' id='word_1_304' title='bbox 665 3251 755 3328; x_wconf 83' lang='lat' dir='ltr'>tollit,</span> <span class='ocrx_word' id='word_1_305' title='bbox 779 3269 816 3310; x_wconf 84' lang='lat' dir='ltr'>ex</span> <span class='ocrx_word' id='word_1_306' title='bbox 838 3269 910 3329; x_wconf 90' lang='lat' dir='ltr'>aqua</span> <span class='ocrx_word' id='word_1_307' title='bbox 931 3267 1002 3309; x_wconf 83' lang='lat' dir='ltr'>vero</span> 
     </span>
     <span class='ocr_line' id='line_1_37' title="bbox 15 3331 1002 3414; baseline 0.005 -25"><span class='ocrx_word' id='word_1_308' title='bbox 15 3331 130 3392; x_wconf 87' lang='lat' dir='ltr'>morbos</span> <span class='ocrx_word' id='word_1_309' title='bbox 147 3336 240 3394; x_wconf 92' lang='lat' dir='ltr'>omnis</span> <span class='ocrx_word' id='word_1_310' title='bbox 251 3351 372 3414; x_wconf 90' lang='lat' dir='ltr'>quorum</span> <span class='ocrx_word' id='word_1_311' title='bbox 386 3345 484 3396; x_wconf 88' lang='lat' dir='ltr'>natura</span> <span class='ocrx_word' id='word_1_312' title='bbox 499 3337 590 3414; x_wconf 89' lang='lat' dir='ltr'>serpit</span> <span class='ocrx_word' id='word_1_313' title='bbox 603 3338 632 3395; x_wconf 93' lang='lat' dir='ltr'>in</span> <span class='ocrx_word' id='word_1_314' title='bbox 646 3335 729 3412; x_wconf 86' lang='lat' dir='ltr'>lucie,</span> <span class='ocrx_word' id='word_1_315' title='bbox 745 3337 924 3412; x_wconf 85' lang='lat' dir='ltr'>nitoremque</span> <span class='ocrx_word' id='word_1_316' title='bbox 937 3333 1002 3394; x_wconf 88' lang='lat' dir='ltr'>red·</span> 
     </span>
     <span class='ocr_line' id='line_1_38' title="bbox 15 3413 1003 3497; baseline 0.004 -23"><span class='ocrx_word' id='word_1_317' title='bbox 15 3413 61 3476; x_wconf 86' lang='lat' dir='ltr'>dit.</span> <span class='ocrx_word' id='word_1_318' title='bbox 91 3416 252 3495; x_wconf 81' lang='lat' dir='ltr'>lentigines</span> <span class='ocrx_word' id='word_1_319' title='bbox 268 3418 344 3478; x_wconf 84' lang='lat' dir='ltr'>tollit</span> <span class='ocrx_word' id='word_1_320' title='bbox 358 3437 393 3478; x_wconf 89' lang='lat' dir='ltr'>ac</span> <span class='ocrx_word' id='word_1_321' title='bbox 408 3437 495 3480; x_wconf 87' lang='lat' dir='ltr'>varos</span> <span class='ocrx_word' id='word_1_322' title='bbox 515 3419 828 3497; x_wconf 79' lang='lat' dir='ltr'>maculasqueomnis,</span> <span class='ocrx_word' id='word_1_323' title='bbox 853 3426 882 3477; x_wconf 87' lang='lat' dir='ltr'>et</span> <span class='ocrx_word' id='word_1_324' title='bbox 903 3425 1003 3478; x_wconf 86' lang='lat' dir='ltr'>contra</span> 
     </span>
     <span class='ocr_line' id='line_1_39' title="bbox 16 3497 1001 3581; baseline 0.003 -23"><span class='ocrx_word' id='word_1_325' title='bbox 16 3501 167 3563; x_wconf 88' lang='lat' dir='ltr'>comitialis</span> <span class='ocrx_word' id='word_1_326' title='bbox 186 3502 302 3564; x_wconf 88' lang='lat' dir='ltr'>morbos</span> <span class='ocrx_word' id='word_1_327' title='bbox 319 3502 477 3564; x_wconf 76' lang='lat' dir='ltr'>bibitores</span> <span class='ocrx_word' id='word_1_328' title='bbox 493 3513 576 3564; x_wconf 87' lang='lat' dir='ltr'>aceto</span> <span class='ocrx_word' id='word_1_329' title='bbox 593 3504 684 3564; x_wconf 89' lang='lat' dir='ltr'>mulso</span> <span class='ocrx_word' id='word_1_330' title='bbox 697 3501 771 3563; x_wconf 84' lang='lat' dir='ltr'>binis</span> <span class='ocrx_word' id='word_1_331' title='bbox 786 3497 891 3564; x_wconf 85' lang='lat' dir='ltr'>dbolis.</span> <span class='ocrx_word' id='word_1_332' title='bbox 915 3501 1001 3581; x_wconf 90' lang='lat' dir='ltr'>adpo·</span> 
     </span>
    </p>
   </div>
   <div class='ocr_carea' id='block_1_5' title="bbox 0 0 1202 3922">
    <p class='ocr_par' dir='ltr' id='par_1_12' title="bbox 0 0 1202 3922">
     <span class='ocr_line' id='line_1_40' title="bbox 0 0 1202 3922; baseline 0 9"><span class='ocrx_word' id='word_1_333' title='bbox 0 0 1202 3922; x_wconf 95' lang='lat' dir='ltr'> </span> 
     </span>
    </p>
   </div>
  </div>
 </body>
</html>
