2396 3922
16 149 18 188 l

16 189 18 228 l

244 258 597 314 murmurmurmur
619 248 789 328 (aa-100.)
974 249 1017 312 tn
1045 207 1050 218 ’
1144 295 1147 302 .

45 432 122 493 crepe
134 413 206 477 huus
219 414 339 491 cubitis,
361 416 389 474 in
406 415 598 478 cacuminibus
612 433 758 492 ramosus,
781 415 852 480 lolia
872 417 1017 478 coriandri

44 499 180 571 namium,
195 500 278 576 grati
291 497 431 573 odoratu,
452 515 552 562 semen
574 515 664 560 aneso
678 501 821 572 crassius,
850 499 932 560 radix
948 519 1015 560 con·

42 597 110 656 cara,
123 580 318 642 nullius-usus.
351 583 450 642 semini
466 593 496 644 et
511 583 589 642 iuliis
606 583 826 659 refrigeratoria
839 584 899 659 vis,
925 586 970 646 sic
986 592 1016 644 et

41 673 120 724 necat.
134 665 273 743 incipiunt
288 664 390 742 algere
406 665 442 724 ab
458 666 685 727 extremitatibus
702 668 845 744 corporis.
867 667 995 726 remedio
1008 678 1063 731 152

24 756 85 822 crat,
98 749 258 826 priusquam
273 750 425 827 perveniat
438 749 475 810 ad
492 749 599 825 vitalia,
612 750 670 808 vini
682 758 782 810 natura
797 749 1014 812 excalfactoria.

40 830 80 889 aad
93 831 118 890 in
134 831 198 890 rino
214 840 282 909 pota
298 832 661 894 inremediabilisexsistit.
692 851 778 892 sucus
790 834 958 912 exprimitur
972 835 1015 893 io·
1145 878 1149 888 .

38 913 74 972 liis
85 912 269 992 laribusque,
285 923 344 976 tuna
359 916 434 974 enim
449 933 581 979 maxume
596 915 785 994 tempestivos
807 925 860 974 ert.
907 919 1016 976 semine

37 999 90 1055 trito
103 1013 261 1074 expressus
276 1007 305 1060 et
319 997 384 1062 sule
399 999 536 1060 densatus
555 1001 584 1060 iu
598 999 732 1078 pastillos
748 1007 834 1059 necat
847 1001 1016 1076 sanquinem

36 1081 183 1156 spissando.
207 1081 284 1142 haec
298 1082 390 1142 altera
405 1084 459 1160 uis,
475 1091 504 1142 et
520 1083 587 1142 ideo
604 1085 648 1142 sic
662 1085 830 1144 necatorum
841 1082 973 1142 maculae
987 1086 1015 1144 in

16 1163 192 1305 rolporporibns
209 1165 360 1308 adpaflrteut.
399 1165 435 1225 ad
447 1166 636 1309 tdispitolrfeuda
657 1165 864 1310 mfflioamgnta
879 1175 993 1308 ptuntur
1005 1179 1060 1234 153

36 1263 42 1302 ι
85 1263 245 1324 «pronas.
324 1265 489 1310 exeoea
523 1267 687 1310 renueras
726 1267 783 1308 ms
815 1266 1014 1310 macumma·

34 1328 121 1404 laguna.
148 1265 325 1409 praecipuus
341 1341 435 1394 tamen
453 1342 498 1392 est
514 1269 744 1394 adcoglribeudns
755 1332 913 1412 epiphoras
929 1335 1015 1392 aesti-

34 1429 73 1470 ras
86 1413 294 1491 oculorumque
311 1415 431 1476 dolores
445 1415 590 1476 sedandos
607 1416 775 1476 circumlito.
800 1417 939 1477 miscetur
955 1417 1015 1476 ool·

32 1493 98 1567 lrriis
113 1507 142 1556 et
159 1498 232 1558 alias
248 1499 340 1558 omnis
356 1498 576 1560 rheumatismos
594 1499 719 1559 cohibet.
749 1499 820 1559 lolia
843 1516 958 1576 quoque
973 1508 1014 1558 tu-

16 1593 126 1640 tnurem
142 1597 259 1642 omnem
273 1581 464 1660 doloremque
477 1591 506 1642 et
522 1582 679 1660 epiphoras
695 1583 806 1646 sedant.
836 1581 995 1642 Anaxilaus
1007 1593 1060 1647 154

29 1671 118 1722 auctor
149 1675 196 1724 est
224 1681 359 1726 mammas
389 1684 405 1725 a
432 1667 595 1742 uirginitate
620 1665 715 1725 inlitas
742 1683 857 1742 semper
881 1672 1013 1725 suturas.

29 1745 94 1821 quod
112 1756 225 1808 certum
248 1756 309 1824 est,
334 1748 380 1810 lac
396 1766 602 1828 puerperarum
617 1749 745 1808 mammis
760 1741 885 1826 inposita
907 1751 1014 1808 exstin-

27 1829 79 1902 quir
99 1847 299 1908 veneremque
324 1831 445 1893 testibus
467 1833 544 1894 circa
565 1831 744 1910 pubertatem
765 1831 855 1892 inlita.
887 1831 1015 1892 remedia

27 1910 116 1986 qubus
142 1913 273 1974 bibenda
301 1924 437 1975 censetur
466 1931 524 1974 non
555 1915 687 1994 equidem
712 1915 922 1994 praeceperim.
971 1916 1017 1980 ris

16 2009 143 2058 tuaruma
165 2007 253 2058 natae
270 1997 353 2057 Susis
369 1998 553 2073 Parthorum,
575 2016 643 2060 mox
662 1998 841 2072 Laconicae,
867 1996 1014 2074 Creticae,

24 2075 171 2156 Asiaticae,
192 2081 221 2138 in
237 2080 360 2141 Graecia
374 2098 446 2141 vero
462 2081 637 2158 Megaricae,
654 2081 757 2142 deiude
773 2082 899 2142 Atticae.
998 2142 1002 2151 ,

74 2162 158 2242 (96.)
174 2161 331 2222 crethmos
344 2167 444 2241 agrios
456 2166 580 2240 momina
592 2165 669 2225 tollit
679 2166 828 2226 oculorum
841 2166 994 2244 inpositus,
1007 2175 1058 2229 155
1142 2189 1144 2196 ¹

23 2248 153 2306 umorem
172 2263 292 2324 quoqne
307 2247 425 2325 polenta
441 2249 545 2308 addita.

78 2329 166 2409 (97.)
186 2329 323 2390 Nascitur
334 2331 426 2408 volgo
437 2331 638 2408 molybdneua,
650 2332 679 2391 id
690 2341 736 2391 ert
747 2331 915 2410 plumbago,
929 2333 1014 2390 etiam

16 2405 48 2466 on
60 2427 139 2487 arro,
156 2413 233 2473 iulio
247 2413 366 2492 lapathi,
382 2431 493 2488 crassa,
508 2414 630 2493 hispida.
675 2414 732 2474 hac
747 2415 972 2474 conmanducata
988 2415 1014 2472 si

21 2494 113 2635 pplrlrlna
128 2496 256 2556 subinde
273 2497 408 2574 linqatur,
425 2497 582 2576 plumbum,
600 2497 678 2575 quod
692 2515 785 2574 genus
798 2499 857 2572 viti,
876 2497 1013 2577 exoculo

68 2579 130 2638 itur.

71 2659 157 2742 (98.)
188 2661 305 2742 Gapuos
332 2673 446 2740 trunca,
472 2681 556 2740 quam
579 2665 669 2742 pedes
690 2664 873 2740 gallinaceos
894 2670 1015 2738 vocant,

20 2756 135 2804 macons
154 2748 186 2806 in
204 2748 352 2824 parietinis
366 2757 395 2806 et
411 2746 564 2824 saepibus,
583 2750 669 2808 ramis
686 2745 864 2809 tenuissimis
886 2747 1010 2824 sparsis·
1097 2757 1099 2761 ’

16 2841 86 2902 qua,
101 2829 181 2890 tiore
196 2847 358 2908 purpureo,
374 2829 487 2905 viridis,
507 2848 576 2890 suco
596 2831 747 2908 caliginem
761 2830 892 2906 discutit,
915 2831 1014 2908 itaque

18 2907 43 2965 in
55 2913 268 2972 medicamenta
284 2914 435 2974 oculorum
450 2913 570 2973 additur.

71 2994 158 3074 (99.)
183 2995 290 3055 Similis
306 3006 334 3055 et
350 2999 464 3058 nomine
487 3005 515 3054 et
535 2997 641 3056 ellectu
664 2995 716 3054 sed
736 2995 859 3055 aliaest
880 3011 991 3072 capnos
1002 3003 1054 3058 156

16 3072 165 3154 fruticosa,
179 3087 362 3156 praetenera,
375 3079 453 3139 foliis
470 3081 624 3154 coriandri,
640 3079 787 3139 cineracei
801 3079 921 3154 coloris,
938 3077 1012 3138 hore
1056 3135 1060 3144 ,

17 3173 171 3237 purpureo.
206 3164 332 3222 nascitur
347 3164 376 3220 in
391 3161 481 3222 hortis
499 3172 529 3222 et
546 3161 696 3240 segetibus
711 3162 895 3224 hordeaceis.
927 3161 1010 3221 clari·

16 3247 98 3304 tatem
120 3245 195 3304 iacit
216 3245 339 3305 inunctis
363 3247 456 3305 oculis
475 3245 798 3324 delacrimationemque
825 3265 878 3304 ceu
905 3246 1010 3319 fumus,

16 3325 85 3385 unde
99 3345 219 3387 nomen.
251 3329 352 3390 eadem
367 3329 486 3389 evolsas
504 3329 662 3408 palpebras
677 3332 791 3390 renasci
809 3329 951 3408 prohibet.
1055 3384 1059 3394 ,

72 3409 183 3488 (100.)
202 3410 323 3472 hcoron
338 3412 418 3472 iridis
432 3413 502 3472 lolia
517 3412 621 3489 habet,
644 3415 811 3490 angustiora
832 3422 938 3472 tautum
960 3418 990 3469 et
1002 3417 1052 3475 15⁷
1174 3409 1181 3438 '

16 3487 148 3570 longiora
173 3493 324 3572 pediculo,
339 3495 454 3557 radices
468 3498 567 3572 nigras
581 3499 731 3576 minusque
746 3513 888 3574 renosas,
910 3502 1011 3554 cetero
