2458 3906
278 195 682 317 unr.111sr.xx.·18-19.
700 256 854 334 (ts-ao.)
1009 254 1068 313 221

60 439 122 482 mox
136 424 167 481 in
183 421 331 496 lucernis,
347 431 379 482 ut
392 439 464 501 pura
479 422 577 482 luceat
592 421 702 482 hamma
715 430 744 481 et
759 431 788 482 ut
800 422 946 483 exstincto
957 421 1070 482 demum

61 506 149 582 oleat,
176 524 255 585 qnae
271 508 300 566 in
316 507 415 567 fucato
431 522 489 565 non
503 507 648 566 eveniunt.
683 505 851 567 accenditur
865 523 982 587 qnoque
996 507 1069 568 diiii·

60 591 139 650 cilins
152 599 185 650 et
202 589 310 651 crebro
327 592 529 668 exstinguitur.
563 599 608 652 est
625 589 733 650 sinceri
749 591 978 669 experimentum
996 600 1026 651 et
1042 593 1071 651 in

60 693 146 753 apua,
168 677 309 754 qnoniam
331 683 362 734 ut
382 673 525 736 nubecula
546 676 670 750 innatat,
697 675 793 736 lictum
816 677 844 734 in
865 674 984 754 pusulas
1000 677 1069 737 coit.

3 775 4 806 t
41 760 106 819 sscd
128 777 268 819 maxume
289 761 390 819 mirum
412 767 458 820 est
477 761 589 820 aestiuo
610 757 675 819 sole
697 758 887 838 deprehendi.
927 761 1071 821 sincerum

60 844 128 903 enim
142 845 240 914 ¹sudat
262 851 293 903 et
309 862 342 903 se
364 843 446 904 diluit
462 844 557 904 donec
572 859 644 904 suco
658 844 771 904 recenti
786 843 880 904 simile
897 844 955 904 liat.
991 843 1070 908 bloe-

59 927 131 988 sides
150 937 275 1008 optume
299 929 411 989 servari
435 937 516 1008 putat
540 928 710 1005 hyoscyami
731 930 842 988 semine
864 928 998 1005 adiecto,
1022 929 1071 989 alii

3 1027 4 1070 1
60 1011 175 1072 inlaba.

60 1152 63 1158 ,
117 1097 168 1158 19.
196 1098 282 1177 (77.)
305 1096 385 1158 Inter
397 1099 489 1159 sativa
502 1106 531 1158 et
542 1097 686 1158 silvestria
702 1097 825 1157 medium
837 1115 942 1175 genus,
960 1115 1050 1177 quon·
1062 1106 1115 1161 aot

32 1181 156 1240 miamin
185 1183 266 1242 arvis
291 1181 344 1242 sed
369 1191 475 1262 sponte
499 1191 687 1258 nasceretur,
710 1181 831 1242 rhoeam
853 1183 1021 1243 vocavimus
1039 1199 1112 1241 omes

61 1273 85 1324 et
98 1266 267 1326 erraticum.
300 1266 415 1344 puidam
432 1268 461 1329 id
476 1267 645 1345 decerptum
661 1266 791 1344 protinus
808 1284 872 1328 cum
888 1275 950 1327 toto
968 1266 1071 1342 calyce

60 1349 203 1411 mandunt.
233 1350 331 1410 alvom
347 1353 483 1413 exinanit.
516 1352 609 1430 capita
626 1352 752 1430 quinque
769 1350 893 1413 decocta
907 1353 936 1411 in
951 1352 1008 1411 vini
1022 1351 1070 1410 tri-

3 1493 5 1508 ,
60 1433 108 1493 bus
123 1435 253 1496 heminis
272 1444 344 1515 pota
360 1441 389 1496 et
405 1453 535 1496 somnum
547 1435 665 1496 iaciunt.

3 1515 4 1530 ³
119 1518 210 1598 (78.)
230 1519 414 1581 Silvestrium
430 1539 515 1581 unum
531 1538 624 1598 genus
638 1521 778 1580 ceratitim
790 1528 908 1596 vocant,
925 1521 1048 1597 nigrum,
1061 1528 1113 1582 205

3 1639 4 1686 y
34 1602 174 1664 accubitali
201 1602 370 1681 altitudine,
392 1605 491 1666 radice
512 1622 613 1665 crassa
637 1613 667 1664 et
690 1606 852 1681 corticosa,
878 1603 1013 1680 calyculo
1029 1605 1067 1663 in·

3 1691 5 1710 ²
62 1687 133 1747 lero
158 1697 195 1748 ut
219 1688 382 1749 corniculo.
421 1689 491 1751 lolia
517 1691 628 1748 minora
648 1698 678 1748 et
698 1689 831 1749 tenuiora
854 1707 938 1768 quam
964 1689 1070 1748 ceteris

61 1771 254 1834 silvestribus.
293 1791 394 1834 semen
412 1775 489 1834 exile
509 1774 715 1852 tempestiuom
736 1781 782 1834 est
797 1772 959 1850 messibus,
975 1773 1071 1833 alvom

3 1887 6 1948 t
63 1867 160 1934 purgat
179 1856 300 1918 dimidio
318 1857 472 1919 acetabulo
488 1860 516 1918 in
531 1857 635 1918 mulso.
664 1857 735 1919 lolia
752 1859 818 1918 trita
837 1875 901 1917 cnm
920 1857 988 1919 oleo
1004 1875 1049 1918 ar·
1061 1865 1113 1920 206

3 1951 5 1964 '
62 1957 138 2016 yema
159 1943 358 2002 iumentorum
382 1951 493 2004 sanant.
528 1943 612 2004 radix
629 1941 773 2003 acetabuli
790 1959 926 2003 mensura
943 1950 1028 2004 cocta
1043 1943 1072 2001 in

3 2023 5 2092 l
35 2023 168 2086 adnobns
185 2028 324 2086 sextariis
339 2027 375 2087 ad
390 2027 520 2089 dimidias
536 2027 620 2088 datur
636 2026 672 2087 ad
688 2026 848 2087 lumborum
863 2026 933 2088 vitia
950 2036 980 2087 et
999 2028 1070 2087 ioci·

3 2097 5 2174 l
63 2111 142 2182 neris.
178 2109 365 2171 carbunculis
381 2112 534 2173 medentur
548 2130 586 2170 ex
602 2109 691 2171 melle
705 2110 788 2172 lolia.
817 2111 931 2190 qnidam
947 2112 1004 2173 boo
1021 2130 1071 2189 ge-

3 2189 5 2224 *
63 2209 108 2253 nus
123 2194 268 2272 glaucion
283 2205 407 2272 vocant,
431 2195 479 2258 alii
498 2195 648 2275 paralium.
683 2197 811 2256 nascitur
826 2197 902 2257 enim
922 2197 951 2256 in
965 2196 1071 2257 adllatu

64 2281 140 2338 maris
157 2288 209 2340 aut
225 2281 339 2339 nitroso
357 2280 435 2343 loco.

3 2427 4 2430 ,
117 2364 206 2443 (79.)
238 2362 373 2425 Alterum
394 2383 411 2424 e
433 2362 617 2425 silvestribus
632 2382 726 2442 genus
743 2365 901 2426 heraclium
916 2373 1049 2440 vocatur,
1062 2373 1113 2427 207

3 2467 5 2488 τ
36 2445 94 2505 cab
113 2449 179 2509 aliis
195 2447 327 2527 aphron,
349 2448 445 2525 loliis,
468 2451 494 2508 si
508 2449 610 2528 procul
626 2450 780 2526 intuearis,
803 2451 953 2528 specimen
970 2467 1070 2528 passe·

63 2548 117 2590 run
133 2532 364 2611 praebentibus,
381 2533 481 2594 radice
495 2533 524 2592 in
539 2551 647 2594 summa
661 2541 758 2595 terrae
776 2543 859 2610 cute,
877 2535 986 2594 semine
1003 2551 1070 2612 spu·

3 2625 5 2682 t
62 2631 130 2674 neo.
172 2636 212 2677 ex
233 2617 291 2677 hoc
315 2618 372 2679 liua
394 2617 583 2696 splendorem
604 2617 719 2679 trahunt
740 2627 863 2680 aestate.
903 2617 1028 2678 tunditur
1042 2617 1071 2675 in

3 2691 4 2762 ἶ
64 2699 115 2776 pila
129 2701 329 2762 comitialibus
344 2701 454 2763 morbis
475 2702 620 2763 acetabuli
636 2721 769 2764 mensura
787 2706 815 2763 in
831 2705 898 2764 vino
915 2701 1000 2778 albo,
1019 2718 1070 2760 vo·

3 2783 5 2832 ῗ
62 2785 203 2846 mitionem
228 2789 305 2847 enim
327 2785 415 2864 iacit,
437 2787 648 2848 medicamento
671 2789 748 2868 quod
770 2787 925 2849 diacodion
945 2795 974 2847 et
995 2794 1070 2847 arte-

3 2905 4 2944 ,
37 2868 136 2930 auriaco
158 2879 287 2932 vocatur
307 2871 498 2933 utilissimum.
542 2871 574 2932 lit
597 2881 692 2932 autem
714 2872 797 2933 buius
823 2874 979 2952 papaveris
1003 2877 1114 2936 autho&

3 2973 4 2976 ¹
65 2954 267 3034 cuiuscumque
284 2956 430 3017 silvestris
446 2956 588 3036 capitibus
604 2970 674 3018 cxx
688 2957 716 3017 in
732 2975 825 3037 aquae
847 2957 983 3018 caelestis
1005 2975 1070 3017 sex·

65 3039 135 3099 tariis
157 3039 253 3100 tribus
275 3039 365 3101 biduo
388 3042 541 3103 maceratis
561 3043 590 3101 in
612 3041 773 3122 eademque
793 3041 950 3118 discoctis,
967 3041 1071 3103 deinde

3 3153 4 3180 1
66 3120 169 3185 siccato
196 3125 362 3204 iterumque
394 3143 457 3185 cunr
486 3126 574 3188 melle
604 3127 728 3188 decocto
757 3125 793 3187 ad
821 3126 951 3188 dimidias
980 3127 1071 3204 partis

3 3205 5 3282 l
62 3221 168 3285 vapore
186 3210 277 3270 tenui.
308 3209 448 3272 addidere
467 3221 573 3290 postea
587 3211 738 3272 drachmas
757 3230 842 3273 senas
859 3213 957 3288 croci,
975 3209 1070 3290 hypo·

3 3293 4 3356 ἶ
36 3291 206 3372 ttcistbidis,
234 3297 325 3370 turis,
355 3296 474 3356 acaciae
498 3304 527 3356 et
553 3298 632 3376 passi
659 3295 769 3357 Cretici
792 3299 959 3358 sextarium.
996 3295 1071 3355 haec

3 3375 5 3380 '
64 3380 273 3454 ostentatione,
296 3378 422 3458 simplex
439 3380 555 3458 quidem
570 3390 599 3442 et
613 3382 728 3461 antiqua
744 3381 793 3442 illa
810 3381 1069 3461 salubritaspapa·

64 3475 128 3522 rere
147 3473 177 3524 et
192 3462 284 3524 melle
302 3473 424 3527 constat.

3 3635 4 3638 Ἴ
120 3545 206 3626 (80.)
230 3547 360 3609 'l'ertium
375 3567 469 3627 genus
482 3558 527 3610 est
539 3550 724 3628 tithymalon,
739 3585 781 3596 -
795 3569 916 3614 mecona
930 3562 1046 3630 vocant,
1061 3561 1110 3608 nt*
