2430 3896
153 210 194 274 32
498 223 528 270 c.
545 223 640 270 nunu
655 221 805 271 secunus

154 387 275 455 argento
288 372 366 437 liunt.
390 377 587 456 Aucupatoria
599 375 728 436 harundo
742 394 758 438 a
772 373 933 436 Panhormo
946 371 1165 448 laudatissima,

153 464 309 542 piscatoria
324 462 480 522 Abaritana
496 479 533 520 ex
547 460 656 520 Airiea.

113 543 170 612 173
238 546 322 624 (67.)
352 543 523 604 Harundinis
538 543 638 603 ltaliae
656 560 724 602 usus
740 543 776 604 ad
789 544 890 604 vincas
903 559 1045 602 maxume.
1084 538 1167 600 Oato

155 631 212 690 seri
239 647 303 688 earn
325 628 405 710 ipbet
432 631 461 687 in
482 628 583 688 umidis
605 628 683 705 agris
704 627 813 706 bipalio
835 627 955 687 subacto
974 625 1056 704 prins
1077 623 1165 701 solo,

154 713 247 774 oculis
264 713 411 792 dispositis
429 706 581 772 intervallo
596 720 743 771 ternorum
766 711 886 790 pedum,
908 709 1035 770 simulet
1053 725 1189 768 curru-e

154 797 234 873 dam,
257 798 333 856 unde
355 799 489 876 asparagi
514 797 582 856 liant
595 831 637 840 -
654 796 834 856 concordare
853 795 1004 854 amicitiam
1020 825 1079 872 ·-,
1104 793 1163 854 37.

156 882 261 941 salices
281 899 353 942 vero
373 883 465 956 circa,
487 898 542 958 qua
557 879 634 940 nulla
650 881 845 958 aquaticarum
865 878 977 953 utilior,
1005 876 1076 936 lieet
1104 892 1165 954 po·

155 965 215 1043 puli
233 964 340 1026 vitibus
362 963 496 1044 placeant
517 972 546 1024 et
561 961 698 1023 Caecuba
719 965 858 1039 educent,
883 963 953 1021 licet
973 959 1029 1020 alui
1057 961 1164 1038 saepi·

153 1048 208 1108 bus
222 1051 347 1110 muniant
362 1059 521 1127 contraque
533 1047 739 1126 erumpentium
752 1049 871 1108 amnium
886 1047 1009 1124 impetus
1024 1045 1165 1122 riparum

154 1149 236 1192 muro
252 1135 280 1193 in
297 1133 387 1192 tutela
405 1135 480 1192 ruris
496 1130 643 1192 excubent
657 1133 686 1190 in
702 1151 775 1211 aqua
793 1141 883 1207 satae,
900 1145 1064 1207 caesaeque
1084 1127 1163 1187 den·
1176 1145 1201 1186 ro

156 1218 215 1277 sius
235 1219 383 1276 innumero
403 1217 513 1276 herede
532 1216 653 1294 prosint.

115 1309 166 1365 174
235 1301 319 1380 (68.)
344 1301 448 1362 salicis
468 1302 563 1360 statim
584 1300 668 1378 plura
683 1315 802 1376 genera.
838 1315 960 1376 numque
986 1305 1015 1356 et
1034 1295 1065 1355 in
1086 1311 1164 1374 pro-

158 1386 306 1445 ceritatem
317 1403 449 1461 magnam
461 1386 590 1444 emittunt
601 1385 676 1460 iugis
686 1384 833 1442 vinearum
841 1383 969 1461 perticas
981 1380 1163 1458 pariuntque

156 1470 256 1530 balteo
273 1470 391 1530 corticis
405 1468 536 1544 vincula,
554 1477 584 1528 et
601 1467 676 1527 aliae
693 1469 791 1543 virgas
807 1465 943 1545 sequacis
957 1464 994 1524 ad
1007 1464 1163 1522 vincturas

156 1555 295 1629 leutitiae,
322 1552 393 1613 alias
409 1554 573 1632 praetenuis
588 1550 740 1610 viminibus
752 1550 884 1610 tenendis
895 1546 1049 1628 spectabili
1065 1545 1200 1606 subtile

156 1638 244 1697 litate.
289 1655 388 1698 rursus
410 1637 486 1698 aliae
514 1636 656 1696 firmiores
682 1634 818 1695 corbibus
838 1652 875 1694 ac
901 1632 1049 1711 plurumae
1079 1630 1162 1708 agri·

157 1722 286 1781 celarum
312 1721 506 1799 supellectili,
539 1718 722 1781 candidiores
748 1718 845 1779 ablato
875 1717 1002 1792 cortice,
1035 1714 1163 1794 levique

155 1814 277 1865 tractatu
299 1805 481 1864 mollioribus
509 1806 603 1880 vasis,
626 1821 699 1881 quae
721 1814 752 1863 ut
774 1820 829 1861 nec
852 1802 933 1861 corio
950 1799 1017 1860 bant
1036 1797 1162 1872 eodem,

156 1898 242 1966 atque
264 1889 349 1948 etiam
373 1890 537 1966 supinarum
563 1889 592 1946 in
615 1887 734 1948 delicias
756 1886 954 1947 cathedrarum
975 1883 1161 1962 aptissimae.

115 1982 164 2036 175
178 1969 294 2031 Gaedua
313 1972 394 2031 salici
416 1971 549 2031 fertilitas
571 1971 747 2050 densiorque
767 1969 883 2030 tonsura
900 1987 938 2028 ex
954 1966 1037 2027 brevi
1056 1977 1199 2044 pugnem

155 2057 254 2115 verius
272 2072 355 2132 quarn
371 2073 466 2131 ramo,
484 2072 556 2131 non,
575 2062 605 2114 ut
620 2073 730 2130 remur,
746 2055 774 2113 in
788 2053 952 2114 novissimis
969 2049 1097 2111 curanda
1114 2067 1162 2110 ar-

155 2139 240 2198 bore.
269 2138 374 2198 nullius
393 2141 500 2218 quippe
516 2140 604 2198 tutior
619 2138 728 2199 reditus
744 2147 789 2199 est
800 2139 956 2198 minorisve
975 2133 1093 2213 inpendi
1110 2142 1164 2194 aut

155 2223 369 2301 tempestatium
386 2225 526 2283 securior.

115 2315 165 2370 176
241 2307 325 2386 (69.)
348 2306 475 2368 Tertium
490 2308 586 2368 locurn
601 2308 628 2367 ei
644 2308 672 2366 in
687 2306 886 2366 aestimatione
898 2305 973 2365 ruris
986 2299 1059 2362 Cato
1077 2303 1164 2362 attri-

155 2389 216 2450 buit
232 2393 417 2470 prioremque
434 2409 518 2471 quam
534 2392 649 2450 olivetis
667 2407 809 2469 quamque
827 2389 969 2449 frumento
990 2394 1038 2448 aut
1052 2387 1163 2463 pratis,
1174 2407 1199 2447 aa

156 2493 211 2534 nec
227 2476 293 2554 quia
309 2476 403 2536 desint
419 2476 474 2535 alia
490 2475 614 2535 vincula.
648 2474 789 2553 siquidem
805 2482 834 2533 et
848 2473 980 2550 genistae
1002 2478 1031 2529 et
1054 2469 1164 2548 populi

157 2569 188 2619 et
205 2559 272 2620 ulrni
290 2569 320 2618 et
336 2560 486 2636 sanguinei
508 2559 627 2619 lrutices
646 2568 675 2618 et
696 2557 824 2618 betullae
842 2566 872 2617 et
891 2555 1019 2618 harundo
1041 2553 1116 2614 lissa
1134 2562 1166 2613 et

156 2642 343 2702 harundinum
358 2642 438 2720 lolia,
455 2651 486 2705 ut
500 2643 527 2701 in
535 2640 660 2719 Liguria,
672 2651 701 2701 et
709 2643 775 2702 vitis
787 2644 852 2720 ipsa
866 2641 1028 2717 recisisque
1043 2637 1164 2696 aculeis

156 2727 219 2786 rubi
241 2726 367 2802 adligant
389 2735 418 2786 et
434 2727 538 2785 intorta
555 2726 672 2800 corylus
689 2759 730 2771 -
745 2727 902 2804 mirumque
914 2732 1061 2785 -contunso
1077 2722 1163 2800 ligno

157 2809 242 2868 alicui
264 2811 389 2869 maiores
412 2811 448 2870 ad
469 2810 584 2869 vincula
606 2828 673 2869 esse
696 2811 764 2870 viris
780 2843 839 2885 -,
858 2808 940 2870 salici
957 2819 1053 2868 tamen
1071 2824 1200 2884 prae-m

116 2900 165 2955 stt
179 2894 263 2971 cipua
279 2893 342 2952 dos.
366 2892 496 2953 Finditur
512 2892 624 2954 Graeca
640 2893 763 2971 rubens,
787 2893 935 2954 candidior
951 2893 1089 2952 Amerina
1106 2890 1164 2950 sed

157 2977 245 3056 paulo
265 2977 397 3053 fragilior
419 2979 485 3037 ideo
507 2978 602 3038 solido
625 2977 696 3054 ligat
715 2995 801 3036 nexu.
834 2979 861 3036 in
879 2976 948 3036 Asia
970 2977 1023 3035 tria
1045 2992 1163 3052 genera

157 3061 328 3120 observant:
352 3062 469 3138 nigram
495 3063 638 3122 utiliorem
664 3061 833 3137 viminibus,
865 3061 1012 3121 candidam
1042 3060 1162 3136 agrico-

157 3145 246 3206 larum
267 3143 383 3220 usibus,
406 3147 519 3204 tertiam
541 3163 616 3224 quae
636 3145 805 3204 brevissima
830 3153 874 3204 est
895 3145 1020 3206 helicem
1038 3151 1159 3202 vocant.

95 3259 98 3267 ·
156 3229 232 3307 apud
251 3244 304 3286 nos
326 3244 442 3306 qnoque
459 3229 538 3287 multi
561 3229 680 3289 totidem
704 3229 861 3306 generibus
877 3230 990 3288 nomina
1008 3227 1160 3307 inponunt,
1172 3247 1199 3288 ee

155 3312 316 3372 viminalem
337 3321 453 3373 vocant
483 3313 661 3391 eandemque
691 3329 882 3391 purpuream,
912 3313 1032 3372 alteram
1061 3309 1160 3370 niteli-

156 3413 219 3492 nam
235 3414 251 3456 a
268 3396 368 3456 colore
385 3414 459 3474 qnae
478 3397 514 3455 sit
531 3398 655 3474 tenuior,
671 3397 783 3456 tertiam
799 3393 936 3456 Gallicam
958 3413 1032 3474 quae
1048 3395 1160 3454 tenuis·

156 3495 235 3538 srma.
