2458 3906
281 255 363 302 ιιιι.
379 255 471 305 mss.
486 256 545 304 xx.
563 253 683 308 23—24.
703 245 874 322 (oo-loo.)
1022 243 1080 306 231

77 414 134 489 ipsa
148 408 234 470 radix
248 410 403 489 inponitur.
434 411 477 470 sic
494 419 524 470 et
539 411 708 472 torminibus
723 410 871 486 medetur,
899 428 938 470 ex
953 410 1021 487 oleo
1034 429 1082 472 au·

78 503 129 554 ten
145 502 175 554 et
199 501 285 554 aceto
309 503 411 554 contra
428 493 550 555 sudores
568 494 728 556 inmodicos
747 494 797 555 vel
813 497 842 556 iu
862 493 993 555 febribus
1015 512 1082 572 pro·

78 577 138 638 ficit.
169 593 257 638 sucus
278 577 390 639 ferulae
415 578 511 644 aluom
535 579 623 639 solvit
647 577 733 640 fabae
755 579 948 657 magnitudine
972 578 1124 643 devo-261

76 670 159 720 ratas.
189 661 308 722 eviridi
324 661 450 722 medulla
466 662 562 723 volvis
577 662 654 723 utilis
670 662 765 722 estad
778 664 872 722 onmia
888 679 923 722 ea
937 664 1015 723 vitia.
1047 662 1083 723 ad

57 746 240 822 ssanguinem
258 746 416 807 sistendum
439 748 541 807 decem
562 764 652 825 grana
675 747 792 805 seminis
813 744 948 806 bibuntur
963 748 992 805 in
1015 747 1082 806 vino

76 831 138 889 trita
156 829 206 888 vel
227 829 364 890 medulla.
395 839 461 889 sunt
477 831 525 909 qui
545 829 735 891 comitialibus
758 830 867 890 morbis
889 829 1010 891 dandum
1031 849 1082 910 pu·

77 921 134 972 tent
149 912 215 973 luna
231 922 349 992 quarta,
371 922 473 990 sexta,
497 924 646 993 septumo,
670 913 797 991 lingulae
811 930 955 974 mensura.
982 923 1081 975 natura

75 995 228 1059 ferularum
253 1000 380 1058 murenis
402 995 588 1060 infestissima
610 1007 670 1076 est,
694 1006 788 1058 tactae
814 998 956 1076 siquidem
972 1016 1007 1058 ea
1020 1015 1079 1057 rno-

74 1082 188 1141 riuntur.
220 1079 327 1142 Castor
346 1081 451 1142 radicis
468 1099 566 1142 sucum
588 1091 617 1142 et
639 1081 788 1143 oculorum
805 1081 928 1142 claritati
945 1080 1081 1142 conferre

47 1165 187 1224 nmultum
201 1167 324 1244 putarit.

132 1249 220 1326 (99.)
245 1248 283 1310 ltt
306 1249 343 1310 de
370 1249 540 1311 carduorum
562 1260 625 1311 satu
655 1251 730 1310 inter
755 1248 904 1308 hortensia
927 1247 1060 1324 duximus,
1072 1258 1124 1312 969

75 1342 253 1412 quapropter
277 1343 307 1393 et
332 1334 502 1395 medicinam
529 1353 567 1396 ex
594 1334 639 1394 bis
662 1351 721 1393 non
746 1332 921 1393 differamus.
953 1331 1040 1392 silve·
1050 1332 1080 1376 ¹⁹
1089 1331 1123 1365 ¹⁵²

74 1418 169 1476 strium
194 1435 308 1494 genera
332 1427 396 1478 suut
411 1417 488 1495 duo,
521 1435 605 1480 unum
633 1418 800 1478 fruticosius
828 1435 844 1476 a
871 1424 950 1476 terra
976 1416 1081 1493 statim,

74 1500 193 1560 alterum
219 1501 356 1562 unicaule
387 1504 524 1562 crassius.
570 1503 685 1580 utrique
711 1501 783 1562 folia
809 1516 918 1581 pauca,
951 1501 1079 1600 spinosa,

47 1586 218 1645 inmorientis
235 1585 444 1661 cacuminibus,
471 1586 524 1646 sed
538 1587 614 1648 alter
628 1586 730 1647 florem
748 1601 925 1663 purpureum
942 1584 1049 1644 mittit
1040 1603 1080 1644 rn-

73 1676 114 1727 ter
133 1669 250 1730 medios
270 1668 392 1730 aculeos
410 1670 550 1731 celeriter
568 1678 773 1731 canescentem
795 1677 826 1728 et
848 1665 1001 1728 abeuntem
1017 1685 1081 1727 curn

73 1770 153 1830 aura,
178 1746 353 1833 σκόλυμον
371 1753 475 1815 Graeci
490 1763 606 1816 vocant.
636 1753 684 1814 hic
704 1762 856 1831 antequam
869 1750 973 1811 foreat
992 1760 1124 1815 coo-bot

73 1845 170 1898 tonsus
192 1847 282 1918 atque
303 1856 463 1917 expressus
490 1838 571 1899 inlito
595 1855 668 1914 suco
688 1837 839 1916 alopecias
861 1835 968 1913 replet.
999 1834 1081 1896 radix

75 1922 279 2000 cuiuscumque
301 1941 340 1982 ex
355 1940 430 2002 aqua
451 1921 573 1983 decocta
595 1920 747 2001 potoribus
770 1920 845 1980 sitim
865 1920 964 1979 facere
983 1937 1080 1980 narra·

44 2013 123 2065 star.
167 2005 350 2066 stomachum
372 2005 548 2067 conroborat
570 2016 599 2067 et
620 2006 732 2081 volvis,
758 2005 783 2064 si
806 2003 965 2078 credimus,
995 2003 1081 2063 etiarn

74 2089 207 2149 conferre
225 2089 333 2168 aliquid
352 2090 472 2151 traditur
487 2099 518 2149 ut
538 2108 633 2151 mares
651 2089 816 2166 gignantur.
846 2088 875 2148 id
896 2088 971 2147 enim
987 2085 1080 2148 Chae·

73 2191 137 2233 reae
167 2173 306 2234 Glaucias
333 2175 489 2252 adscripsit
514 2175 562 2252 qui
594 2175 672 2234 circa
698 2173 823 2233 carduos
845 2170 1101 2248 diligentissimus

73 2256 192 2318 ridetur.
226 2257 366 2317 mastiche
383 2276 399 2316 e
414 2257 530 2319 carduis
544 2258 665 2319 odorem
680 2255 861 2316 commendat
875 2257 944 2315 oris.

131 2341 183 2402 24.
209 2340 317 2420 (100.)
340 2342 398 2401 Sed
410 2341 577 2402 'discessuri
594 2341 629 2401 ab
645 2340 801 2402 hortensiis
822 2357 906 2400 unam
925 2340 1060 2417 conposi·
1072 2346 1124 2401 264

45 2426 176 2484 cuonem
195 2442 234 2484 ex
248 2423 293 2484 bis
310 2425 497 2486 clarissimam
515 2425 694 2485 subteximus
708 2426 849 2485 adversus
865 2431 1007 2483 venenata
1023 2423 1082 2482 ani·

73 2509 152 2569 malfa
170 2510 294 2569 incisam
310 2509 339 2568 in
353 2509 450 2588 lapide
466 2509 599 2570 versibus
612 2507 666 2568 Goi
687 2509 716 2568 in
734 2508 808 2568 aede
824 2505 1000 2584 Aesculapi:
1019 2524 1080 2565 ser·

73 2592 140 2670 pylli
156 2593 244 2653 duum
259 2593 442 2653 denariorum
458 2594 587 2694 pondus,
607 2593 786 2672 opopanacis
801 2600 831 2652 et
844 2591 901 2650 mei
915 2590 1081 2650 tantundem

74 2677 267 2753 singulorum,
288 2675 378 2736 trifoli
402 2679 520 2738 seminis
541 2677 654 2756 pondus
671 2677 786 2752 denari,
816 2674 896 2734 anesi
914 2682 944 2733 et
962 2672 1081 2733 feniculi

74 2761 186 2820 seminis
216 2769 246 2820 et
273 2761 328 2820 ami
356 2769 386 2820 et
406 2762 454 2838 api
479 2761 625 2822 denarium
646 2777 747 2821 senum
769 2756 890 2836 singulis
909 2757 1080 2856 generibus,

47 2845 132 2903 acervi
153 2845 266 2906 farinae
293 2843 456 2905 duodecim.
491 2845 565 2906 baec
591 2855 674 2906 tunsa
699 2844 884 2921 cribrataque
906 2827 974 2903 vino
997 2858 1081 2921 quam

75 2929 163 3006 possit
180 2927 342 2988 excellenti
360 2927 558 3005 digeruntur
549 2947 577 2989 ιιι
593 2928 726 3007 pastillos
744 2926 888 2988 victoriati
909 2925 1079 3004 ponderum.

1 3037 2 3042 ¹
76 3029 111 3070 ex
131 3011 175 3072 his
199 3011 307 3090 singuli
324 3012 426 3072 dautur
447 3031 485 3072 ex
508 3013 565 3072 vini
585 3013 665 3072 mixti
683 3010 794 3086 cyathis
818 3009 919 3069 ternis.
948 3009 1003 3070 bac
1018 3007 1080 3068 the·

75 3095 149 3156 riacc
162 3094 290 3174 Magnus
311 3095 472 3156 Antiochus
496 3114 550 3156 rex
570 3097 710 3156 adversus
734 3094 829 3153 omnia
849 3101 991 3155 venenata
1011 3109 1080 3152 usus

76 3180 192 3240 traditur
206 3178 311 3259 aspide
328 3188 464 3258 excepta.
