2430 3896
366 537 401 622 d.
430 537 579 622 Pbllll
609 537 842 624 subdunt

207 709 586 808 lll'lllllbbll
626 709 1007 808 lllllllllllb

443 871 768 938 nrennxvr.

118 1096 215 1174 (Sect.
234 1095 279 1173 1.)
324 1093 489 1156 Pomiierae
505 1094 628 1155 arbores
652 1113 788 1174 quaeque
804 1093 967 1156 mitioribus
988 1095 1097 1162 sucisl

66 1180 233 1260 uoluptatem
249 1180 361 1258 primae
378 1178 450 1240 cibis
468 1179 625 1242 attulerunt
638 1188 667 1239 et
679 1181 850 1242 necessario
867 1179 1003 1240 alimento
1017 1180 1067 1242 dc·

66 1265 136 1326 licias
151 1265 281 1324 miscere
298 1263 477 1342 docueruut,
502 1265 566 1325 eive
582 1264 651 1326 illae
666 1264 743 1325 ultro
759 1265 823 1326 sive
839 1264 876 1326 ab
890 1264 1007 1326 bomine
1025 1265 1067 1326 di·

66 1349 153 1409 dicere
176 1348 302 1410 blandos
323 1365 448 1428 sapores
469 1349 628 1428 adoptione
644 1358 674 1410 et
690 1349 834 1426 conubio,
856 1349 944 1429 idque
966 1367 1068 1410 munus

52 1434 138 1495 aetiam
149 1433 222 1495 ieris
234 1433 466 1514 volucribusque
476 1433 637 1510 dididimns‚
650 1436 725 1496 intra
739 1434 907 1514 praedictas
923 1443 1065 1496 constant.

66 1536 225 1598 proxumum
242 1527 305 1579 erat
320 1535 441 1579 narrare
458 1519 638 1597 glandiieras
650 1537 786 1599 quoque,
807 1537 882 1598 quae
895 1519 1006 1600 primae
1024 1520 1066 1579 vi-

66 1613 130 1664 ctum
146 1603 311 1664 mortalium
332 1604 466 1665 aluerunt
480 1604 611 1665 nutrices
631 1606 726 1684 inopis
748 1623 783 1666 ac
806 1603 889 1665 ferae
911 1606 1014 1679 sortis,
1037 1604 1067 1665 ui

65 1691 202 1766 praeverti
218 1696 344 1766 cogeret
359 1689 509 1750 admiratio
522 1708 576 1749 usu
591 1699 742 1769 conperta,
757 1707 899 1768 quaenam
914 1689 1067 1767 qualisque

66 1783 135 1834 esset
149 1773 208 1834 rita
226 1774 290 1834 sine
308 1772 416 1834 arbore
430 1774 501 1850 nlla,
520 1775 583 1834 sine
600 1773 706 1835 frutice
721 1775 887 1834 viventium.

43 1871 60 1910 u
119 1856 189 1937 (lap.
211 1859 238 1917 l.
283 1857 415 1918 Diximus
437 1867 466 1919 et
488 1861 517 1918 in
545 1860 658 1920 oriente
683 1859 800 1938 quidem
822 1858 902 1920 iuxta
926 1870 1094 1923 occanum

66 1941 203 2022 conpluris
220 1961 256 2002 ea
270 1943 300 2001 in
314 1944 494 2004 necessitate
509 1945 618 2022 gentis.
641 1953 707 2004 eunt
727 1961 800 2005 vcro
823 1944 1108 2022 etinsepten·1e.ree

65 2029 146 2087 trione
161 2029 245 2086 visae
260 2027 346 2087 nobis
363 2026 545 2089 Chaucorum
561 2031 609 2107 qui
621 2029 748 2089 maiores
760 2029 947 2106 minoresque
963 2028 1065 2108 appel·

66 2111 153 2172 lentur.
184 2119 270 2172 vasto
292 2111 334 2171 ibi
354 2121 450 2173 meatu
472 2112 517 2173 bis
538 2112 649 2173 dierum
672 2114 858 2192 noctiumque
887 2113 1066 2190 singularum

66 2197 216 2257 intervallis
243 2197 354 2258 effusus
379 2198 407 2256 in
431 2199 592 2258 inmensum
622 2198 717 2275 agitur
749 2215 895 2273 oceanus,
926 2199 1064 2277 operiens

43 2291 201 2342 caeternum
224 2299 322 2342 rernm
342 2290 464 2344 naturae
490 2283 738 2359 controversiam,
765 2279 942 2360 dubiumque
966 2291 1064 2344 terrae

67 2367 138 2426 situm
151 2386 188 2427 an
205 2375 320 2445 partem
338 2369 435 2428 maris.
472 2367 543 2444 illie,
560 2368 667 2428 misera
682 2385 773 2446 gens,
792 2366 917 2427 tumulos
932 2367 1094 2446 optinente

67 2450 129 2510 ullos
143 2461 191 2512 aut
202 2451 359 2512 tribunalia
370 2460 518 2513 exstructa
530 2453 661 2513 manibus
673 2452 709 2513 ad
721 2453 921 2531 experimenta
932 2450 1064 2512 altissimi

67 2545 167 2612 aestus,
191 2537 271 2596 casis
285 2537 325 2596 ita
343 2537 477 2616 inpositis
492 2536 692 2614 navigantibus
715 2536 825 2597 similes
850 2554 914 2595 cum
934 2537 1065 2612 integant

68 2637 146 2698 aquae
163 2621 352 2698 circumdata,
368 2621 517 2699 naufragis
531 2639 604 2682 vero
625 2639 689 2682 cum
704 2620 894 2695 recesserint,
912 2618 1063 2697 fugientis-

41 2722 113 2782 aqre
128 2723 190 2764 cum
211 2707 283 2766 mari
300 2706 391 2784 piscis
413 2707 493 2766 circa
514 2707 629 2783 tuguria
650 2714 800 2767 venantur.
838 2720 896 2763 nen
920 2703 1063 2782 pecudem

11 2769 13 2814 '
68 2787 103 2847 lis
115 2789 235 2865 babere,
252 2807 311 2849 nou
326 2790 402 2850 lacte
415 2789 496 2850 aliut
511 2790 646 2866 finitimis,
663 2809 700 2850 ne
720 2807 784 2850 curn
799 2787 873 2848 ieris
889 2789 1005 2866 quidem
1022 2789 1062 2849 di-

11 2821 13 2920 i
68 2873 159 2934 micare
175 2875 318 2952 contingit
334 2876 409 2934 omni
426 2874 531 2954 procul
548 2874 653 2935 abacto
668 2874 784 2935 frutice.
814 2872 882 2933 ulva
897 2881 926 2932 et
941 2873 1092 2952 palustri4

11 3007 13 3048 q
69 2958 139 3018 iunco
153 2959 229 3020 iunia
243 2968 364 3020 nectunt
378 2959 415 3020 ad
432 2959 633 3039 praetexenda
645 2958 776 3038 piscibus
789 2958 873 3033 retia,
888 2966 1062 3036 captumque

11 3059 13 3118 t
69 3043 181 3104 manibus
197 3044 288 3104 lutum
304 3043 399 3104 ventis
414 3045 507 3122 magis
526 3062 611 3124 quam
627 3043 692 3104 sole
713 3044 860 3104 siccantes
884 3050 964 3102 terra
980 3041 1062 3102 cibos

11 3127 13 3194 ζ
44 3134 95 3184 eet
107 3129 223 3206 rigentia
239 3127 441 3208 septentrione
455 3130 571 3190 viscera
586 3146 639 3189 sua
653 3137 746 3188 urunt.
779 3136 866 3206 petus
880 3127 1006 3187 nonnisi
1024 3143 1063 3185 ex

11 3215 13 3302 q
70 3210 147 3273 imbre
162 3224 279 3275 servato
296 3213 450 3276 scrobibus
466 3215 495 3273 in
511 3213 659 3274 vestibulo
675 3212 786 3273 demus.
820 3220 849 3272 et
870 3212 925 3273 hae
944 3218 1060 3288 gentes,

11 3309 13 3420 q
72 3295 238 3360 sirinnantur
252 3299 343 3362 bodie
363 3317 379 3359 a
396 3300 507 3380 populo
522 3298 670 3373 Romano,
695 3298 810 3358 servire
825 3315 858 3356 se
882 3294 992 3357 dieunt!
1022 3295 1062 3356 ita

11 3421 12 3440 r
74 3389 111 3439 est
121 3384 265 3461 proiecto:
285 3384 382 3444 multis
396 3385 512 3446 iertuna
527 3384 621 3463 parcit
635 3384 664 3443 in
679 3399 813 3463 poenam.

123 3467 180 3549 (2.)
222 3469 313 3530 Aliud
329 3487 345 3528 e
367 3470 450 3530 siluis
469 3469 652 3531 miraculum:
676 3476 768 3528 totum
787 3465 929 3545 reliquam
945 3463 1091 3528 Germa-5

11 3531 13 3616 i
48 3548 133 3611 adun
145 3555 257 3634 replent
272 3553 437 3634 adduntque
454 3553 557 3631 frigori
572 3552 699 3628 umbras,
716 3553 873 3692 altissimap
881 3559 982 3670 ⁵pumen
993 3549 1064 3611 baut
