2504 3930
181 223 243 288 306
535 240 565 286 c.
582 239 677 288 rurus
693 239 842 286 securint

181 391 296 452 testudo
310 391 417 452 decisis
432 391 565 470 pedibus,
582 395 688 470 capite,
706 395 806 468 cauda,
822 403 851 454 et
864 395 1005 454 intestinis
1022 383 1175 474 exemptis,

181 476 292 552 reliqua
303 493 389 536 carne
401 478 440 536 ita
451 475 564 536 condita
576 485 607 534 ut
621 479 692 536 citra
707 477 850 536 fastidium
862 479 932 536 sumi
946 479 1049 556 possit.
1073 477 1177 541 Cancri

181 558 335 618 fluviatiles
353 577 391 618 ex
407 561 468 618 iure
485 560 588 636 sumpti
604 569 633 618 et
649 559 799 638 phthisicis
817 560 958 639 prodesse
975 562 1136 627 raduntur.

140 654 190 708 119
254 642 338 720 (40.)
358 641 470 702 Adusta
484 653 619 702 sanarum
634 645 730 704 cancri
745 645 844 704 marini
858 644 906 704 sel
917 644 1061 704 fluviatilis
1077 648 1177 706 cinere

180 744 219 786 ex
235 726 322 801 oleo,
349 725 546 801 ichthyocolla
571 745 606 786 ac
628 745 760 786 ranarum
783 729 880 786 cinere
902 746 937 787 ea
957 745 1031 805 quae
1051 729 1197 788 ferventis

180 827 254 887 aqua
271 809 420 870 combusta
437 811 503 869 sint.
529 810 602 870 haec
622 813 732 872 curatio
758 812 843 870 etiam
864 811 941 888 pilos
963 813 1090 872 restituit
1114 831 1176 872 curu

179 911 350 956 cancrorum
379 892 555 952 fluviatilium
583 895 697 969 cinere,
730 903 830 970 petant
855 894 988 954 utendum
1017 913 1082 954 cum
1110 914 1176 955 cera

181 985 210 1035 et
230 975 316 1056 adipe
335 977 444 1040 ursino.
481 975 601 1054 prodest
617 986 647 1054 et
667 977 832 1036 librinarum
847 977 964 1055 pellium
985 979 1067 1036 einis.
1097 977 1177 1054 Ignis

181 1075 282 1120 sacros
297 1061 458 1136 restingunt
467 1077 597 1120 ranarum
609 1062 764 1123 visentium
778 1070 895 1120 renuas
907 1061 1034 1140 inpositi,
1052 1062 1174 1140 pedibus
1232 1089 1234 1096 v

156 1149 159 1154 '
179 1143 391 1222 posterioribus
417 1160 524 1221 pronas
542 1144 693 1220 adalligari
713 1143 811 1205 inirent
832 1153 862 1202 ut
879 1141 1029 1204 crebriore
1050 1145 1206 1204 anhelitum

180 1229 301 1305 prosint.
343 1236 457 1288 utuntur
483 1237 513 1286 et
543 1228 695 1288 silurorum
726 1227 891 1288 salsamenti
922 1230 1045 1306 capitum
1079 1229 1178 1288 cinere
1232 1231 1234 1292 l

180 1329 218 1370 err
239 1320 333 1371 aneto.
365 1309 506 1371 Pruritnm
527 1310 712 1389 scabiemque
732 1328 789 1370 non
806 1311 948 1372 hominum
969 1311 1053 1372 modo
1077 1313 1180 1372 sedet
1232 1325 1234 1390 3

179 1393 385 1536 quadripedum
407 1395 610 1456 efficacissime
632 1394 716 1456 sedat
737 1396 817 1454 iecur
839 1397 1006 1474 pastinacae
1026 1395 1180 1454 decoctum
1230 1399 1234 1496 i*

180 1479 208 1536 ib
225 1493 302 1536 oco.
1233 1497 1234 1502 ¹

140 1573 190 1625 lio
247 1561 331 1640 (41.)
354 1561 468 1622 Nerros
489 1561 539 1622 vel
556 1564 708 1641 praecisos
732 1579 920 1640 purpurarum
943 1563 1046 1622 callum
1064 1579 1123 1639 qno
1147 1579 1234 1640 sers3

180 1646 315 1723 operiunt
332 1653 443 1705 murum
464 1645 597 1721 glutinat.
628 1646 946 1722 tetanicoseoagulum
963 1647 1042 1706 vituli
1064 1646 1180 1706 adiurat

180 1745 218 1788 er
235 1729 301 1787 rino
317 1737 414 1806 potum
428 1727 508 1790 oboli
524 1729 665 1806 pondera,
682 1733 750 1790 item
761 1728 967 1804 ichthyocolla,
980 1729 1120 1789 tremulos
1131 1747 1177 1788 ca·

181 1821 318 1888 storaum,
332 1815 357 1870 si
372 1831 410 1872 ex
426 1813 494 1872 oleo
507 1822 733 1891 perunguantur.
755 1812 858 1874 mullus
872 1815 902 1872 in
916 1812 981 1873 cibo
993 1813 1102 1872 inutilis
1114 1831 1177 1872 ner·

179 1913 224 1954 vus
240 1912 364 1956 unvano.

138 1989 187 2043 121
246 1979 330 2057 (42.)
353 1980 527 2056 Sanguinem
548 1979 610 2039 lieri
630 1981 750 2058 piscium
768 1980 834 2040 cibo
851 1988 966 2058 putant,
988 1979 1050 2040 sisti
1069 1979 1179 2058 polypo
1187 1997 1211 2038 rr

179 2071 263 2121 tunso
279 2063 435 2141 inlitaque,
451 2063 487 2123 de
503 2081 560 2141 qno
577 2072 606 2122 et
621 2063 695 2124 haee
710 2063 871 2124 traduntur:
894 2063 1010 2123 muriam
1032 2065 1130 2140 ipsum
1145 2080 1180 2122 er

180 2163 248 2204 sese
263 2148 394 2206 emittere
417 2155 446 2206 et
466 2146 532 2206 ideo
553 2163 610 2208 non
630 2145 740 2206 debere
761 2146 827 2208 addi
849 2148 877 2207 in
892 2145 1063 2224 coquendo,
1087 2146 1177 2206 secari
1232 2207 1234 2212 ,

179 2228 348 2307 harundine,
360 2229 440 2290 ierro
455 2231 532 2290 inici
544 2230 698 2308 uitiumque
714 2229 829 2290 trahere
839 2238 938 2289 natum
949 2229 1124 2290 dissidente.
1145 2228 1179 2288 ad

180 2314 346 2392 sanguinem
362 2312 518 2374 sistendum
533 2322 707 2374 strenarum
722 2313 843 2374 inlinunt
857 2315 982 2375 cinerem
996 2313 1045 2372 uel
1064 2313 1181 2390 sangui·
1229 2325 1234 2342 ·'

139 2407 190 2464 lar
202 2417 267 2458 uem
283 2399 449 2459 arefactum.
473 2396 590 2474 -quidars
605 2414 643 2456 ex
665 2415 699 2456 ea
721 2415 791 2458 rana
807 2415 890 2475 quam
904 2395 1008 2456 Graeci
1027 2396 1214 2456 calamitenrs

180 2490 301 2559 noscant,
320 2483 452 2561 quoniam
471 2482 546 2540 iuter
560 2479 733 2542 harundines
746 2479 925 2558 fruticesque
941 2481 1034 2555 vivat,
1056 2481 1184 2538 minuma

181 2569 305 2626 omnium
319 2575 348 2624 et
362 2565 544 2638 viridissima,
561 2564 728 2640 sanguinem
741 2566 908 2624 cineremve
921 2565 985 2624 fieri
1002 2563 1112 2637 iubent,
1130 2561 1183 2622 ali·

181 2652 274 2726 quiet
289 2649 465 2708 nascentium
482 2665 614 2707 ranarum
628 2647 656 2705 iu
672 2664 746 2724 aqua
759 2648 863 2725 quibus
878 2647 971 2708 adhuc
986 2645 1077 2706 cauda
1093 2647 1184 2704 estin

180 2732 272 2792 calice
287 2749 365 2791 novo
381 2731 591 2792 combustarum
607 2731 747 2807 cinerem,
769 2733 793 2788 si
815 2731 961 2808 perraris
983 2729 1067 2803 duat,
1091 2729 1183 2788 inier-

138 2817 340 2878 laoniarium.
367 2815 507 2874 Diuersus
521 2813 697 2888 hirudinum,
715 2830 786 2891 quas
801 2815 992 2890 sanguisugas
1006 2821 1126 2888 uocant,
1146 2809 1217 2872 aba

181 2898 386 2958 extrahendum
401 2898 568 2975 sanguinem
584 2914 652 2956 usus
667 2905 719 2956 est.
748 2897 857 2974 quippe
873 2896 974 2957 eadem
989 2896 1062 2956 ratio
1081 2913 1183 2955 earum

181 2988 256 3059 quae
281 2981 491 3042 cucurbitarum
510 2979 721 3042 medicinalium
751 2980 787 3039 ad
808 2997 934 3059 corpora
960 2977 1083 3038 levanda
1114 2997 1182 3036 san·

179 3067 278 3140 gaiae,
295 3066 467 3141 spiramenta
483 3065 605 3124 laxanda
621 3062 776 3141 iudicatur,
799 3063 851 3124 sed
867 3066 963 3122 vitium
982 3059 1061 3140 quod
1074 3059 1183 3120 admis-

179 3165 231 3206 sae
241 3146 332 3207 semel
342 3147 515 3208 desiderium
523 3148 631 3208 faciunt
644 3148 721 3206 circa
734 3146 833 3209 eadem
845 3156 975 3224 tempora
984 3143 1052 3208 anni
1061 3161 1185 3223 semper

181 3228 309 3290 eiusdem
325 3231 493 3292 medicinae.
516 3231 595 3290 multi
612 3230 751 3308 podagris
769 3247 884 3307 quoque
900 3226 1090 3290 admittendas
1109 3244 1217 3287 ceu-ar

179 3324 276 3372 suere.
300 3315 436 3374 decidunt
451 3316 582 3375 satietate
599 3323 626 3372 et
641 3312 771 3392 pondere
787 3315 852 3390 ipso
865 3312 1011 3390 sanguinis
1028 3310 1183 3371 detractae

182 3402 230 3454 aut
246 3397 308 3456 sale
320 3397 488 3474 adspersae,
509 3397 663 3475 aliquando
674 3405 768 3456 tamen
781 3396 946 3474 relinquunt
959 3394 1053 3454 adlixa
1070 3394 1181 3471 capita,

181 3495 255 3552 quae
263 3494 350 3539 causa
358 3481 477 3540 volnera
487 3479 654 3540 insanabilia
667 3479 735 3540 iacit
747 3487 778 3538 ot
786 3479 1095 3550 multosinteremit-·¹
1103 3479 1181 3536 sicut
