2504 3930
182 251 243 314 272
533 265 840 314 crnnusncnnm

181 437 316 496 manere,
340 418 556 481 medicaminum
571 430 768 500 argumentum
782 429 843 498 est,
865 419 977 498 quando
993 420 1063 480 nihil
1078 437 1175 480 eorum

181 507 209 564 in
224 505 366 564 Patavinis
384 505 527 582 lontibus,
542 523 579 565 ne
595 505 693 564 odoris
712 504 825 584 quidam
841 504 999 564 differentia
1016 504 1114 582 aliqua
1129 502 1171 566 de·

181 587 376 667 prehenditur.

138 683 174 737 62
248 672 332 750 (33.)
354 670 488 731 Medendi
504 673 604 732 modus
621 672 697 732 idem
714 681 744 732 et
756 675 785 732 in
805 673 919 732 marinis
935 674 989 731 erit
1003 689 1081 750 quae
1102 671 1172 731 cale·

62 756 67 769 ‘
181 757 250 815 liunt
263 755 463 817 aduersorum
478 755 608 829 dolores,
623 756 819 816 feruminanda
833 756 994 824 airacturis
1011 773 1093 831 ossa,
1110 771 1192 816 con-5

180 849 278 914 tunsa,
293 841 362 898 item
378 855 503 918 corpora
518 840 553 900 ad
568 840 717 917 siccanda,
730 857 786 919 qua
801 839 838 899 de
848 857 936 900 causa
950 849 979 898 et
989 838 1098 915 frigido
1111 837 1177 897 mari

182 930 304 982 utuntur.
337 931 490 1000 praeterea
507 933 551 983 est
567 923 640 982 alius
656 943 725 983 usus
739 922 905 1003 multiplex,
924 923 1094 1002 principalis
1108 939 1176 980 vcro

142 1005 172 1090 g,
186 1003 376 1082 {navigandi
392 1007 497 1084 phthisi
512 1007 643 1082 adfectis,
659 1016 688 1066 nt
702 1005 832 1084 diximus,
849 1015 897 1067 aut
910 1008 1052 1084 sauguine
1065 1015 1177 1084 egesto,

184 1093 259 1172 sicut
282 1106 425 1167 proxume
446 1091 595 1150 Annaeum
614 1090 775 1151 Gallionem
787 1091 897 1150 fecisse
914 1098 981 1169 post
1000 1090 1179 1150 consulatum

139 1186 174 1241 63
184 1174 371 1234 meminimus.
398 1192 492 1253 neque
516 1177 591 1234 enim
615 1176 769 1253 Aegyptus
785 1183 907 1253 propter
926 1193 960 1234 se
981 1175 1105 1252 petitur,
1130 1171 1207 1234 sedo

183 1265 304 1337 propter
318 1256 557 1335 longinquitatem
576 1259 739 1335 uamgandi.
768 1259 836 1337 quin
853 1266 882 1317 et
896 1259 1073 1316 vomitiones
1098 1257 1178 1336 ipsae

181 1340 306 1402 instabili
329 1342 507 1402 volutatione
520 1351 673 1402 conmotae
695 1343 833 1421 plurnrnis
848 1341 957 1401 morbis
973 1341 1097 1420 capitis,
1115 1357 1178 1398 ocu·

182 1426 291 1499 lorum,
308 1428 437 1502 pectoris
451 1426 601 1485 medentur
617 1426 806 1504 omnibusque
820 1435 941 1505 propter
956 1443 1033 1503 quae
1048 1422 1179 1484 hellebo-

181 1528 243 1570 rum
258 1507 373 1568 bibitur.
389 1526 491 1588 aquam
507 1528 578 1570 vero
601 1512 688 1570 maris
704 1528 757 1588 per
780 1527 847 1570 sese
867 1509 1067 1569 eiiicaciorem
1089 1507 1179 1566 discu-

181 1593 286 1653 tiendis
301 1593 459 1652 tumoribus
474 1603 573 1673 putant
589 1593 710 1671 medici,
733 1594 758 1652 si
779 1592 829 1653 illa
852 1592 1033 1670 decoquatur
1059 1591 1209 1653 hordea-c

184 1695 236 1738 cea
253 1677 363 1754 farina,
378 1677 415 1736 ad
430 1677 588 1756 parotidas.
619 1677 783 1754 emplastris
799 1677 893 1753 etiam,
913 1693 1047 1736 maxume
1063 1674 1138 1735 albis
1155 1682 1181 1732 et

139 1761 362 1837 filmalagmatis
376 1762 513 1837 miscent,
534 1761 655 1840 prodest
678 1771 706 1820 et
728 1761 822 1820 infusa
844 1760 949 1820 crebro
969 1757 1039 1819 ictu.
1076 1758 1180 1817 bibitur

183 1862 316 1922 qnoque,
330 1846 459 1921 quamvis
472 1863 529 1904 non
541 1847 603 1905 sine
618 1846 719 1904 iniuria
734 1844 891 1922 stomachi,
907 1843 942 1903 ad
954 1842 1109 1922 purganda
1121 1857 1179 1900 cor·

182 1945 255 2008 pora
279 1927 423 2006 bilemque
445 1937 534 1988 atram
556 1937 604 1988 aut
624 1927 792 2006 sanguinem
814 1936 980 1988 concretum
1004 1925 1180 1986 reddendum

183 2013 320 2072 alterutra
338 2021 431 2089 parte.
461 2013 574 2090 qnidam
596 2015 672 2071 etin
697 2013 842 2090 quartanis
863 2011 971 2071 dedere
997 2029 1065 2070 eam
1087 2009 1209 2072 bibes-o

184 2095 247 2154 darn
263 2102 292 2153 et
306 2096 334 2153 iu
345 2096 482 2155 tenesmis
496 2095 728 2173 articulariisque
743 2095 852 2154 morbis
868 2095 1068 2171 adservatam,
1085 2095 1114 2152 in
1129 2093 1182 2150 hoc

183 2186 328 2237 vetustate
342 2177 421 2239 virus
437 2179 641 2256 deponentem.
666 2179 756 2257 aliqui
771 2179 937 2254 decoctam,
953 2195 1057 2238 omnes
1075 2195 1113 2236 ex
1127 2175 1181 2233 alto

183 2260 312 2320 haustam
323 2261 459 2340 nullaque
470 2262 595 2322 dulcium
606 2262 728 2322 mixtura
740 2270 911 2342 corruptam,
926 2263 955 2319 in
966 2279 1026 2338 qno
1036 2279 1093 2320 nsu
1103 2275 1182 2338 prae·

185 2343 292 2405 cedere
308 2348 445 2404 vomitum
461 2345 577 2422 volunt,
599 2355 668 2406 tuuc
684 2363 801 2427 quoquc
820 2351 931 2406 acetum
950 2353 1000 2404 ant
1020 2347 1120 2403 vinum
1151 2357 1183 2399 ea

141 2439 175 2494 65
188 2445 261 2506 aqua
281 2429 412 2488 miscent.
452 2429 500 2506 qui
521 2447 621 2507 puram
643 2430 753 2490 dedere
773 2430 917 2508 raphanos
940 2426 1131 2508 supermandi
1148 2441 1209 2484 esa

184 2513 277 2572 mulso
294 2521 378 2573 aceto
393 2512 508 2590 iubent,
528 2521 558 2572 ut
571 2513 606 2573 ad
631 2515 805 2574 vomitiones
819 2520 969 2572 revocent.
1008 2509 1181 2586 clysteribus

185 2613 303 2676 quoqne
320 2599 456 2657 marinam
480 2597 629 2657 infundunt
648 2599 832 2677 tepefactam.
868 2596 983 2655 testium
1007 2595 1125 2674 quidem
1144 2601 1181 2650 tu-

183 2682 258 2740 mori
282 2679 408 2741 icvendo
435 2697 494 2740 non
515 2681 593 2742 aliud
614 2682 799 2759 praeierunt,
827 2682 894 2741 item
915 2680 1089 2759 pemio-num
1114 2675 1181 2734 vitiu

184 2773 249 2822 ante
262 2763 377 2841 ulcera,
391 2765 475 2824 simili
490 2764 576 2826 modo
592 2763 763 2844 pruritibus,
782 2765 878 2844 psoris
895 2772 925 2823 et
940 2763 1088 2823 lichenum
1105 2773 1180 2818 cura·
1237 2757 1238 2760 ’

184 2848 263 2906 sioni.
292 2848 393 2907 lendes
412 2865 527 2927 quoque
546 2857 575 2907 et
586 2857 677 2909 taetra
693 2849 795 2926 capitis
814 2847 944 2908 animalia
962 2847 1016 2906 hac
1039 2851 1209 2914 carantanas

184 2939 215 2988 nt
230 2930 346 2990 liventia
361 2931 474 2990 reducit
490 2933 592 2992 eadem
607 2931 644 2990 ad
657 2932 795 2993 colorem.
827 2933 855 2991 in
870 2929 972 3009 quibus
987 2925 1181 2989 curationibus

184 3022 253 3092 post
263 3013 398 3074 marinam
413 3023 497 3075 aceto
512 3015 608 3076 calido
625 3015 730 3075 lovere
742 3015 901 3093 plurumum
914 3012 1045 3092 prodest.
1079 3009 1145 3089 quin
1155 3013 1181 3066 et

185 3096 222 3156 ad
235 3099 309 3156 ictos
325 3106 486 3159 venenatos
503 3101 636 3160 salutaris
656 3099 850 3177 intellegitur,
865 3107 895 3158 ut
917 3095 1137 3176 phalangiorum
1154 3097 1181 3148 et

185 3182 380 3259 scorpionum,
394 3190 423 3241 ct
433 3183 539 3259 ptyade
549 3182 585 3243 ab
600 3183 701 3262 aspide
712 3183 869 3261 respersis,
885 3179 976 3242 calida
990 3187 1086 3238 antem
1100 3178 1128 3235 in
1138 3173 1179 3232 his

142 3273 178 3327 66
189 3265 354 3324 adsumitur.
388 3265 499 3325 suiiitur
516 3266 617 3325 eadem
633 3285 695 3326 curn
719 3274 804 3325 aceto
821 3266 923 3344 capitis
936 3261 1095 3322 doloribus.
1122 3267 1208 3320 tor-tt

185 3349 259 3406 mina
283 3365 399 3426 quoque
427 3358 456 3408 et
484 3349 631 3409 choleram
658 3349 751 3409 calida
778 3349 871 3409 inlusa
893 3344 1067 3422 clysteribus
1090 3340 1177 3402 sedat.

15 3503 16 3512 χ
186 3428 330 3489 difficilius
348 3433 563 3511 perfrigescunt
582 3433 689 3492 marina
704 3433 856 3493 calefacta.
882 3447 1014 3491 mammas
1037 3425 1177 3488 sororicu-

186 3509 237 3586 tis,
252 3514 424 3590 praecordia
440 3517 617 3595 maciemque
635 3518 768 3595 corporis
782 3517 912 3596 piscinae
923 3515 1006 3575 maris
1020 3511 1175 3587 corrigunt,
