2458 3906
339 230 418 293 usn.
436 229 527 279 mrsu.
545 230 602 278 xx.
619 227 645 284 9.
663 219 818 298 (ao-39.)
1012 220 1073 283 203

71 385 106 443 tis
120 384 208 445 oleris
221 384 356 462 similior,
373 385 521 446 candidior
536 387 626 448 sativa
643 396 672 447 et
685 386 831 447 hirsutior.
863 387 937 448 hanc
952 387 1074 450 indatio·

72 469 151 530 nibus
164 469 288 548 mederi,
304 469 523 531 melancholicis
540 488 657 551 quoque
673 489 707 532 ac
721 470 889 532 volneribus
905 471 1074 533 recentibus

72 571 133 613 com
151 554 254 632 melle,
272 555 312 615 ita
336 573 373 615 ne
396 555 547 616 solvantur
568 555 726 617 antediem
748 566 925 635 septumum,
949 559 1074 632 strumis,

72 637 180 715 fistulis,
197 641 226 698 in
242 657 318 718 aqua
335 639 484 700 contritam
497 639 679 720 Chrysippus
693 649 795 701 auctor
811 649 865 702 est.
898 651 927 702 et
941 641 990 702 alii
1001 657 1073 701 vero

6 769 7 784 2
53 739 252 802 sconpcscere
270 723 345 784 mala
363 726 496 804 corporis
508 743 583 804 quae
601 734 719 805 serpant
735 743 890 787 -nomas
906 735 1073 802 vocant-7

72 808 134 868 item
150 809 356 869 excrescentia
372 808 541 885 absumere,
566 811 718 870 cicatrices
740 809 776 870 ad
791 810 906 888 planum
927 809 1073 887 redigere.

6 903 8 972 t
72 893 127 952 oris
137 892 240 953 ulcera
252 902 282 954 et
293 893 426 955 tonsillas
438 894 635 954 manducatam
646 903 795 955 etcoctam
804 911 876 956 suco
891 895 1073 972 gargarizato
1082 903 1118 959 94

6 997 9 1050 p
72 995 130 1036 cum
144 976 235 1038 melle
251 977 375 1054 tollere,
390 979 457 1038 item
475 995 581 1057 psoras
598 988 626 1038 et
642 979 743 1058 lepras
756 988 893 1053 veteres,
918 978 1009 1058 ipsius
1024 978 1073 1037 tri·

6 1071 8 1124 2
70 1060 119 1120 hus
133 1061 267 1140 partibus
282 1080 346 1122 cum
363 1062 474 1123 duabus
490 1062 621 1124 aluminis
642 1064 670 1121 in
692 1071 777 1123 aceto
799 1063 859 1124 acri
881 1062 977 1123 inlitis.
1005 1059 1074 1140 Epi-

44 1145 199 1206 ucharmns
221 1147 293 1207 satis
310 1165 377 1207 esse
397 1164 459 1207 eam
480 1156 580 1207 contra
596 1147 675 1207 canis
692 1145 800 1208 rabiosi
820 1164 947 1207 morsum
965 1146 1074 1224 inponi,

6 1227 8 1312 q
70 1229 168 1290 melius
184 1231 210 1290 si
228 1248 294 1290 cum
310 1232 407 1291 lasere
423 1240 452 1292 ct
467 1240 553 1293 aceto
570 1233 647 1308 acri,
666 1233 765 1292 necari
786 1239 903 1310 quoquc
923 1248 1011 1292 canes
1027 1247 1073 1306 ea,

6 1313 8 1386 l
72 1315 93 1374 si
107 1314 191 1374 detur
208 1333 248 1374 ex
263 1333 361 1376 carne.
392 1321 492 1378 sc‘men
512 1318 574 1376 cius
596 1325 703 1377 tostum
726 1316 879 1377 auxiliatur
894 1325 994 1376 contra
1013 1331 1073 1374 scr·

6 1397 8 1432 l
71 1400 170 1477 pontis,
187 1399 307 1477 longos,
323 1401 396 1460 tauri
411 1403 590 1478 sanguinem.
624 1400 695 1461 lolia
712 1408 795 1461 cocta
810 1399 950 1479 splenicis
965 1401 992 1458 in
1007 1397 1116 1460 oib095

72 1482 129 1544 data
144 1492 177 1544 et
194 1484 283 1545 cruda
298 1483 377 1544 inlita
394 1501 457 1545 cum
474 1486 593 1564 sulpure
609 1495 638 1545 et
652 1486 727 1545 nitro
746 1493 883 1564 prosunt,
904 1485 973 1543 item
989 1500 1074 1542 mam-

44 1585 172 1627 unarnm
190 1567 324 1629 duritiae.
350 1568 478 1630 radicum
494 1571 566 1630 cinis
580 1587 654 1630 uvae
669 1570 698 1628 in
713 1567 846 1630 faucibus
862 1567 980 1628 tumenti
995 1575 1073 1627 tactu

70 1653 213 1729 medetur,
231 1663 261 1712 et
276 1653 423 1732 parotidas
442 1673 506 1715 cunr
521 1654 609 1714 melle
623 1653 720 1714 inlitus
735 1653 880 1733 reprimit,
899 1652 1074 1730 serpentium

69 1754 177 1797 morsus
195 1747 288 1800 sanat.
316 1738 417 1798 virium
432 1738 580 1800 brassicae
592 1755 676 1798 unum
691 1747 721 1798 et
732 1751 863 1815 magnum
876 1743 1073 1814 argumentum

70 1821 204 1882 addemus
226 1821 411 1882 admirabile:
440 1833 556 1883 crustae
578 1825 603 1882 si
626 1831 773 1904 occupent
794 1823 869 1880 intus
889 1837 959 1880 vasa
980 1820 1073 1880 omnia

69 1906 214 1986 inquibus
235 1925 329 1985 aquae
344 1907 458 1967 fervent
472 1909 500 1967 in
514 1915 622 1968 tantum
639 1917 742 1968 utnon
758 1908 794 1966 sit
810 1904 940 1967 avellere
960 1923 1027 1982 eas,
1049 1904 1073 1962 si

43 1990 197 2052 rebrassica
213 1993 243 2050 in
257 1993 292 2050 iis
309 1991 498 2072 decoquatur,
516 1991 685 2052 abscedunt.

127 2073 213 2160 (37.)
231 2075 311 2136 luter
327 2075 468 2142 siluestris
485 2076 632 2136 brassicas
654 2085 683 2136 et
706 2076 826 2155 lapsana
842 2082 887 2134 est
903 2072 1016 2151 pedalis
1032 2071 1071 2132 al·
1082 2077 1116 2132 96

70 2159 203 2237 titudine,
233 2161 352 2220 hirsutis
374 2159 469 2237 loliis,
500 2161 592 2238 sinapi
617 2160 734 2235 similis,
763 2160 816 2218 nisi
833 2156 980 2219 candidior
995 2164 1075 2216 esset

71 2242 144 2304 dore.
184 2245 320 2322 coquitur
333 2246 361 2304 in
376 2242 459 2321 cibo,
492 2244 587 2306 alvom
605 2245 676 2304 lenit
691 2253 720 2304 et
734 2243 836 2304 mollit.

121 2327 207 2414 (38.)
226 2327 335 2389 hiarino
352 2329 482 2390 brassica
495 2329 749 2388 vehementissime
769 2345 807 2388 ex
828 2325 959 2386 omnibus
978 2323 1073 2383 alvom

42 2415 131 2474 sciet.
168 2414 305 2492 coquitur
329 2422 452 2492 propter
477 2415 660 2474 acrimoniam
683 2430 746 2473 cum
769 2411 867 2490 pingui
889 2425 992 2486 carne,
1015 2415 1072 2467 sto·

69 2499 166 2559 nacho
185 2498 392 2558 inimicissima.
434 2535 437 2540 ·

122 2584 211 2663 (39.)
237 2580 389 2642 Scillarum
405 2583 433 2641 in
449 2582 591 2642 medicina
607 2580 673 2642 alba
690 2589 735 2640 est
750 2576 791 2617 *⁴*
813 2578 938 2638 feminae
958 2575 1071 2652 nigrae.
1082 2579 1116 2634 97

70 2683 137 2746 quac
160 2666 366 2728 candidissima
387 2666 473 2727 iuerit
494 2665 643 2726 utilissima
665 2666 728 2725 erit.
765 2663 832 2723 huic
855 2660 942 2721 aridis
970 2659 1073 2718 tunicis

70 2751 186 2832 direptis
202 2749 282 2830 quod
298 2751 442 2831 reliquom
458 2751 554 2811 evivo
571 2759 617 2810 est
631 2757 797 2810 consectum
809 2743 995 2823 suspenditur
1014 2743 1074 2803 lino

44 2837 185 2898 mnodicls
200 2835 374 2897 intervallis·
403 2843 508 2914 postea
525 2835 715 2895 aridairusta
736 2835 764 2892 in
781 2830 882 2892 cadum
899 2829 975 2888 aceti
991 2844 1075 2907 quam

11 2963 13 3004 ,
70 2923 217 3000 asperrimi
233 2920 389 3000 pendentia
405 2921 601 2996 inmerguntur
614 2921 653 2979 ita
668 2935 704 2978 nc
721 2917 779 2976 ulla
795 2923 877 2995 parte
894 2931 945 2972 vas
965 2913 1073 2972 contin·

11 3009 12 3084 ξ
70 3016 142 3083 gant.
172 3006 232 3066 hoc
251 3006 364 3068 litante
379 3003 549 3080 solstitium,
571 3002 674 3064 diebus
693 3013 815 3062 xmvnr.
851 3013 947 3077 gypso
969 2995 1073 3056 deinde
1082 2999 1118 3055 98

11 3103 14 3194 p
71 3089 171 3151 oblitus
186 3090 278 3151 cados
294 3089 412 3168 ponitur
433 3089 485 3148 sub
505 3088 611 3165 tegulis
630 3087 718 3146 totius
735 3085 793 3145 diei
814 3084 907 3144 solem
930 3082 1074 3158 accipien-

12 3197 13 3200 ¹
69 3173 150 3236 tibus.
183 3183 330 3258 postcom
345 3190 493 3232 numerum
509 3173 618 3233 dierum
630 3169 741 3231 tollitur
753 3186 817 3245 vas,
833 3167 917 3228 scilla
931 3164 1072 3237 eximitur,

12 3207 14 3354 l
43 3255 178 3320 cocetum
200 3257 419 3320 transfunditur.
446 3256 505 3317 hoc
526 3255 680 3318 clariorem
703 3253 853 3314 oculorum
880 3250 972 3311 aciem
993 3246 1073 3322 iacit,

12 3355 14 3420 ᾗ
71 3345 189 3404 salutare
216 3353 262 3404 cst
291 3339 433 3404 stomachi
462 3341 643 3419 laterumque
671 3337 821 3398 doloribus
851 3333 959 3396 diebus
987 3331 1072 3406 binis,

12 3421 14 3456 ²
72 3439 214 3508 sumptum.
246 3429 303 3490 sed
325 3435 405 3486 tauta
427 3426 472 3486 vis
492 3434 546 3492 ¹est
568 3434 599 3484 ut
627 3423 737 3484 auidius
758 3421 890 3483 haustum
912 3418 1074 3478 exstinctae

72 3513 175 3574 mimae
190 3520 339 3576 momento
356 3511 453 3589 aliquo
471 3510 600 3590 speciem
614 3507 766 3588 praebeat.
793 3504 914 3585 prodest
936 3500 1117 3578 etgtngt-oo
