2508 3924
219 219 280 302 200
558 229 858 280 camusncurrnr

220 385 280 444 licit
292 381 528 445 innmbubulunu
542 386 570 444 in
582 383 681 444 cinere
696 384 864 444 culeiaotnnr
874 393 922 444 unt
932 385 1075 463 aprianus
1090 385 1180 444 bace

221 477 251 528 to
269 468 317 528 vel
339 470 367 528 in
382 469 447 528 vino
463 468 631 542 decoctum,
646 469 675 526 in
688 468 845 528 furunculis
860 468 962 527 sebuvu
978 467 1111 526 bubulunr
1129 486 1180 528 eun

219 551 281 612 sale
294 560 351 627 ant,
366 553 390 610 si
407 551 523 611 dolores
539 553 609 625 siut,
632 569 695 611 cuna
709 551 776 611 oleo
791 552 974 629 liqnelactnnr
988 551 1052 610 sins
1063 551 1133 628 sale,
1148 553 1178 610 si·

177 634 296 699 uasorili
309 633 394 694 ruodo
413 637 567 715 caprinum.
589 636 672 712 (71.)
694 635 722 692 iu
744 634 879 694 ambustis
899 637 1014 694 ursinus
1035 633 1115 712 adips
1131 651 1177 694 ern

219 717 260 776 lili
277 716 437 794 radicibus,
459 735 595 796 aprunum
611 727 658 776 aut
673 717 784 777 suillum
800 719 893 778 limum
909 719 1113 793 inveteratum,
1133 735 1195 778 saer

218 809 308 860 tarum
321 817 360 860 ex
377 801 421 860 bis
436 819 454 860 e
466 801 610 879 pemcillis
624 802 752 860 tectoriis
769 802 841 862 cinis
855 818 919 862 curn
932 801 1020 881 adipe
1040 803 1132 876 tutos,
1144 799 1182 860 uu

218 883 316 942 bubuli
336 885 407 942 cinis
428 901 492 944 cunr
513 901 581 944 cera
603 892 632 944 et
650 883 774 944 medulla
794 886 911 944 cervina
928 884 978 944 vel
999 883 1090 960 mnu,
1109 885 1184 944 unno

219 966 344 1044 leporis,
365 966 418 1027 sed
438 984 588 1046 caprarum
608 968 702 1027 fimum
724 969 785 1026 sine
809 970 946 1028 cicatrice
965 985 1071 1026 sanare
1084 967 1186 1027 -rlicitnn

176 1059 227 1115 236
239 1049 377 1110 Glutinnru
394 1053 662 1128 praestantissimum
678 1051 707 1109 lit
726 1069 764 1110 ex
785 1050 899 1112 auribus
913 1059 1062 1112 taurorum
1083 1059 1110 1110 et
1121 1050 1187 1127 geni·

218 1134 331 1210 talibus,
345 1151 401 1192 nec
415 1135 566 1212 quicquam
578 1135 725 1200 efficacius
741 1135 859 1212 prodest
874 1134 1031 1208 ambustis,
1053 1133 1106 1193 sed
1122 1132 1210 1192 alul-n

217 1225 326 1277 teratur
340 1216 408 1276 nibil
422 1235 531 1296 aeque,
548 1217 696 1295 quibusvis
711 1217 837 1296 pellibus
849 1219 1019 1278 inveteratis
1035 1217 1189 1277 calciamen-

217 1301 311 1378 tisque
326 1302 411 1360 etiam
427 1301 567 1362 decoctis.
586 1299 762 1361 Rhodiaoum
774 1301 981 1376 fidelissimum,
1001 1318 1099 1378 eoque
1114 1302 1189 1377 picto·

218 1401 266 1442 res
282 1392 312 1442 et
325 1384 427 1444 rnedioi
439 1393 562 1444 utuntur.
590 1385 619 1468 ivl
634 1401 749 1462 qnoque
761 1401 818 1464 qno
831 1384 977 1445 candidius
993 1399 1033 1443 eo
1046 1383 1189 1463 probatius,

217 1467 328 1543 nigrum
346 1476 376 1526 et
392 1467 534 1543 lignosum
551 1466 706 1528 damnator.

176 1557 225 1614 237
290 1550 373 1628 (72.)
395 1549 555 1610 Nervorurn
570 1551 719 1611 doloribus
734 1551 829 1610 limum
844 1551 991 1628 caprinum
1007 1549 1157 1610 decoctum
1169 1547 1210 1606 iru

218 1642 302 1693 aceto
326 1651 390 1693 curu
408 1634 494 1695 melle
509 1635 684 1694 utilissimum
705 1643 804 1712 putant
826 1633 875 1692 vel
896 1642 1088 1712 putrescente
1105 1647 1190 1690 nervo

217 1718 366 1794 spasmata
387 1727 417 1776 et
437 1735 575 1794 percussu
596 1719 692 1777 vitiata
714 1719 780 1776 limo
804 1733 913 1795 apruno
934 1725 1038 1776 curant
1058 1733 1129 1776 vere
1144 1714 1191 1774 ool·

217 1799 295 1860 lecto
315 1809 345 1860 et
366 1801 504 1860 arefacto.
538 1803 631 1861 sicet
657 1800 809 1878 quadrigas
832 1801 945 1876 agentis
971 1809 1086 1860 tractos
1105 1807 1191 1858 rotave

218 1883 382 1942 volneratos
398 1893 427 1942 et
442 1901 557 1962 quoquo
573 1885 657 1944 ruodo
671 1885 810 1961 sanguine
824 1892 979 1960 contunso,
996 1883 1047 1942 vel
1062 1884 1087 1942 si
1101 1897 1191 1941 recens

175 1976 226 2030 238
235 1966 374 2026 inlinatur.
404 1977 468 2027 sunt
489 1970 536 2046 qni
559 1970 704 2028 incoxisse
721 1976 805 2027 aceto
825 1967 919 2027 utilius
939 1975 1051 2045 putent.
1089 1963 1153 2044 quin
1169 1971 1213 2022 etti

217 2050 246 2108 iu
266 2056 335 2129 potu
349 2049 467 2110 iarinarn
483 2069 546 2110 eam
560 2053 651 2130 ruptis
667 2051 871 2129 convolsisque
886 2059 916 2110 et
932 2052 1049 2110 eversis
1067 2069 1106 2110 ex
1120 2056 1192 2108 aceto

218 2131 370 2192 salutarem
381 2135 556 2210 promittunt.
579 2135 794 2195 reverentiores
811 2135 937 2196 cinerem
950 2133 1014 2193 eius
1027 2151 1066 2192 cx
1079 2151 1148 2211 aqna
1158 2131 1192 2190 bi·

217 2213 302 2290 bunt,
321 2215 474 2294 feruntque
491 2226 521 2276 et
531 2217 678 2278 Neronem
692 2219 850 2297 principem
867 2216 922 2276 bac
937 2217 1061 2295 potione
1078 2214 1191 2276 recreari

218 2296 347 2374 solitum,
373 2317 435 2358 curn
454 2300 496 2359 sic
511 2317 624 2378 quoquo
640 2319 673 2360 se
686 2301 802 2378 trigario
823 2299 986 2377 adprobare
1006 2300 1110 2360 vellet.
1135 2313 1191 2377 qro-

216 2397 328 2440 numam
344 2382 428 2442 suillo
445 2383 509 2442 iimo
526 2384 581 2442 vim
595 2392 703 2461 potunt.
1194 2391 1209 2431 ²⁵

175 2471 226 2528 239
291 2465 338 2526 18.
363 2466 446 2543 (73.)
468 2467 638 2542 Sanguinem
649 2469 723 2526 sistit
734 2466 886 2543 coagulum
899 2467 1049 2525 cervinum
1061 2485 1099 2526 ex
1110 2472 1190 2537 aneu,

218 2547 286 2607 item
310 2548 436 2625 leporis,
459 2549 542 2608 liuius
564 2550 676 2627 quidem
698 2559 727 2610 et
754 2549 876 2628 pilorum
897 2549 985 2625 cinis,
1010 2551 1081 2608 item
1102 2567 1119 2608 s
1138 2549 1190 2606 lint

138 2651 142 2659 ·
216 2631 287 2690 asini
304 2632 374 2691 ciuis
388 2633 493 2692 inlitus.
524 2631 671 2693 cissoaoior
690 2635 735 2691 vis
754 2633 908 2692 cineribus
929 2641 1014 2692 aceto
1032 2633 1154 2693 admixto
1169 2637 1190 2688 et

216 2714 244 2772 in
259 2715 322 2774 luna
343 2715 379 2774 ad
394 2731 476 2775 ornue
491 2715 658 2794 profluvium
675 2715 815 2792 inposito,
834 2715 963 2774 similiter
978 2733 1016 2774 ex
1032 2718 1138 2794 equino
1153 2730 1189 2772 cr·

216 2797 276 2874 pite
290 2807 320 2856 et
333 2797 438 2858 femine
455 2808 502 2858 aut
516 2799 572 2858 limi
592 2798 742 2858 vitulorum
760 2798 832 2858 cinis
849 2798 944 2858 inlitus
958 2816 997 2857 en
1013 2808 1117 2873 aceto,
1136 2799 1207 2856 iuna

174 2887 227 2940 240
238 2880 346 2956 caprini
360 2897 463 2941 cornus
476 2882 523 2942 vel
540 2882 595 2942 limi
611 2899 648 2942 cx
662 2889 756 2941 aceto.
787 2881 887 2941 hircini
902 2898 975 2940 vero
994 2883 1132 2941 iocineris
1145 2879 1188 2938 lis

217 2961 291 3019 secti
305 2963 399 3022 sanies
414 2965 579 3040 efficacior,
601 2974 631 3025 et
651 2966 723 3024 cinis
737 2965 886 3043 utriusque
910 2980 948 3022 ex
967 2964 1036 3023 vino
1053 2975 1138 3044 potus
1153 2959 1187 3020 vel

216 3041 332 3102 naribus
348 3059 386 3102 ex
399 3058 482 3108 aceto
500 3049 612 3124 inlitus,
627 3048 728 3108 biroini
744 3064 860 3126 quoquc
877 3047 958 3123 utris,
972 3047 1077 3108 vinarii
1097 3048 1186 3108 dnnta

216 3134 274 3199 nat,
287 3125 357 3184 ciuis
370 3143 432 3186 enno
448 3132 509 3207 pari
524 3132 651 3210 pondere
666 3131 789 3206 resinae,
807 3146 865 3207 quo
886 3147 998 3207 genere
1015 3126 1186 3192 sistirnr'su·

217 3210 280 3284 guis
305 3216 334 3266 et
352 3207 454 3268 volnus
477 3214 640 3287 glutinatur.
671 3214 823 3274 haedinum
845 3231 959 3292 quoqne
982 3215 1136 3291 coagulum
1159 3217 1204 3269 ert

216 3299 300 3429 acqto
323 3298 352 3348 et
375 3289 506 3352 feminum
528 3297 589 3355 eins
610 3295 822 3357 combustorum
842 3299 915 3357 cinis
936 3298 1070 3358 similiter
1090 3294 1185 3377 pollere

216 3379 258 3431 tra
279 3379 369 3428 untur.

174 3460 223 3512 241
289 3447 371 3528 (74.)
392 3452 498 3526 Ulcera
511 3469 590 3520 sanat
604 3462 633 3520 in
643 3461 720 3525 tibiis
731 3461 920 3542 cruribusque
931 3462 1016 3543 adips
1026 3466 1137 3526 ominus
1146 3457 1182 3520 al·
