2396 3900
132 179 172 250 84
474 191 505 241 c.
521 191 617 240 rnrur
633 189 783 240 suenum

132 366 190 407 non
207 349 309 409 eadem
325 350 352 407 in
367 349 427 407 vite
451 364 525 426 quae
548 346 576 404 in
593 344 719 405 arbustis
736 344 872 420 libertas,
899 347 1035 424 quoniam
1057 355 1149 408 certa

132 432 234 495 latera.
265 432 319 492 sed
334 432 449 492 facilius
465 429 647 491 abscondere
664 438 694 490 et
709 430 886 509 detorquere
902 447 960 508 quo
978 429 1056 490 velis
1078 429 1147 510 pla-

132 535 196 594 gas.
215 550 259 565 -
275 518 303 576 in
319 515 454 576 arborum
469 525 587 574 tonsura
604 515 752 594 supiniore
772 514 853 574 velut
871 515 981 576 calices
997 514 1147 592 faciendi,

132 621 169 662 ne
186 602 326 661 consistat
342 617 432 661 umor.

89 698 141 750 215
207 686 292 764 (36.)
317 685 372 744 Viti
387 683 559 745 adminicula
574 680 704 743 addenda
720 699 795 760 quae
807 684 927 746 scandat
938 683 1147 763 adprehensa,
1161 700 1174 739 s

133 771 158 830 si
177 772 287 830 maiora
305 770 370 829 sint.
401 767 450 830 24.
474 767 578 827 Vitium
600 782 810 844 generosarum
833 768 973 846 pergulas
996 769 1146 846 quinqua·

132 854 224 914 tribus
241 853 381 932 putandas
398 862 438 927 et,
458 870 576 932 quarum
591 868 712 911 serrare
729 869 806 912 uvas·
817 851 923 929 libeat,
940 852 1146 913 decrescente

133 939 199 998 luna
214 938 345 1016 tradunt,
362 954 525 1017 quaerero
543 934 696 995 interlunio
719 937 775 996 sint
793 946 909 1015 putatae
924 937 1010 997 nullis
1027 937 1146 996 anima-

132 1021 201 1084 lium
217 1021 360 1084 obnoxias
376 1039 455 1082 esse.
482 1020 538 1081 alia
552 1022 665 1080 ratione
676 1019 764 1098 plena
779 1019 845 1081 luna
859 1030 947 1082 noctu
961 1020 1144 1096 tondendas,

133 1125 198 1166 cum
212 1107 250 1166 sit
265 1125 299 1166 ea
316 1108 344 1166 in
360 1106 458 1181 leone,
475 1106 643 1184 scorpione,
660 1106 820 1182 sagittario,
834 1115 927 1180 tauro,
943 1115 1030 1183 atque
1050 1106 1081 1164 in
1093 1114 1143 1164 to·
1155 1123 1180 1164 ao

134 1199 192 1250 turn
205 1191 347 1251 serendas
362 1191 448 1269 plena
465 1199 513 1249 aut
527 1198 682 1250 crescente
703 1191 801 1269 utique
820 1199 951 1250 censent.
983 1189 1144 1250 Sufficiunt

133 1275 162 1333 in
179 1273 261 1334 ltalia
278 1274 407 1334 cultores
424 1274 489 1333 deni
504 1275 531 1333 in
548 1284 670 1333 centena
686 1274 788 1350 iugera
804 1275 962 1335 vinearum.

91 1368 143 1422 216
168 1391 182 1413 .
207 1358 290 1438 (37.)
313 1359 358 1437 {ll
392 1356 429 1417 Et
454 1356 567 1418 abunde
591 1368 653 1419 satu
680 1356 816 1436 cultuque
837 1359 971 1419 arborum
999 1365 1142 1434 tractato,

134 1444 268 1520 qnoniam
283 1443 320 1502 de
341 1440 443 1521 palmis
466 1451 495 1501 et
515 1444 608 1517 cytiso
633 1444 661 1501 in
682 1444 846 1520 peregrinis
872 1442 1027 1503 arboribus
1056 1441 1143 1502 adfa-

91 1525 180 1612 {3523}
189 1528 249 1612 tim
255 1526 392 1602 diximus,
409 1544 445 1585 ne
467 1528 535 1604 quid
555 1527 648 1602 desit,
665 1526 815 1588 indicanda
836 1528 948 1606 reliqua
968 1535 1071 1587 natura
1093 1535 1177 1586 estus

134 1629 238 1688 magno
253 1628 345 1690 opere
367 1611 515 1690 pertinens
537 1610 573 1672 ad
594 1612 687 1670 omnia
703 1628 747 1670 ea.
778 1611 950 1672 infestantur
966 1628 1092 1688 namque
1110 1619 1143 1670 et

133 1695 256 1755 arbores
271 1695 438 1755 morbis-
453 1695 520 1773 quid
536 1697 610 1755 enim
626 1696 752 1772 genitum
769 1705 850 1756 caret
866 1695 911 1756 bis
928 1693 1034 1756 malis?
1049 1729 1093 1742 —
1110 1704 1142 1754 et

134 1779 310 1839 silvestrium
325 1779 439 1858 quidem
452 1781 635 1858 perniciosos
650 1787 756 1856 negant
768 1797 836 1839 esse
850 1781 1011 1858 vexarique
1029 1788 1142 1839 tantum

133 1864 273 1940 grandine
289 1865 318 1924 in
335 1864 545 1940 germinatione
560 1872 608 1923 aut
624 1862 708 1939 flore,
722 1862 803 1922 aduri
818 1881 934 1943 quoqne
950 1864 1073 1924 fervore
1088 1872 1141 1923 aut

134 1947 203 2007 datu
221 1947 382 2026 frigidiore,
396 1956 591 2025 praepostero
603 1947 662 2022 die,
677 1964 849 2027 quamquam
862 1965 914 2008 suo
927 1948 1038 2026 frigora
1051 1948 1177 2008 etiamao

91 2041 142 2096 alt
155 2053 178 2089 m
190 2040 321 2110 prosunt,
337 2040 367 2090 ut
385 2031 518 2091 diximus.
553 2031 628 2105 Quid
648 2029 742 2109 ergo?
764 2048 821 2091 non
839 2042 867 2092 et
883 2035 959 2092 vites
976 2032 1080 2109 algore
1095 2033 1140 2090 in-

133 2111 270 2176 tereunti
285 2115 341 2175 lroc
354 2117 470 2194 quidem
482 2125 526 2175 est
539 2115 840 2195 quodeprehendatur
851 2117 907 2176 soli
920 2117 1030 2191 vitium,
1046 2133 1140 2194 quon-

134 2203 189 2261 iam
205 2216 262 2258 nun
277 2201 375 2260 evenit
389 2201 444 2260 nisi
462 2201 489 2260 iu
505 2200 621 2277 frigido.
653 2201 751 2278 itaque
765 2217 819 2278 per
834 2202 947 2262 hiemes
966 2200 1043 2260 caeli
1058 2201 1141 2277 rigo-

134 2303 196 2344 rem
219 2284 391 2361 prubamus,
420 2302 478 2344 non
499 2285 565 2344 soli.
607 2302 662 2343 nec
688 2284 896 2346 infirmissimae
921 2284 1044 2345 arbores
1068 2283 1142 2361 gelu

135 2368 348 2448 periclitantur,
373 2369 427 2428 sed
447 2386 613 2442 maxumae,
628 2369 800 2446 vexatisque
825 2370 863 2428 ita
880 2370 1029 2429 cacumina
1044 2370 1175 2447 primaru

135 2455 311 2529 inarescunt,
319 2454 453 2532 quoniam
464 2453 654 2530 praestrictus
661 2469 718 2511 non
728 2454 821 2530 potuit
829 2469 865 2512 eo
877 2454 1034 2530 pervenire
1043 2469 1138 2512 umor.

92 2546 144 2600 218
157 2539 198 2617 [a]
222 2537 366 2598 Arborum
382 2537 496 2616 quidam
512 2554 678 2596 communes
692 2535 802 2612 morbi,
826 2536 940 2616 quidam
961 2538 1067 2615 priuati
1084 2555 1139 2614 ge·

133 2640 244 2682 nerum.
275 2619 440 2682 Communis
455 2620 655 2680 vermiculatio
672 2630 727 2694 est,
743 2619 882 2680 sideratio
896 2638 930 2681 ac
946 2619 1033 2681 dolor
1047 2639 1139 2682 mem·

134 2704 268 2780 brorum,
290 2705 365 2764 unde
381 2705 503 2783 partium
522 2704 671 2779 debilitas,
694 2705 837 2765 societate
857 2707 1001 2765 nominum
1018 2722 1138 2785 quoqne

135 2807 199 2848 cum
211 2789 333 2848 bominis
344 2790 478 2849 miseriis.
503 2798 605 2850 trunca
618 2789 736 2850 dicimus
752 2797 834 2849 certe
847 2806 974 2867 corpora
988 2798 1018 2849 et
1032 2788 1173 2852 oculosue
1189 2835 1191 2846 r

91 2883 144 2937 219
155 2873 314 2951 germinum
329 2882 450 2933 exustos
465 2892 499 2935 ac
516 2873 603 2933 multa
619 2873 702 2934 simili
719 2880 809 2934 sorte.
841 2875 937 2952 itaque
956 2873 1090 2934 laborant
1108 2882 1140 2934 et

134 2956 209 3018 fame
226 2965 256 3018 et
274 2958 426 3032 cruditate,
444 2976 519 3036 quae
535 2957 603 3020 dunt
617 2958 724 3018 urnoris
739 2959 913 3036 quantitate,
931 2959 1048 3038 aliquae
1064 2974 1139 3019 vero

135 3051 164 3102 et
177 3042 332 3117 obesitate,
345 3050 376 3101 ut
391 3043 486 3103 omnia
499 3060 573 3121 quae
587 3043 711 3102 resinam
726 3042 822 3102 lerunt
836 3042 920 3102 nimia
936 3042 1138 3122 pinguitudine
1188 3057 1190 3086 ³

134 3129 162 3187 in
177 3125 290 3188 taedam
306 3135 447 3188 mutantur
463 3135 503 3202 et,
520 3145 583 3186 cum
597 3127 714 3187 radices
726 3143 843 3206 quoque
856 3128 1055 3206 pinguescere
1068 3143 1137 3187 coe·
1189 3137 1190 3202 f

134 3229 223 3290 pere,
247 3211 391 3271 intereunt
405 3220 435 3271 ut
452 3209 583 3271 animalia
601 3212 687 3270 nimio
704 3211 805 3289 adipe,
827 3209 983 3290 aliquando
999 3221 1030 3272 et
1045 3213 1170 3291 pesti-ts

135 3295 224 3356 lentis
246 3315 301 3375 per
315 3312 441 3374 genera,
467 3295 541 3355 sicut
562 3296 637 3355 inter
661 3294 793 3356 lromines
818 3313 893 3355 nunc
915 3297 1036 3358 servitiu
1060 3315 1137 3357 nunc

91 3389 144 3442 220
153 3379 257 3457 plebes
271 3379 380 3441 urbana
394 3380 444 3440 vel
459 3381 576 3440 rustica.
601 3380 641 3459 [3]
657 3378 889 3441 vermiculantur
899 3382 992 3458 magis
1003 3382 1136 3442 minusve

137 3463 292 3542 quaedam,
313 3481 413 3525 omnes
428 3473 524 3524 tamen
539 3464 620 3540 fere,
642 3463 729 3542 idque
750 3481 820 3524 ares
844 3465 906 3526 cari
924 3466 1044 3526 corticis
1059 3482 1134 3527 sono
