2396 3900
145 245 186 305 40
479 255 510 302 c.
527 255 624 303 eamr
639 255 789 304 sucorum

145 429 161 472 a
180 411 384 471 circumcisura
400 414 526 471 siccatae
541 410 698 471 fideliores.
729 411 848 470 laricem
863 410 890 468 in
906 409 1055 470 maritimis
1066 410 1147 468 nari·

145 495 198 555 bus
217 495 371 556 obnoxiam
386 495 508 554 teredini
525 494 654 567 tradunt,
676 495 828 572 omniaque
842 502 1048 572 praeterquam
1063 493 1147 552 olea·

145 589 234 640 strum
257 589 287 639 et
308 578 412 639 oleam.
443 579 584 657 quaedam
598 579 672 638 enim
694 578 830 654 inmari,
852 578 994 657 quaedam
1014 578 1044 636 in
1065 586 1148 638 terra

143 665 220 724 vitiis
236 664 455 742 opportuniora.

101 759 154 811 220
224 748 274 808 41.
302 747 385 828 (80.)
410 747 606 808 lniestantium
622 755 755 826 quattuor
770 764 896 825 genera:
926 747 1076 808 teredines
1097 761 1170 805 oa-u

144 833 204 911 pite
226 831 261 891 ad
283 834 448 911 portionem
468 832 640 909 gravissimo
662 831 767 891 rodunt
787 831 931 892 dentibus.
960 831 1017 892 bae
1036 838 1147 890 tantam

144 918 172 976 in
187 917 258 976 mari
272 917 447 993 sentiuntur,
469 934 525 976 nec
541 917 624 976 aliam
642 925 742 994 putant
761 916 922 976 teredinem
938 915 1058 994 proprie
1074 914 1145 974 dici.

144 1001 293 1061 terrestris
308 1002 401 1061 tineas
417 1010 532 1076 vocant,
550 1000 690 1060 culicibus
704 1017 776 1061 vero
794 1001 893 1060 similis
912 1000 1031 1078 tbripas.
1057 1015 1145 1078 quar·

143 1094 201 1145 tum
218 1094 263 1145 est
277 1094 306 1145 et
323 1103 340 1144 e
355 1085 576 1145 vermiculomm
591 1101 712 1162 genere,
732 1094 761 1145 et
776 1102 877 1144 eorum
891 1083 939 1145 alii
954 1091 1146 1164 putrescente

144 1186 216 1228 suco
238 1171 302 1247 ipsa
328 1170 465 1245 materie,
490 1168 538 1229 alii
559 1170 707 1247 pariuntur
728 1170 803 1230 sicut
822 1171 851 1228 in
874 1168 1028 1229 arboribus
1044 1184 1083 1226 ex
1104 1179 1179 1226 eouo

144 1255 192 1333 qui
208 1262 339 1313 cerastes
358 1262 489 1314 vocatur.
524 1271 588 1313 cum
609 1262 717 1314 tantum
739 1255 829 1315 erosit
848 1261 879 1313 ut
900 1254 1077 1329 circumagat
1097 1269 1143 1329 se,

101 1349 150 1400 221
162 1347 285 1415 generat
298 1338 393 1399 alium.
423 1337 503 1398 Haec
525 1339 606 1398 nasci
628 1337 764 1417 probibet
785 1340 814 1397 in
835 1337 899 1398 aliis
915 1335 1091 1412 amaritudo,
1111 1345 1146 1395 ut

145 1439 297 1500 cupresso,
314 1423 343 1481 in
359 1422 423 1482 aliis
438 1421 549 1497 duritia,
567 1430 597 1482 ut
614 1423 703 1482 buxo.
735 1423 849 1483 tradunt
871 1431 900 1481 et
921 1422 1046 1482 abietem
1064 1421 1145 1480 circa

103 1527 136 1562 rso
145 1507 371 1584 germinationes
387 1505 594 1566 decorticatam
609 1525 664 1586 qua
680 1507 801 1567 diximus
823 1507 889 1566 luna
904 1507 986 1586 aquis
1002 1521 1059 1564 noa
1077 1520 1144 1563 cor·

143 1591 245 1669 rumpi.
276 1590 437 1651 Alexandri
456 1589 553 1669 blagni
569 1593 690 1651 comites
706 1592 895 1670 prodiderunt
916 1592 945 1650 in
960 1589 1035 1665 Tylo
1050 1587 1143 1648 Rubri
1154 1601 1178 1642 ιι

143 1677 230 1736 maris
245 1676 339 1736 insula
353 1676 474 1735 arbores
495 1693 563 1736 esse
585 1675 746 1753 exquibus
767 1693 858 1736 naves
883 1674 987 1735 tierent
1009 1692 1082 1753 quas
1099 1683 1143 1734 cc

144 1762 224 1822 annis
244 1760 371 1821 durantis
394 1761 525 1820 inventas
540 1768 585 1836 et,
608 1762 632 1818 si
647 1769 864 1838 mergerentur,
884 1761 1077 1838 incorruptas.
1112 1760 1144 1816 iu

143 1845 246 1905 eadem
268 1863 336 1904 esse
357 1845 489 1904 fruticem
511 1843 622 1904 baculis
651 1853 757 1904 tanturn
783 1845 908 1904 idoneae
930 1842 1142 1920 crassitudinis,

143 1930 250 1988 varium
267 1929 381 2006 tigrium
396 1927 525 2002 maculis,
542 1928 738 2008 ponderosum
754 1938 793 2005 et,
810 1947 873 1989 cum
891 1929 919 1988 in
935 1929 1076 2007 spissiora
1091 1926 1142 1987 de·

144 2013 230 2086 cidat,
248 2012 312 2071 vitri
330 2013 415 2073 modo
430 2012 573 2089 fragilem.
1151 2021 1175 2062 tt

100 2107 151 2160 tat
217 2095 268 2155 42.
293 2093 377 2176 (81.)
406 2095 491 2174 Apud
507 2114 560 2155 nos
576 2097 716 2158 materiae
734 2097 876 2158 finduntur
892 2096 1007 2176 aliquae
1023 2104 1140 2175 sponte,

143 2179 181 2240 ob
196 2179 224 2239 id
242 2180 392 2241 architecti
408 2198 457 2241 eas
473 2181 539 2241 fimo
557 2181 652 2242 inlitas
667 2182 771 2242 siccari
785 2182 884 2242 iubent
898 2191 929 2242 ut
945 2181 1066 2242 addatur
1083 2197 1142 2238 non

142 2272 276 2324 noceant.
300 2263 414 2326 Pondus
431 2266 574 2326 sustinere
590 2265 703 2326 validae
723 2265 815 2344 abies,
834 2267 918 2340 larix,
938 2267 1022 2325 etiam
1037 2266 1065 2324 in
1082 2272 1140 2324 tra·

142 2366 258 2408 versum
276 2350 401 2429 positae.
425 2349 525 2426 robur,
542 2350 609 2410 olea
622 2351 808 2411 incurvantur
823 2351 988 2430 ceduntque
1005 2349 1140 2428 ponderi.

141 2433 211 2494 illae
226 2435 384 2493 renituntur
399 2451 455 2494 nec
472 2443 584 2493 temere
599 2444 779 2512 rumpantur,
800 2437 939 2513 priusque
961 2436 1039 2494 carie
1055 2445 1176 2513 quamtt

99 2527 152 2581 223
162 2516 270 2576 viribus
293 2517 437 2578 deliciunt.
474 2526 502 2577 et
524 2518 636 2596 palmae
660 2518 747 2579 arbor
765 2519 861 2580 valida
883 2553 924 2564 -—
945 2520 973 2577 in
994 2518 1141 2579 diversum

143 2602 217 2661 enim
234 2610 369 2661 curvatur
382 2637 425 2646 —
438 2611 467 2661 et
482 2601 618 2680 populus.
648 2611 747 2664 cetera
763 2605 856 2664 omnia
871 2605 899 2663 in
916 2603 1055 2663 interiora
1069 2620 1140 2681 pau·

141 2686 260 2761 dantur,
285 2685 380 2764 palma
402 2703 440 2744 ex
463 2687 607 2746 contrario
623 2686 796 2748 fornicatim.
828 2688 911 2767 pinos
933 2697 962 2747 et
982 2701 1141 2766 cupressus

141 2769 282 2829 adversus
313 2771 421 2829 cariem
447 2771 599 2848 tineasque
634 2771 823 2832 firmissimae.
870 2771 969 2832 Facile
1000 2770 1142 2850 pandatur

140 2853 270 2930 iuglans,
294 2852 362 2912 bunt
385 2855 508 2914 enimet
529 2873 567 2914 ex
588 2855 750 2916 eatrabes.
781 2857 876 2934 frangi
900 2873 932 2915 se
956 2855 1175 2934 praenuntiato

140 2938 265 3014 crepitu,
283 2938 359 3015 qnod
376 2940 403 2997 in
423 2937 571 2999 Antandro
587 2939 703 3016 accidit,
717 2958 811 3001 cume
829 2941 941 3000 balneis
958 2940 1052 2999 territi
1066 2955 1141 2998 sono

98 3029 150 3084 aad
161 3021 361 3101 profugerunt.
391 3021 487 3099 Pinus,
504 3025 617 3103 piceae,
630 3024 687 3084 alni
700 3026 736 3086 ad
749 3043 884 3103 aquarum
896 3025 999 3084 ductus
1013 3025 1042 3083 in
1053 3023 1141 3082 tubos

141 3115 288 3166 cavantur.
306 3105 427 3166 obrutae
438 3115 516 3167 terra
529 3106 668 3186 plurumis
682 3109 784 3169 durant
796 3110 888 3184 annis,
900 3108 1032 3184 eaedem,
1049 3109 1074 3167 si
1084 3123 1141 3166 non

140 3190 314 3266 integantur,
323 3191 380 3249 cito
394 3199 560 3268 senescunt,
572 3193 671 3252 mirum
683 3194 711 3252 in
723 3193 837 3253 modum
851 3192 1003 3268 fortiores,
1020 3193 1045 3252 si
1059 3207 1141 3251 umor

141 3283 222 3334 extra
239 3291 356 3352 quoque
372 3276 508 3353 supersit.
1149 3285 1174 3325 ³⁵

98 3367 149 3419 225
215 3355 298 3437 (82.)
333 3357 509 3419 Firmissime
539 3361 566 3418 in
591 3368 703 3420 rectum
732 3360 831 3435 abies,
864 3361 965 3421 eadem
991 3360 1140 3420 valvarum

141 3443 254 3517 paginis
276 3451 305 3501 et
323 3442 358 3502 ad
379 3461 578 3521 quaecumque
597 3442 685 3504 libeat
709 3445 842 3504 intestina
867 3461 957 3522 opera
978 3443 1138 3523 aptissima,

141 3523 203 3583 sive
219 3522 332 3585 Graeco
349 3527 411 3585 sive
429 3523 575 3606 Campano
591 3529 654 3588 sire
673 3529 773 3589 Siculo
791 3529 920 3589 iubricae
940 3529 1010 3588 artis
1029 3542 1140 3604 genere
