2508 3924
261 239 341 287 unu.
356 238 447 286 uren.
463 231 645 292 xxv111.⁵17.
661 236 704 290 18.
726 229 872 296 (tl—to.)
997 223 1056 286 201

76 391 157 450 nlnta
175 389 300 466 rubrica,
318 406 392 470 quae
407 407 480 452 uero
497 387 617 470 serpunt
633 390 673 450 lol
689 405 826 468 aprunum
840 408 903 452 curn
919 391 1015 450 resina
1030 397 1060 448 et

76 491 201 550 cerussa,
216 475 393 534 maxillarum
409 477 470 554 apri
493 475 542 534 vel
557 489 637 534 suurn
650 475 730 550 cinis,
747 477 840 535 liruurn
854 491 934 536 suurn
950 473 1058 532 inlitum

77 559 192 632 siccum,
204 559 271 618 item
287 561 433 636 cuprinum
450 575 488 617 ex
502 566 588 618 aceto
602 556 857 618 subfervefactum.
880 566 978 619 cetera
993 571 1058 635 pur·

75 649 175 717 gantur
191 651 221 700 ut
243 641 396 719 explentur
415 640 536 717 butyro,
559 655 663 700 cornus
686 643 795 700 cervini
816 644 914 703 cinere
935 640 983 699 uel
999 657 1058 699 rne-

56 723 149 786 edulla
166 726 263 798 curui,
280 723 350 784 lelle
366 727 477 784 hurino
495 741 558 783 curn
572 725 691 802 cyprino
707 725 774 784 oleo
791 733 839 784 aut
853 726 936 785 irino.
965 724 1060 782 limum

75 821 176 866 recens
195 826 275 868 suum
295 808 343 867 vel
366 809 515 868 inveterati
537 808 627 866 lariua
649 807 774 866 inlinitur
793 808 959 869 volneribus
979 806 1058 866 leuno

74 891 164 950 lactis.
193 890 391 970 phagedaenis
412 900 442 952 et
462 890 563 950 listulis
577 891 724 950 inmittitur
746 891 787 952 lel
808 893 880 952 tauri
904 907 967 950 cunr
988 906 1058 949 suco

74 975 152 1052 porri
166 983 216 1034 aut
230 974 305 1034 laute
321 975 470 1034 mulierum
491 973 538 1035 vel
552 975 670 1050 sanguis
691 975 787 1034 aridus
804 993 867 1035 cum
885 974 1059 1049 cotyledone

73 1056 170 1118 herba.
207 1059 398 1118 carcinomata
421 1067 501 1118 curat
516 1057 667 1133 coagulum
685 1057 796 1136 leporis
815 1075 879 1118 oum
892 1058 955 1136 pari
969 1073 1039 1136 pou·
1050 1065 1101 1118 ult
1184 1069 1186 1076 ’

42 1140 143 1202 rodere
158 1142 291 1218 capparis
307 1142 475 1218 adspersum
486 1143 564 1215 vino,
580 1156 762 1217 gangraenas
772 1144 896 1202 ursinum
910 1139 957 1200 vel
973 1141 1059 1218 pinna

75 1223 190 1300 inlitum,
205 1224 277 1282 asini
292 1224 459 1301 ungularum
474 1225 546 1283 cinis
560 1241 595 1283 ea
611 1241 685 1302 quae
701 1233 820 1303 serpunt
834 1224 933 1284 ulcera
947 1225 1059 1300 inepen

74 1323 130 1366 sus.
161 1307 280 1384 sanguis
299 1309 366 1384 equi
380 1306 492 1367 adrodit
506 1308 600 1367 carnis
615 1309 727 1384 septica
743 1309 787 1384 vi,
809 1309 876 1368 itenr
892 1307 948 1366 linui
965 1306 1060 1384 equini

71 1392 222 1450 inveterati
239 1389 337 1451 favilla
345 1435 354 1469 ,
373 1409 408 1450 ea
422 1407 494 1450 vero
506 1407 586 1468 *quae
601 1389 805 1468 phagedaenas
819 1401 924 1451 uocant
937 1391 966 1448 in
980 1390 1059 1448 ulce-

72 1489 133 1532 rum
148 1490 258 1550 genere
275 1475 336 1532 aori
358 1473 456 1535 bubuli
472 1474 543 1532 cinis
560 1491 623 1532 curn
646 1473 743 1532 melle.
774 1490 842 1534 caro
860 1473 941 1534 vituli
957 1489 1058 1532 recen

36 1557 110 1616 retia
135 1556 254 1618 volnera
279 1573 338 1616 uon
362 1559 467 1634 patitur
484 1557 693 1631 intumescere,
722 1558 817 1616 limum
837 1556 971 1616 bubulum
996 1571 1059 1614 cunr

70 1639 167 1698 rnelle.
186 1639 319 1699 feminum
333 1640 416 1700 vituli
430 1639 502 1698 cinis
516 1640 633 1699 sordida
649 1641 748 1700 ulcera
764 1647 794 1698 et
808 1656 882 1718 quae
899 1637 1101 1702 cacoetheilt
1212 1645 1219 1658 ⁶

68 1731 179 1782 uocant
200 1739 217 1781 e
239 1722 315 1782 lacte
329 1723 457 1782 mulieris
475 1731 572 1798 sanat,
592 1725 719 1782 recentis
738 1723 841 1802 plagas
857 1723 936 1782 lerro
957 1721 1059 1780 inlatas

69 1806 209 1882 glutinum
230 1807 370 1865 taurinum
390 1805 589 1883 liquefactum,
616 1807 701 1864 tertio
724 1805 770 1864 die
791 1806 924 1866 solutum.
956 1821 1060 1864 caseus

70 1889 206 1966 caprinus
220 1890 316 1948 siccus
331 1907 369 1948 ex
387 1897 471 1948 aceto
487 1905 522 1948 ao
537 1888 625 1948 ruelle
638 1899 742 1966 purgat
755 1890 871 1964 ulcera,
892 1905 966 1968 quae
987 1905 1058 1946 vero

34 1985 60 2026 so
69 1981 190 2050 serpant
203 1971 320 2032 adhibet
336 1971 436 2031 sebum
452 1987 515 2031 cum
530 1989 608 2048 cera,
624 1971 699 2032 idern
711 1973 804 2032 addita
815 1974 882 2048 pice
895 1989 929 2030 no
941 1971 1061 2048 sulpure

43 2057 44 2060 ’
68 2064 215 2135 perdurat.
248 2055 378 2115 similiter
393 2056 510 2132 prolicit
526 2055 561 2115 ad
576 2055 717 2114 cacoethe
736 2055 821 2114 haedi
839 2056 973 2115 lentinum
988 2055 1060 2113 cinis

67 2157 86 2198 e
109 2138 186 2198 lacte
207 2138 335 2198 mulieris
360 2148 389 2198 et
410 2138 446 2198 ad
467 2137 658 2198 carbunculos
680 2139 739 2197 suis
760 2138 883 2199 laminae
907 2137 1060 2198 cerebrum

66 2230 176 2281 tostum
189 2222 309 2281 inlitum.

134 2305 217 2384 (75.)
239 2304 372 2364 Scabiern
386 2305 507 2364 hominis
526 2306 653 2365 asininae
664 2304 807 2364 medullae
823 2304 1038 2364 maxumeaho·
1050 2314 1102 2367 244

29 2407 57 2448 25
69 2387 132 2446 lent
149 2396 179 2446 et
191 2389 289 2448 urinae
305 2387 433 2447 eiusdem
449 2405 512 2446 cum
528 2405 579 2446 suo
605 2386 665 2447 luto
690 2388 802 2462 inlitae,
823 2386 954 2460 butyrum
976 2389 1060 2446 etiarn

65 2470 145 2549 quod
161 2471 192 2530 iu
207 2472 339 2530 iumentis
355 2471 470 2548 prolicit
494 2487 557 2528 curn
575 2471 670 2530 resina
687 2470 794 2545 calida,
823 2469 960 2546 glutinum
975 2472 1068 2536 tauri-f

64 2571 133 2613 num
154 2555 184 2612 in
205 2563 290 2614 aceto
316 2554 500 2631 liquefactum
522 2552 617 2612 addita
637 2552 737 2628 calce,
766 2552 808 2611 fel
829 2554 975 2629 cuprinum
995 2569 1059 2612 curu

61 2637 201 2697 aluminis
217 2638 325 2714 cinere,
341 2637 433 2696 bovas
448 2636 541 2695 lirnunr
562 2635 713 2713 bubulum,
737 2636 813 2695 unde
835 2643 864 2694 et
881 2651 985 2693 nomeu
1002 2644 1058 2694 tna·
1105 2631 1108 2638 ’

60 2737 149 2780 xere.
187 2738 287 2780 canum
306 2720 422 2780 'scabies
444 2728 559 2778 sanatur
578 2718 684 2780 bubulo
711 2719 848 2795 sanguine
870 2719 981 2776 recenti
1006 2719 1058 2776 ite-

24 2819 207 2881 aurumque,
228 2821 292 2864 oum
313 2805 471 2880 inarescat,
491 2803 574 2863 inlito
594 2811 624 2862 et
644 2812 763 2881 postero
781 2801 827 2861 die
844 2799 944 2860 abluto
961 2801 1058 2861 cinere

60 2887 181 2947 lixivio.
252 2930 254 2939 Α

128 2970 216 3048 (76.)
239 2969 345 3048 Spinae
362 2979 391 3028 ot
405 2968 505 3029 similia
521 2969 638 3046 corpori
653 2967 837 3028 extrahuntur
852 2965 919 3026 ielis
936 2983 1037 3026 exore-
1048 2975 1098 3030 245

59 3053 184 3128 mentis,
200 3055 268 3112 item
284 3069 389 3130 caprae
405 3071 442 3110 ex
456 3054 539 3126 vino,
564 3051 689 3128 coagulo
707 3068 905 3128 quocumque,
933 3049 985 3109 sed
1000 3066 1057 3108 rna·

59 3153 154 3195 xume
176 3135 303 3214 leporis,
326 3153 389 3194 uum
405 3136 476 3194 turis
490 3135 600 3213 polline
621 3144 650 3194 et
668 3135 735 3194 oleo
751 3142 799 3194 aut
819 3151 882 3193 cum
898 3135 970 3194 visci
994 3133 1058 3211 pari

19 3235 49 3278 aa
61 3219 203 3298 pondere
217 3227 265 3278 aut
280 3237 343 3278 oum
361 3218 486 3298 propoli.
521 3217 679 3278 Cicatrices
692 3219 789 3295 nigras
803 3217 904 3277 sebum
918 3218 1057 3277 asininum

57 3302 184 3362 reducit
198 3301 234 3361 ad
258 3303 402 3376 colorem,
424 3301 464 3360 iel
480 3302 561 3361 vituli
587 3310 722 3362 extenuat
744 3301 924 3361 caleluotum.
952 3300 1057 3359 medici

56 3386 196 3446 adiciunt
209 3403 332 3444 murram
349 3393 378 3444 et
393 3385 448 3444 nuel
464 3393 492 3443 et
508 3401 624 3444 crocum
639 3402 782 3464 aereaque
797 3383 905 3464 pyxide
920 3383 1055 3443 condunt.

54 3469 157 3548 aliqui
172 3477 203 3529 et
214 3469 315 3530 llorern
331 3469 406 3528 aeris
421 3465 588 3528 admiscent.
