2370 3922
344 277 424 325 nan.
443 272 715 325 nuncnune.
734 264 842 341 (1-c.)
1015 265 1055 328 69
1108 291 1112 299 ·

68 431 219 506 lectusque
244 431 276 489 in
303 433 414 491 arcanis
444 433 504 490 suis
530 430 664 507 reliquit,
684 430 839 508 Pompeius
865 439 960 490 autern
981 433 1057 490 omui

68 515 149 588 regia
165 512 273 589 praeda
287 517 399 594 potitus
415 513 574 573 transferre
593 531 628 572 ea
645 531 780 573 sermone
802 522 904 574 nostro
923 514 1058 574 libertum
1143 510 1151 527 “

68 613 148 656 suum
164 594 309 657 Lenaeum
324 599 526 674 grammaticae
542 599 611 656 artis
629 599 725 674 iussit,
743 599 879 675 vitaeque
894 599 933 658 ita
949 598 1058 676 profuit

68 695 123 738 non
135 681 228 739 miuus
245 699 329 758 quam
346 679 525 758 reipublicae
542 681 665 740 victoria
680 680 737 739 illa.

48 787 58 826 r
129 763 191 840 (4.)
237 763 362 824 Praeter
381 763 436 822 bos
454 762 555 824 Graeci
579 771 714 823 auctores
733 762 890 840 prodidere
908 782 980 841 quos
996 765 1086 828 snisss

67 845 139 905 locis
165 845 306 924 diximus,
330 865 367 907 ex
380 846 426 906 bis
447 844 603 923 Crateuas,
625 845 794 923 Dionysius,
811 845 996 907 Metrodorus
1014 865 1058 907 ra·
1085 887 1088 900 ·

67 930 147 988 tione
165 929 352 992 blandissima
365 930 417 990 sed
432 947 488 1010 qua
503 931 572 989 nihil
592 949 686 1009 paene
702 930 778 990 aliud
796 947 878 1007 quam
905 929 1057 990 diilicultas

66 1013 107 1071 rei
124 1012 325 1089 intellegatur.
345 1017 468 1093 pinxere
483 1032 605 1091 namque
619 1015 734 1092 efligies
749 1013 903 1072 herbarum
917 1021 1003 1090 atque
1018 1015 1058 1073 ita

68 1095 273 1174 subscripsere
289 1097 420 1158 effectus.
454 1115 554 1156 verum
569 1105 599 1156 et
610 1099 722 1174 pictura
736 1097 824 1156 fallar
840 1105 886 1156 est
897 1096 1057 1171 coloribus,

37 1187 122 1248 ptam
137 1183 302 1239 numerosis
318 1182 491 1259 praesertim
506 1183 535 1238 in
550 1179 772 1240 aemulationem
786 1188 915 1256 naturae,
930 1179 1058 1239 multum·

67 1279 123 1339 que
144 1261 308 1338 degenerat
328 1264 581 1326 transcribentium
595 1263 657 1322 iors
672 1265 760 1323 varia.
787 1271 943 1341 praeterea
958 1280 1058 1340 parurn

67 1353 111 1404 cst
131 1346 262 1422 singulas
282 1364 380 1406 earum
396 1355 509 1406 aetates
525 1349 622 1424 pingi,
644 1364 707 1406 cum
727 1346 943 1424 quadripertitis
964 1347 1059 1404 varie·

65 1429 174 1488 tatibus
191 1432 256 1489 anni
271 1431 375 1490 iaciem
389 1437 507 1489 mutent.

125 1512 187 1589 (5.)
221 1510 318 1582 Quare
330 1515 422 1573 ceteri
439 1530 574 1573 sermone
594 1532 644 1573 eas
661 1511 822 1588 tradidere,
841 1513 928 1590 aliqui
944 1531 980 1572 ne
997 1512 1089 1576 eiii-9

36 1597 114 1672 agie
132 1595 249 1672 quidem
265 1597 389 1656 iudicata
404 1605 434 1656 et
450 1596 531 1655 nudis
547 1597 717 1674 plerumque
734 1596 896 1655 nominibus
919 1594 1057 1671 defuncti,

65 1680 201 1756 quoniam
210 1681 281 1739 satis
288 1680 442 1739 videbatur
454 1687 618 1758 potestates
629 1682 744 1756 vimque
759 1678 959 1738 demonstrare
971 1696 1058 1755 qnae-

1 1757 2 1764 '
64 1779 132 1820 rere
148 1762 326 1822 volentibus.
362 1781 417 1822 nec
432 1771 478 1822 est
492 1763 617 1822 dillicilis
632 1764 782 1840 cognitio,
797 1763 882 1822 nobis
898 1770 991 1838 certe,
1008 1780 1057 1820 ex·

64 1847 159 1923 ceptis
175 1845 326 1904 admodum
342 1848 454 1924 paneis,
472 1849 595 1923 contigit
610 1846 737 1924 reliquas
754 1845 946 1922 contemplari
965 1847 1057 1904 scien·

66 1931 105 1987 tia
127 1928 240 1987 Antoni
263 1927 411 2005 Castoris,
440 1933 484 1988 oui
507 1947 614 1990 summa
638 1931 794 1988 auctoritas
817 1937 881 1988 erat
899 1931 928 1988 in
945 1945 979 1988 ea
994 1936 1057 1988 arte

33 2018 168 2074 anostra
197 2029 289 2089 aevo,
316 2013 439 2072 visendo
456 2011 573 2072 bortulo
591 2015 652 2073 cius
674 2015 775 2090 inquo
794 2012 938 2090 plurumas
960 2011 1058 2071 alebat

65 2097 254 2154 centesimum
269 2113 372 2155 aunum
386 2097 489 2155 aetatis
503 2096 665 2172 excedens,
682 2095 788 2154 nullum
809 2097 942 2174 corporis
955 2094 1058 2154 malum

66 2186 224 2256 expertus,
248 2197 282 2238 ac
304 2197 342 2238 ne
363 2187 459 2239 aetate
476 2179 590 2255 quidem
604 2180 742 2238 memoria
759 2188 807 2238 aut
821 2181 924 2256 vigore
938 2195 1057 2238 concus-

66 2263 113 2320 sis.
145 2278 241 2337 neque
255 2260 333 2321 aliud
348 2265 451 2321 mirata
466 2264 557 2340 magis
570 2265 723 2340 antiquitas
738 2265 912 2340 reperietur.
938 2264 1054 2322 iuventa
1066 2273 1101 2326 10

65 2344 234 2421 iampridem
250 2346 323 2404 ratio
343 2353 389 2404 est
409 2347 614 2423 praenuntians
629 2346 734 2421 boras,
754 2363 812 2404 non
830 2345 916 2405 modo
937 2345 999 2405 dies
1024 2363 1058 2404 ac

34 2431 177 2504 anoctis,
195 2427 267 2486 solis
284 2427 428 2506 lunaeque
445 2427 616 2487 defectuum.
648 2428 732 2488 durat
754 2437 849 2488 tamen
870 2428 975 2488 tradita
990 2447 1056 2506 per·

66 2512 163 2570 suasio
180 2513 209 2569 in
224 2521 327 2587 magna
342 2520 426 2589 parte
441 2511 523 2589 volgi
536 2513 686 2570 veneficiis
703 2520 732 2570 et
749 2510 848 2571 berbis
864 2511 893 2570 id
903 2513 970 2587 cogi
982 2529 1057 2570 earn-

66 2611 121 2672 que
138 2611 223 2652 unam
237 2593 406 2654 feminarum
421 2595 570 2654 scientiam
590 2595 771 2672 praevalere.
806 2602 888 2654 certe
910 2593 978 2671 quid
998 2613 1056 2654 non

65 2676 257 2755 repleverunt
279 2677 385 2736 iabulis
408 2675 524 2737 Colchis
541 2675 637 2738 bledla
663 2678 806 2756 aliaeque,
824 2679 967 2755 inprimis
985 2675 1057 2738 ltala

66 2758 152 2820 Circe
169 2759 212 2818 dis
232 2762 317 2821 etiarn
331 2759 496 2839 adscripta?
528 2760 602 2820 uude
617 2761 744 2820 arbitror
764 2769 860 2820 natum
879 2769 910 2818 ut
925 2759 1098 2837 sescay-11
1164 2787 1165 2792 ¹
1183 2807 1184 2812 ,

34 2842 108 2905 aolus
124 2861 141 2902 e
160 2839 364 2902 vetustissimis
380 2845 409 2903 in
426 2846 541 2921 poetica
557 2845 694 2904 refertam
711 2843 822 2903 ltaliam
832 2843 990 2902 barbarum
1004 2861 1055 2920 po·

65 2927 157 2986 tentia
172 2925 328 3003 prpderet,
343 2926 482 3004 multique
499 2926 642 3004 Circeios,
658 2927 707 2986 nbi
722 2926 864 2986 habitavit
875 2926 935 3002 illa,
951 2945 1055 3003 magno

65 3017 237 3086 argumento
266 3011 427 3069 etiamnunc
454 3010 574 3070 durante
602 3011 631 3071 in
655 3009 759 3070 biarsis
786 3010 881 3069 atillo
904 3013 966 3070 eius
991 3019 1056 3070 orta

64 3100 174 3169 gente,
190 3094 326 3170 quoniam
346 3111 414 3152 esse
434 3092 592 3153 domitores
608 3097 785 3172 serpentium
800 3101 921 3154 constat,
953 3093 1056 3170 Home·

65 3194 114 3236 rus
128 3175 245 3254 quidem
264 3176 372 3253 primus
388 3175 581 3236 doctrinarum
596 3187 626 3238 et
649 3178 825 3256 antiquitatis
842 3195 966 3254 parens,
986 3177 1056 3236 mul·

33 3267 112 3318 astus
130 3259 204 3319 alias
223 3260 253 3318 in
271 3258 460 3320 admiratione
482 3256 596 3336 Circae,
614 3260 736 3338 gloriam
751 3260 906 3320 herbarum
916 3261 1055 3338 Aegypto

65 3342 184 3418 tribuit,
201 3359 264 3400 cum
280 3344 367 3402 etiam
382 3350 440 3402 tum
452 3360 526 3422 quae
539 3345 649 3419 rigatur
661 3344 815 3422 Aegyptus
830 3343 880 3404 illa
893 3361 951 3403 uon
963 3352 1055 3420 esset,

63 3432 172 3504 postea
190 3425 312 3484 fluminis
328 3426 396 3484 limo
409 3427 532 3486 invecta.
562 3425 669 3486 herbas
684 3435 765 3486 certe
776 3428 939 3506 Aegyptias
955 3427 989 3487 ab
1006 3446 1052 3488 rc·
1064 3437 1098 3492 12

63 3510 111 3586 gis
133 3525 228 3568 uxore
252 3508 371 3568 traditas
386 3507 518 3569 Helenae
536 3525 605 3569 suae
626 3509 767 3587 plurumas
787 3519 884 3570 narrat
907 3529 940 3571 ac
955 3511 1054 3572 nobile
