2370 3922
408 33 417 69 h

199 249 566 306 uar.n1sn.xxnu.1o.
585 241 818 323 (lton-xxv.
836 251 861 304 1.
879 231 929 318 (12)
1019 225 1068 306 gp·

63 425 157 488 aquae
172 426 277 470 novam
290 407 401 482 cyathis
416 408 451 468 ad
466 425 582 468 meuses
595 407 714 468 ciendos
727 409 806 470 dedit
816 420 898 488 pota,
910 429 965 470 neo
978 409 1060 470 tnti·
1128 415 1133 424 '

64 501 142 552 tatur
165 493 234 569 quin
258 491 410 550 decoctum
436 493 498 550 eius
522 491 704 553 utilissimum
721 495 758 551 sit
773 493 867 553 volvis
889 495 1059 554 interaneis·

1 600 2 603 ¹
64 594 120 654 que
137 574 335 650 exulceratis,
352 576 436 634 sicuti
452 593 555 636 semen
567 574 695 634 articulis
713 584 798 652 atque
817 577 1004 653 praecordiis.
1033 580 1058 636 si

1 655 2 732 l
64 676 137 718 vero
159 675 224 718 euru
233 657 325 716 malva
341 657 521 734 decoquatur
537 667 641 735 postca
656 657 753 716 addito
769 659 873 736 mulso,
889 669 975 737 potus
991 669 1060 719 ante

1 738 2 810 l
41 751 164 806 coetera
179 741 275 800 volvis
291 743 511 818 interaneisque
526 741 673 815 landatur,
689 743 797 818 quippe
813 760 875 801 curu
886 761 977 820 vapor
988 761 1057 821 quo·

65 843 120 902 que
133 825 249 884 decocti
263 824 421 900 plurumum
432 826 536 902 prosit,
554 824 718 900 alarumque
732 827 816 883 etiam
829 827 1060 902 graveolentiam

64 909 217 968 decoctum
238 909 298 968 iani
321 906 463 968 emendat.
494 908 585 966 lariua
608 907 776 984 porrigines
800 911 902 985 capitis
918 910 1057 969 furfures·

65 1009 119 1072 qua
132 1008 205 1050 oum
220 993 288 1050 vino
303 999 333 1049 et
346 993 423 1050 nitro
440 991 580 1051 celeriter
594 990 677 1050 tollit.
696 992 726 1049 in
737 991 928 1066 hydromelite
942 1000 1037 1052 autem
1050 1004 1100 1058 188

64 1076 185 1134 decocta
204 1073 297 1134 additu
315 1075 439 1150 axungia
453 1073 629 1150 genitalibus
646 1073 796 1149 medetur,
812 1077 881 1134 item
895 1093 987 1152 pano,
1009 1094 1058 1153 pa·

35 1159 168 1233 nrotidi,
185 1157 355 1234 podagrae,
374 1155 535 1234 chiragrae,
551 1157 679 1216 articulis
701 1158 892 1235 carnibusque
916 1177 989 1236 quae
1011 1177 1057 1218 re·

63 1241 169 1300 cedunt
187 1241 222 1299 ah
243 1241 377 1315 ossibus,
398 1249 482 1299 aceto
501 1257 573 1298 vero
592 1240 710 1298 subacta
729 1239 842 1300 luxatis.
873 1242 1002 1301 inlinitur
1028 1253 1058 1302 ot

63 1324 135 1384 lieni
152 1324 275 1386 decocta
289 1325 319 1382 in
335 1332 419 1382 aceto
435 1332 466 1382 et
480 1323 567 1382 urolle
584 1331 698 1382 tautum.
731 1327 922 1399 carcinomata
939 1326 1057 1386 subacta

19 1433 23 1444 ·
63 1409 183 1466 euvino
201 1415 332 1484 purgat,
344 1423 412 1466 mox
426 1407 525 1468 addito
538 1405 626 1466 melle
641 1415 785 1483 persanat.
816 1411 934 1468 smuitnr
949 1417 979 1468 et
994 1427 1057 1468 sor·

64 1492 136 1550 hitio
153 1510 170 1550 e
187 1491 280 1550 farina
299 1489 333 1548 ad
348 1498 450 1566 pectus
466 1490 667 1550 exulceratum
680 1488 853 1568 longamque
869 1494 978 1551 tussim.
1009 1491 1057 1550 diu

32 1588 52 1628 n
62 1574 236 1651 decoquitur
262 1572 356 1632 donec
389 1573 546 1632 amaritudo
570 1573 699 1647 desinat,
726 1581 831 1650 postea
852 1574 910 1634 mel
935 1575 1054 1636 additur.

60 1655 141 1716 Nunc
154 1659 219 1735 ipsa
236 1657 352 1716 claritas
367 1655 521 1715 herbarum
536 1655 656 1716 dicetur.

485 1904 677 1916 ---—.-

348 2169 815 2254 trummacum
866 2216 868 2220 ψ

81 2376 83 2382 ·
170 2339 556 2434 otlounttt
599 2339 980 2435 titolottlnh

417 2517 742 2583 nronaxxu.

506 2696 655 2706 *uu-—

30 2838 51 2882 u
117 2819 189 2899 Gap.
208 2833 232 2884 1.
254 2820 346 2899 (Sect.
360 2823 402 2900 1.)
433 2820 500 2900 lpsu
517 2840 589 2899 quae
604 2841 678 2883 nunc
696 2823 808 2882 dicetur
827 2819 981 2880 herbarum
995 2820 1078 2884 cla-l

59 2907 143 2981 ritas,
162 2904 323 2967 medicinae
347 2912 454 2966 tantum
468 2907 609 2981 gignente
632 2925 681 2966 cas
704 2906 826 2981 tellure,
847 2907 877 2964 in
892 2902 1052 2964 admiratio·

59 2993 130 3049 nem'
142 3006 230 3048 curae
249 2990 413 3066 priscorum
430 2987 656 3065 diligentiaeque
672 2992 793 3048 animum
808 2991 875 3065 agit.
892 2987 962 3046 nihil
979 3005 1052 3064 ergo

59 3073 258 3150 intemptatum
274 3073 517 3148 inexpertumque
534 3071 591 3130 illis
613 3073 684 3148 init,
713 3071 782 3132 nihil
806 3071 909 3132 deinde
927 3070 1051 3132 occulta-

60 3163 115 3214 tum
132 3155 270 3232 quodque
294 3172 354 3214 nou
380 3153 524 3232 prodesse
538 3157 666 3232 posteris
685 3155 803 3214 uellent.
835 3164 864 3216 at
882 3173 935 3215 nos
952 3153 1038 3214 elaho

31 3247 121 3306 prata
144 3239 181 3297 iis
203 3238 385 3297 abscondere
408 3246 494 3314 atque
517 3240 697 3316 supprimere
722 3240 849 3314 cupimus
869 3248 900 3298 et
917 3237 1050 3300 fraudare

61 3323 145 3382 vitam
161 3323 249 3381 etiam
262 3320 365 3380 alienis
379 3321 472 3380 honis.
505 3323 545 3380 ita
559 3330 639 3381 certe
658 3321 818 3380 recondunt
833 3324 881 3398 qui
896 3339 986 3399 pauca
1001 3320 1078 3384 ali-2

61 3421 113 3481 qua
128 3423 243 3464 novere
259 3403 424 3464 invidentes
441 3403 521 3481 aliis,
538 3413 567 3464 et
585 3406 726 3464 neminem
747 3403 855 3464 docere
877 3407 906 3466 in
926 3406 1049 3465 auctori·
1092 3451 1094 3463 .

59 3495 145 3548 tatem
171 3490 312 3549 scientiae
339 3495 393 3548 cst.
432 3496 539 3548 tantum
564 3488 599 3548 ah
622 3487 926 3630 excogitandis5npvis
952 3506 986 3548 ac
1006 3489 1048 3550 iu·
