2430 3896
289 271 370 318 nnn.
387 271 477 319 mrsu.
493 272 563 320 xva.
580 267 701 326 eaelo.
718 259 793 338 (to.)
984 259 1025 322 37

36 422 247 484 aestimantibus.
269 422 478 486 Fuitmemoria
492 437 590 486 nostra
605 429 668 487 etin
683 425 843 505 porticibus
859 435 1007 504 septorum
1015 438 1065 490 201

36 505 94 568 all.
110 507 243 586 Agrippa
264 508 369 570 relicta
388 529 481 590 aeque
498 511 628 570 miraculi
645 528 747 586 causa,
771 528 846 588 quae
861 511 1023 570 diribitorio

35 592 222 670 superbierat,
239 607 291 653 xx
307 594 427 672 pedibus
443 594 578 672 brevior,
602 594 799 674 sesquipedali
823 593 1022 654 crassitudine.

34 675 111 736 hhies
134 675 337 738 admirationis
365 681 540 758 praecipuae
568 680 630 740 visa
657 688 702 739 est
729 681 757 738 in
782 696 856 738 nave
886 695 961 757 quae
986 697 1024 738 ex

3 761 156 838 pahegppto
173 759 230 821 Gai
246 762 386 840 principis
398 764 476 823 iussu
491 763 651 824 obeliscum
666 766 695 824 iu
708 764 849 823 Vaticano
866 764 946 823 circo
965 771 1021 823 sta-

3 843 5 918 l
34 852 106 904 ntum
125 853 327 924 quattuorque
352 856 470 907 truncos
492 848 598 926 lapidis
619 848 747 908 eiusdem
767 848 802 906 ad
826 846 1022 906 sustinendum

3 921 5 934 ¹
34 947 84 988 enm
105 928 244 1004 adduxit,
273 948 348 1007 quae
373 949 445 992 nave
470 933 539 992 nihil
569 931 763 993 admirabilius
786 933 877 990 visum
899 932 928 989 in
950 930 1022 990 mari

34 1019 125 1071 anum
151 1022 211 1072 est.
244 1015 318 1081 ᾗ
343 1017 502 1076 modiorum
527 1017 613 1076 lentis
640 1033 693 1095 pro
723 1015 844 1076 saburra
873 1015 900 1074 el
926 1015 1019 1074 luere.

32 1094 178 1173 longitudo
195 1101 323 1176 spatium
338 1101 458 1178 optinuit
468 1118 572 1177 magna
589 1110 721 1178 exparte
739 1097 880 1158 Ostiensis
898 1107 999 1177 portus
1011 1107 1063 1160 202

6 1224 10 1234 ε
32 1180 109 1240 latere
124 1180 227 1242 laevo.
248 1183 288 1242 ibi
301 1201 422 1262 namque
434 1185 566 1244 demersa
584 1193 628 1244 est
643 1203 659 1244 a
672 1183 792 1244 Claudio
808 1183 940 1262 principe
957 1199 1020 1242 cum

32 1263 106 1324 tubus
128 1265 261 1327 molibus
281 1269 400 1327 turrium
422 1269 570 1329 altitudine
592 1271 621 1328 in
642 1287 676 1328 ea
705 1268 902 1328 exaedificatis
925 1265 1020 1326 obiter

32 1347 175 1410 Puteolano
194 1351 321 1428 pulvere
337 1353 535 1432 advectisque.
561 1353 674 1412 arboris
687 1353 749 1410 eius
762 1351 924 1411 crassitudo
940 1359 1020 1428 quat·

32 1433 236 1494 taorhominum
249 1436 333 1496 ulnas
345 1435 589 1514 conplectentium
601 1435 739 1516 inplebat,
748 1435 897 1513 volgoque
909 1435 1021 1494 auditur

32 1519 164 1594 octogmta
188 1537 334 1579 nummum
356 1529 386 1580 et
408 1520 497 1598 pluris
515 1521 606 1580 malos
619 1521 785 1581 venumdari
807 1521 842 1580 ad
864 1537 917 1580 eos
939 1535 1019 1593 usus,

31 1601 85 1660 ratis
98 1619 172 1663 vero
192 1605 312 1662 conecti
329 1606 516 1682 quadraginta
538 1599 703 1664 sestertium
722 1603 834 1664 milibus
853 1603 1019 1682 plerasque.

32 1683 60 1745 lt
70 1686 95 1745 in
108 1686 255 1766 Aegypto
272 1706 306 1748 ac
318 1689 401 1763 Syria
416 1707 505 1766 reges
520 1690 616 1766 inopia
628 1687 730 1747 abietis
744 1687 832 1747 cedro
845 1688 880 1746 ad
896 1686 997 1746 classis
1010 1694 1063 1748 203

32 1769 142 1830 teruntur
159 1773 219 1830 usi.
251 1789 382 1832 maxuma
400 1775 475 1832 eain
492 1770 590 1851 Cypro
608 1772 737 1848 traditur,
755 1771 790 1831 ad
807 1771 1020 1830 undeciremem

31 1851 154 1914 hemetrii
171 1856 307 1932 succisa,
331 1865 443 1916 centum
464 1858 579 1934 triginta
594 1856 715 1934 pedum,
735 1855 929 1916 crassitudinis
948 1869 1019 1913 vero

32 1937 148 1998 adtrinm
162 1939 311 2000 hominum
324 1941 507 2019 conplexum.
535 1939 705 2000 Germaniae
718 1940 881 2018 praedones
899 1937 1020 2014 singulis

31 2021 170 2082 arboribus
187 2026 301 2084 cavatis
315 2026 467 2102 navigant,
492 2042 610 2102 quarum
627 2023 767 2103 quaedam
784 2032 812 2082 et
836 2023 951 2100 triginta
968 2021 1018 2080 ho·

32 2107 222 2167 ninesiernnt.
247 2109 288 2187 [3]
302 2109 484 2188 spississima
498 2127 535 2168 ex
547 2110 622 2168 omni
633 2108 764 2185 materie,
774 2107 842 2166 ideo
852 2115 881 2166 et
892 2107 1063 2184 gravis-204

32 2191 88 2250 tima
100 2191 246 2251 indicatur
265 2192 397 2252 hebenus
413 2201 441 2251 et
463 2193 572 2267 buxus,
589 2191 718 2269 graciles
735 2201 843 2251 natura.
874 2199 975 2250 neutra
993 2190 1020 2248 in

32 2275 99 2352 aquis
120 2274 229 2352 fluitat,
251 2293 307 2336 nec
331 2275 434 2350 suber,
458 2278 482 2334 si
499 2277 629 2336 dematur
650 2285 769 2349 cortex,
791 2293 846 2334 nec
867 2275 950 2335 larix.
982 2291 1020 2332 ex

32 2357 139 2436 reliquis
167 2360 329 2419 siccissima
351 2360 430 2420 lotos
450 2378 523 2438 quae
545 2359 655 2420 Romae
683 2362 722 2420 ita
748 2358 928 2438 appellatur,
954 2357 1021 2416 dein

18 2440 107 2500 ntur
121 2442 351 2504 exalburnatum.
382 2452 412 2503 et
426 2443 493 2503 huic
508 2445 653 2521 nigricans
670 2445 752 2504 color
764 2443 915 2520 magisque
935 2442 1020 2500 etiam

34 2527 123 2600 queo,
142 2545 218 2604 quae
233 2545 376 2606 proxume
392 2529 538 2588 accedere
556 2528 698 2589 hebenum
712 2529 836 2602 videtur,
850 2531 1019 2604 quamquam

32 2623 79 2667 non
105 2611 209 2671 desunt
241 2613 288 2690 qui
316 2613 452 2688 Syriacas
478 2611 658 2672 terebinthos
685 2613 828 2690 nigriores
860 2609 1018 2670 adfirment.

33 2689 193 2754 celebratur
209 2704 239 2755 et
251 2695 403 2756 'lhericles
416 2697 530 2756 nomine
544 2697 651 2757 calices
666 2715 704 2756 ex
719 2695 882 2756 terebintho
901 2693 1003 2753 solitus
1011 2701 1063 2754 205

34 2773 130 2837 lacere.
152 2787 237 2838 torno
250 2797 392 2859 perquam
409 2780 548 2859 probatur
561 2783 705 2841 materies.
731 2781 853 2840 omnium
867 2777 941 2837 haec
957 2776 1020 2836 sola

35 2862 110 2938 ugni
121 2861 191 2938 volt,
199 2865 363 2943 meliorque
379 2865 409 2925 fit
420 2865 497 2924 oleo.
521 2865 604 2925 colos
615 2867 685 2924 mire
698 2865 875 2925 adulteratur
885 2861 1021 2939 iuglande

35 2957 63 3002 tc
76 2947 137 3022 piro
152 2947 282 3010 silvestri
297 2950 393 3008 tinctis
410 2957 497 3027 atque
512 2951 540 3008 in
554 2950 744 3010 medicamine
759 2948 900 3009 decoctis.
932 2947 1020 3006 omni·

35 3023 80 3088 hus
94 3047 164 3110 quae
173 3031 298 3092 diximus
310 3035 404 3112 spissa
416 3033 542 3093 firmitas.
565 3033 610 3093 Ab
623 3033 667 3092 his
679 3051 819 3110 proxuma
828 3040 873 3091 est
882 3048 998 3106 cornus,
1011 3038 1063 3092 ‘206

36 3127 192 3208 quamquam
206 3133 265 3176 uon
280 3126 379 3196 potest
393 3117 485 3178 videri
495 3119 631 3178 materies
647 3126 768 3197 propter
784 3116 951 3190 exilitatem,
969 3114 1022 3174 sed

37 3192 132 3272 lignum
145 3216 201 3259 non
218 3201 276 3261 alio
300 3219 393 3280 paene
416 3219 500 3280 quam
522 3202 557 3262 ad
575 3202 672 3261 radios
693 3211 819 3261 rotarum
838 3199 906 3259 utile
927 3207 975 3258 aut
997 3197 1021 3256 si

37 3281 97 3356 quid
117 3286 290 3345 cuneandum
311 3288 347 3345 sit
371 3288 399 3346 in
419 3285 498 3362 ligno
518 3285 647 3345 clavisve
662 3285 806 3363 figendum
829 3303 883 3344 ceu
903 3282 1019 3342 lemeis.

37 3361 90 3424 ilex
105 3367 169 3428 itam
185 3377 213 3429 et
229 3370 360 3431 oleaster
375 3379 405 3430 et
419 3369 486 3429 olea
501 3379 587 3448 atque
603 3379 748 3446 castanea,
766 3370 911 3447 carpinus,
928 3382 1020 3444 popu·

38 3443 87 3505 lus.
124 3450 192 3511 haec
213 3463 242 3513 et
262 3455 360 3533 crispa
380 3455 477 3516 aceris
495 3454 596 3528 modo,
624 3455 648 3512 si
672 3453 731 3514 ulla
758 3453 894 3512 materies
915 3449 1020 3509 idonea

40 3540 114 3591 esset
134 3537 214 3595 runis
239 3556 330 3618 saepe
353 3539 509 3618 deputatis.
553 3539 689 3598 castratio
715 3538 763 3597 illa
795 3545 839 3595 est
865 3533 1021 3609 adimitque
