2406 3914
281 229 362 277 nau.
380 227 472 279 nasu.
488 229 562 276 xxi.
576 227 661 282 7-9-
681 215 836 296 (ao-aa)
1000 215 1059 278 241

66 385 236 449 manifestum
257 393 304 445 est
324 393 428 465 postea
448 385 605 464 placuisse.
638 401 654 444 a
673 381 793 444 Graecis
810 391 906 442 tamen
926 392 1063 462 repertos
1108 415 1110 417 ·

68 472 123 550 quis
138 468 247 530 dubitet
264 487 323 530 non
339 469 423 530 aliter
438 467 521 530 ltalia
536 477 693 548 usurpante
709 468 824 528 nomina
838 467 977 527 illorum?

122 567 204 646 (25.)
227 565 283 643 At,
306 565 466 644 llercules,
493 567 604 646 petilio·
620 568 684 645 ipsa
709 585 814 628 nomen
840 565 981 645 inposuit,
1012 575 1106 634 auco

67 651 171 712 mmnali
192 652 333 730 circaque
355 653 457 731 vepris
474 652 606 712 nascenti
623 659 651 711 et
673 659 780 711 tantum
801 651 903 710 colore
920 668 1062 712 commen-

50 737 143 810 tdato,
162 736 219 814 ⁴qui
234 743 281 795 est
296 751 382 796 rosae
404 736 555 797 silvestris.
588 735 660 796 folia
683 753 789 814 parva,
818 737 923 813 quina,
950 738 1063 795 mirum·

66 838 115 899 que
135 821 164 879 in
196 837 234 879 eo
263 819 338 880 llere
367 820 475 881 inflecti
510 837 649 881 cacumen
679 828 710 880 et
738 819 822 880 nodis
858 821 964 880 intorto
993 819 1064 879 lolia

65 905 137 964 nasci
163 903 291 982 parvolo
314 904 417 980 calyce
448 922 483 965 ac
508 904 683 965 versicolori
710 903 817 964 luteum
846 921 946 963 semen
974 903 1064 962 inclu-

66 989 160 1049 dentia.
195 988 277 1049 luteo
306 997 336 1048 et
358 988 448 1049 bellio
470 988 710 1067 pastillicantibus
731 989 942 1066 quinquagenis
971 987 1065 1067 quinis

65 1071 185 1132 barbulis
201 1081 367 1133 coronatur.
398 1081 550 1152 pratenses
566 1074 594 1133 hi
610 1072 699 1133 dores
715 1089 751 1133 ac
771 1073 834 1132 sine
858 1090 910 1132 usu
931 1071 1064 1150 plerique

37 1157 168 1220 roetideo
186 1158 250 1216 sine
276 1156 446 1217 nominibus.
482 1157 548 1236 quin
566 1165 596 1217 et
620 1157 664 1216 his
688 1157 760 1236 ipsis
778 1156 835 1216 alia
856 1156 905 1217 alii
922 1155 1064 1216 vocabula

66 1242 206 1320 inponunt.

122 1339 205 1418 (26.)
231 1335 432 1413 chrysocome
448 1339 511 1399 sive
535 1339 669 1415 chrysitis
688 1337 850 1399 nonhabet
867 1337 994 1399 Latinam
1011 1357 1065 1436 ap:
1074 1351 1108 1402 50

65 1422 257 1500 pollutionem.
288 1422 393 1500 palmi
401 1422 550 1483 altitudine
576 1432 638 1499 est,
666 1422 843 1483 comantibus
865 1423 981 1500 fulgore
1005 1423 1065 1482 auri

66 1505 220 1582 corymbis,
245 1506 347 1566 radice
363 1507 461 1584 nigra,
493 1525 530 1566 ex
545 1517 662 1568 austero
682 1507 775 1584 dulei,
803 1508 831 1565 in
852 1507 978 1586 petrosis
994 1523 1063 1585 opa-
1150 1563 1182 1582 Ἴ,

37 1591 158 1670 sucisque
172 1607 309 1651 nascens

120 1691 147 1752 9.
171 1690 259 1790 (273)
282 1689 321 1750 Et
335 1691 399 1752 lere
420 1694 548 1771 peractis
569 1692 700 1753 colorum
716 1709 831 1772 quoque
850 1690 1060 1766 celeberrimis,
1074 1699 1106 1753 51

63 1777 157 1836 transit
181 1776 256 1835 ratio
283 1774 395 1836 adeas
425 1794 549 1837 coronas
572 1795 647 1856 quae
678 1778 819 1837 varietate
845 1774 1063 1854 sola‘placent.

64 1859 114 1919 duo
129 1877 228 1920 earum
249 1877 376 1938 genera,
399 1861 513 1940 quando
530 1861 604 1921 aliae
620 1861 693 1922 hore
710 1869 859 1937 constant,
886 1859 960 1919 aliae
980 1858 1062 1919 lolio.

64 1941 158 2003 horem
174 1960 243 2004 esse
260 1943 381 2004 dixerim
397 1946 527 2021 genistas
541 1979 585 1994 -
601 1962 723 2024 namque
742 1954 772 2005 et
789 1946 823 2004 iis
841 1943 1007 2023 decerpitur
1022 1942 1064 2002 lu·

36 2035 181 2104 ntens-,
191 2028 262 2087 item
277 2027 514 2106 rhododendron,
527 2030 595 2089 item
610 2028 730 2108 zizipha,
745 2047 819 2109 quae
836 2037 865 2088 et
878 2025 1066 2126 Cappadocia

63 2120 206 2172 vocantur.
228 2111 274 2172 his
290 2111 439 2188 odoratus,
455 2113 613 2191 similisque
629 2113 758 2174 olearum
774 2112 902 2173 lloribus.
925 2113 954 2171 in
968 2111 1065 2190 vepri-

63 2195 111 2256 bus
128 2195 259 2256 nascitur
281 2197 485 2274 cyclaminum,
513 2198 549 2257 de
576 2214 633 2275 quo
654 2197 737 2277 plura
764 2196 846 2257 alias
881 2195 936 2256 hos
965 2193 1083 2280 eius²⁵
1073 2191 1107 2228 ¹¹⁴

65 2279 248 2340 colossinus
238 2299 268 2339 ιιι
283 2297 407 2340 coronas
426 2281 589 2342 admittitur.

118 2377 203 2458 (28.)
226 2377 312 2439 Folio
331 2381 528 2439 coronantium
544 2378 663 2439 milaces
679 2387 708 2439 et
722 2377 860 2453 hederae,
874 2339 1063 2456 corymbique
1075 2387 1108 2440 52

34 2478 155 2522 aeamm
183 2463 317 2541 optinent
342 2464 548 2542 principatum,
583 2461 619 2524 de
649 2461 785 2541 quihus
777 2481 806 2523 ιιι
838 2461 972 2520 fruticum
998 2459 1065 2519 loco

63 2545 314 2608 abnndediximus.
331 2547 403 2608 Sunt
416 2557 445 2607 et
461 2547 515 2607 alia
528 2565 639 2626 genera
652 2546 813 2608 nominihus
823 2543 943 2606 Graecis
955 2543 1025 2602 indi·
1036 2541 1064 2582 ¹⁶·
1073 2539 1108 2576 ¹⁴⁴

63 2631 165 2708 moda,
195 2632 263 2710 quia
289 2632 397 2693 nostris
416 2632 526 2691 maiore
554 2649 591 2691 ex
617 2641 700 2730 parte
726 2632 809 2692 huius
830 2591 1083 2688 nomenclaturae

63 2712 148 2774 deluit
162 2733 242 2774 cura.
275 2724 304 2776 et
329 2715 472 2795 pleraque
499 2731 599 2774 eorum
622 2717 650 2774 in
665 2717 776 2776 exteris
797 2713 882 2774 terris
900 2720 1065 2786 nascuntur,

63 2798 142 2940 qobis
158 2809 256 2860 tamen
273 2800 486 2877 consectanda,
509 2800 642 2879 quoniam
658 2800 694 2860 de
708 2810 806 2860 natura
820 2813 934 2872 sermo,
957 2813 1014 2856 non
1031 2795 1066 2855 de

35 2893 56 2936 ao
77 2882 141 2943 talia
160 2893 216 2944 est.

124 2981 209 3061 (29.)
234 2980 316 3058 Ergo
336 2981 365 3040 in
386 2989 592 3043 coronamenta
609 2981 681 3041 folio
698 2996 808 3050 venere
822 2979 986 3054 melotrum,
1005 2978 1063 3056 spi·
1076 2985 1109 3038 53

64 3082 145 3142 raea,
171 3066 340 3143 origanum,
367 3082 520 3142 cneorum,
545 3066 624 3144 quod
653 3067 759 3125 casiam
779 3063 908 3140 Hyginus
932 3071 1019 3122 vocat
1039 3071 1068 3120 et

65 3149 138 3225 quod
158 3150 369 3227 cunilaginem,
394 3166 520 3225 conyza,
547 3147 789 3228 melissophyllum
804 3147 883 3226 quod
901 3147 1067 3244 apiastrum,

63 3232 213 3293 meliloton
235 3233 314 3313 quod
338 3233 473 3294 sertulam
495 3231 669 3312 Campanam
694 3249 844 3292 vocamus.
875 3240 919 3291 est
945 3230 1020 3290 enim
1041 3229 1070 3288 in

34 3312 217 3395 adampania
232 3316 333 3378 ltaliae
349 3317 558 3394 laudatissima,
586 3315 730 3378 Graecis'
722 3333 750 3373 ιιι
766 3315 872 3389 Sunio,
900 3331 969 3373 mox
984 3311 1069 3373 Chal-

64 3400 154 3462 cidica
180 3409 210 3462 et
234 3399 366 3478 Cretica,
390 3401 563 3500 ubicumque
589 3417 662 3461 veno
690 3399 804 3477 asperis
830 3407 860 3458 et
886 3395 1070 3457 silvestribus

64 3493 137 3543 nata.
169 3483 303 3546 Coronas
319 3504 358 3546 ex
379 3503 413 3545 ea
433 3487 586 3565 antiquitus
608 3484 752 3546 factitatas
772 3481 878 3542 indicio
901 3489 946 3541 est
967 3498 1071 3559 nornen

1 3622 2 3656 3
86 3589 179 3637 ,runc
193 3591 258 3631 nur.
277 3591 347 3631 rusr.
364 3574 409 3631 lll.
771 3643 773 3646 y
870 3565 909 3627 16
