2370 3922
161 212 208 300 58¹
506 251 536 300 c.
551 253 648 300 enum
664 250 814 300 succum

61 476 66 485 ⁵
163 423 218 466 uae
233 403 384 464 doloribus
399 406 518 482 propria
531 413 586 464 est.
620 399 912 484 Chamaecypurissne
929 403 1022 464 herba
1034 399 1138 464 'enim

165 496 235 566 pota
249 496 351 546 contre
367 505 479 546 venena
497 490 675 565 serpentium
695 492 818 550 omniurn
833 490 1073 565 scorpionumque
1088 486 1139 563 pol-

157 571 214 632 let.
245 568 478 648 Ampeloprascs
498 571 527 630 in
549 573 656 632 vinetis
685 575 830 648 nascitur,
855 571 934 632 foliis
951 572 1049 649 porri,
1072 577 1141 628 ructa

135 649 137 658 ’
165 655 282 732 gravis,
300 661 401 713 contra
416 656 596 730 serpentium
615 657 688 716 ictus
712 657 823 718 eibcax.
857 657 966 714 urinam
990 661 1021 714 et
1040 670 1140 712 meuses

164 739 240 814 ciet,
264 737 435 814 eruptiones
450 739 596 814 sanguinis
613 757 667 816 per
686 739 815 816 genitale
829 737 942 807 inhibet
957 745 1057 815 putum
1073 737 1156 811 iupc·

165 821 319 898 situmque.
351 819 433 878 datur
454 829 485 879 et
500 838 517 880 a
537 830 621 898 partu
636 822 804 882 mulieribus
820 829 852 881 et·
872 829 974 881 contra
991 820 1068 879 canis
1080 833 1142 876 mor·

165 921 224 964 sus.
254 921 289 964 ea
315 919 433 980 quoque
461 920 535 981 quae
562 905 677 980 stachys
701 913 823 966 vocatur
842 907 922 982 porri
944 900 1142 964 similitudinem

165 985 272 1062 habet,
295 984 480 1061 longioribus
503 985 581 1046 loliis
607 986 797 1066 pluribusque
816 996 847 1048 et
865 987 966 1048 odoris
983 983 1142 1048 iocundius

167 1069 299 1147 lorisque
315 1071 345 1128 in
358 1068 466 1127 luteum
481 1068 616 1129 inclinati.
650 1071 735 1148 pellit
756 1080 909 1130 menstrua.

73 1177 86 1188 ²
126 1193 179 1250 137
244 1185 327 1263 (87.)
344 1181 545 1262 clinopodium
556 1186 604 1244 ulii
618 1185 816 1262 cleopiceton,
831 1183 879 1242 alii
892 1183 1096 1261 zopyrontiou,
1106 1179 1165 1237 aliitl

171 1267 329 1328 ocimoides
341 1267 499 1346 appellant,
509 1269 639 1346 serpyllo
653 1267 785 1342 similem,
799 1266 989 1341 surculosam,
1002 1263 1085 1343 palmi
1095 1261 1143 1321 alti-

170 1351 286 1426 tudine,
311 1352 341 1408 in
363 1353 509 1428 petrosis,
532 1353 693 1412 orbiculato
722 1350 858 1410 foliorum
881 1348 1007 1424 ambitu,
1034 1347 1145 1424 speciem

166 1431 235 1493 lecti
272 1433 378 1511 pedum
410 1434 608 1512 praebentem.
656 1435 765 1494 bibitur
798 1432 833 1492 ad
868 1432 1027 1507 convolsa,
1065 1436 1143 1508 rupta,

168 1519 361 1594 strangurias,
378 1520 556 1596 serpentium
571 1519 644 1576 ictus
667 1520 737 1576 item
754 1516 874 1576 decocta
892 1523 922 1574 et
937 1533 1034 1574 sucus.

121 1627 177 1682 138
240 1612 322 1692 (88.)
352 1613 434 1674 Nunc
462 1614 648 1675 subtexemus
664 1614 770 1674 herbas
794 1611 933 1671 mirabilis
954 1611 1083 1690 quidem,
1101 1605 1162 1666 sed¹⁵

168 1700 259 1757 minus
277 1698 385 1775 claras,
408 1698 554 1758 nobilibus
574 1702 603 1759 in
625 1700 777 1776 sequentia
795 1696 938 1755 volumina
950 1693 1057 1753 dilatis.
1085 1689 1141 1750 Gen

168 1781 314 1840 tunculum
330 1791 436 1840 vocant
452 1785 566 1859 nostri,
580 1783 659 1842 loliis
675 1781 710 1841 ad
731 1778 944 1838 similitudinem
967 1778 1071 1855 eapitis
1090 1792 1141 1852 pac

168 1864 316 1938 mularum,
341 1865 483 1924 iacentem
498 1868 528 1924 in
543 1868 637 1942 arvis,
654 1863 757 1923 Graeci
773 1859 970 1937 clematidem,
990 1859 1099 1937 egregii
1110 1855 1140 1915 el·

168 1949 264 2006 iectus
280 1946 315 2005 ad
329 1945 485 2006 sistendam
499 1948 594 2007 alvom
609 1952 638 2008 in
654 1951 722 2006 vino
745 1955 872 2006 austero.
900 1945 970 2003 item
994 1943 1142 2019 sanguinem

170 2030 248 2088 sistit
265 2031 349 2088 tritus
366 2029 531 2104 oxymelitis
549 2040 597 2090 aut
614 2049 705 2109 aquae
723 2029 832 2090 calidae
844 2028 954 2104 cyathis
968 2029 1090 2106 quinque
1102 2023 1160 2083 dcc

169 2112 231 2170 nari
249 2113 331 2171 unius
350 2111 496 2188 pondere,
520 2116 562 2172 sic
580 2123 609 2172 et
624 2114 659 2173 ad
674 2112 815 2172 secundas
829 2110 981 2170 mulierum
996 2109 1100 2170 efficax.

126 2219 179 2273 ddi)
242 2209 324 2286 (89.)
347 2209 406 2268 Sed
422 2207 523 2269 Graeci
536 2211 701 2272 clematidas
719 2218 749 2270 et
764 2209 834 2270 alias
846 2209 964 2286 habent,
980 2225 1061 2271 unam
1074 2219 1138 2282 quau

169 2291 256 2367 aliqui
273 2292 382 2354 aetiten
398 2301 520 2369 vocant,
535 2293 582 2354 alii
598 2294 730 2371 lagiueu,
747 2292 875 2352 nonnulli
892 2300 1010 2352 tenuem
1025 2302 1138 2350 scamno

171 2375 253 2432 niam.
284 2393 378 2434 ramos
397 2375 485 2434 hahet
500 2376 659 2454 bipedalis,
679 2377 816 2451 loliosos,
832 2392 890 2436 non
908 2375 1055 2436 dissimilis
1069 2385 1138 2432 scan-

170 2458 295 2528 moniae,
311 2459 365 2516 nisi
387 2458 464 2535 quod
485 2461 613 2536 nigriora
629 2462 798 2536 minoraque
821 2467 888 2520 sunt
902 2457 981 2517 lolia.
1015 2453 1158 2516 invenituti

170 2542 200 2600 in
210 2541 303 2602 vineis
331 2543 474 2618 arvisque.
504 2550 585 2602 estur
605 2551 635 2601 ut
658 2541 722 2602 olus
743 2560 805 2600 cum
823 2541 891 2601 oleo
912 2560 945 2600 ac
960 2541 1038 2616 sale,
1063 2537 1137 2596 alvttt

32 2695 33 2700 η
172 2625 239 2683 ciet,
282 2623 383 2684 eadem
407 2623 590 2699 dysintericis
612 2644 675 2684 curn
698 2624 747 2683 lini
767 2627 877 2686 semine
897 2642 936 2683 eu
950 2625 1019 2683 vino
1039 2626 1135 2681 austero

130 2718 182 2769 140
192 2706 339 2767 sorbetur.
355 2706 425 2766 lolia
441 2707 589 2785 epiphoris
606 2711 781 2785 inponuntur
799 2726 861 2766 curn
875 2707 994 2784 polenta
1006 2701 1136 2782 supposito

172 2787 229 2847 udo
246 2786 379 2849 linteolo,
415 2798 536 2849 strumas
551 2792 678 2868 inposita
689 2790 724 2849 ad
739 2791 975 2868 suppurationem
988 2787 1134 2866 perducunt,

173 2869 276 2929 deinde
300 2873 423 2949 axurngia
443 2872 555 2933 adiecta
573 2881 734 2952 percurant.
770 2875 839 2932 item
857 2870 1072 2932 haemorrhoida
1087 2867 1156 2927 tituil

174 2951 241 3012 oleo
257 2954 353 3030 viridi,
368 2955 527 3032 phthisicos
543 2958 640 3016 iuvant
651 2975 714 3016 cum
727 2956 823 3015 melle.
841 2955 923 3016 lactis
940 2973 1054 3033 quoque
1071 2948 1135 3008 uber·

172 3043 261 3094 tatem
275 3035 384 3094 iaciunt
401 3039 430 3096 in
445 3039 529 3114 cibis,
546 3048 576 3099 et
591 3039 745 3099 infantibus
761 3039 842 3098 inlita
859 3038 992 3115 capillum
1003 3038 1090 3108 alunt,
1106 3041 1134 3085 0¹

146 3126 149 3132 '
174 3125 258 3177 aceto
274 3118 417 3179 edentium
435 3138 572 3181 venerem
587 3122 737 3182 stimulant.

132 3225 183 3282 141
248 3213 328 3292 (90.)
359 3213 412 3274 Est
431 3214 486 3275 alia
508 3217 637 3278 clematis
658 3217 804 3296 Aegyptia
824 3221 1012 3294 cognomine,
1032 3205 1131 3293 quaetl

173 3297 237 3357 aliis
255 3296 450 3375 daphnoides,
466 3299 502 3358 ab
519 3301 582 3360 aliis
599 3300 813 3378 polygonoides
831 3309 966 3376 vocatur,
987 3289 1153 3361 [οΙῐσΙειῐὺ16

178 3379 263 3454 longa
277 3381 372 3437 tenuis
395 3399 448 3454 ue,
466 3381 605 3442 adversus
622 3385 767 3460 serpentis
785 3392 815 3443 et
830 3385 963 3460 privatim
985 3381 1088 3460 aspides
1103 3385 1132 3430 tl
1167 3387 1170 3396 ‘

173 3468 258 3520 aceto
276 3469 345 3538 pota
357 3399 460 3520 choen
