2458 3906
139 205 200 268 152
469 211 499 260 c.
517 211 614 260 aurun
629 210 780 260 securum

136 369 314 453 portendere
332 368 468 430 creditur.
496 369 525 428 in
542 367 639 446 quinta
653 383 761 452 cornua
777 365 840 426 eius
857 374 981 444 optunsa
1003 364 1147 444 pluviam,

138 465 238 516 erecta
261 463 291 514 et
308 453 413 514 infesta
442 462 546 513 ventos
570 469 687 532 semper
712 449 891 528 significant,
920 458 1021 530 quarta
1046 457 1148 510 tamen

136 557 278 602 maxume.
311 555 399 599 cornu
419 538 481 598 eius
502 534 732 616 septentrionale
752 535 941 596 acuminatum
962 542 1051 613 atque
1073 535 1146 612 rigi·

137 624 202 685 dum
217 623 297 684 illum
313 623 462 701 praesagit
476 630 608 698 ventum,
622 619 742 680 inferius
758 628 900 694 austrum,
921 627 1043 697 utraque
1058 627 1148 678 recta

136 717 252 768 noctem
274 715 435 767 ventosam.
466 707 491 765 si
510 714 641 785 quartam
659 703 739 764 orbis
761 703 862 765 rutilus
887 704 999 781 cluget,
1022 711 1052 762 et
1074 717 1172 762 vec-c

93 787 238 859 utsstcset
251 790 350 852 imbris
363 791 573 870 praemonebit.
592 787 678 868 Apud
688 787 850 850 Varronem
860 788 899 848 ita
911 796 972 848 eat:
988 787 1026 848 Si
1038 804 1147 866 quar-

137 888 174 939 tu
191 876 252 937 (lie
269 874 617 950 lunaeritdireata,
641 880 1086 952 magnamfltempeatatem
1111 871 1149 930 in

135 962 223 1022 mari
244 959 480 1039 praesagiat,
503 959 576 1018 nisi
597 958 628 1018 si
650 973 823 1018 caronam
846 957 947 1017 circa
969 974 1007 1016 se
1029 954 1148 1017 lrabe-

136 1047 188 1107 bit
206 1055 333 1106 eteam
353 1046 563 1118 sinceram,
580 1040 955 1122 quoniamillcmcdc
972 1048 1149 1101 nonanta

136 1132 281 1212 plenam
303 1128 421 1188 lunam
441 1128 680 1188 hiematurum
707 1126 885 1186 ostendit.
920 1125 950 1186 si
972 1124 1180 1202 planilu·1a

136 1217 195 1275 nio
222 1231 290 1293 per
312 1212 498 1273 dimidium
514 1228 605 1291 pura
624 1211 711 1288 erit,
740 1209 819 1271 dies
839 1225 999 1270 serenos
1023 1208 1148 1286 signi·

136 1297 290 1372 iicahit,
331 1297 362 1356 si
390 1297 519 1373 rutila,
544 1304 697 1370 ventus,
734 1295 963 1372 nigrescens
999 1292 1147 1354 imbris.
1209 1330 1213 1367 ,

93 1384 188 1451 atesi
207 1381 331 1458 caligo
348 1380 451 1441 orbis
468 1380 601 1442 nubem
619 1378 835 1455 incluserit,
857 1388 991 1440 ventos
1015 1394 1148 1455 quase

135 1467 298 1545 ruperit,
316 1466 347 1526 si
362 1465 497 1543 gemini
514 1464 626 1525 orbes
643 1463 849 1540 tinxerint,
867 1464 1041 1538 maiorem
1060 1470 1147 1522 tem·
1208 1500 1210 1537 3

135 1559 339 1632 p'estatem,
355 1552 538 1628 etmagis,
558 1550 682 1610 sitres
700 1547 1011 1624 eruntautnigri,
1027 1547 1181 1606 inter-1⁵
1202 1583 1213 1623 ·÷

135 1634 561 1715 nuptiatquedistracti.
588 1631 1148 1710 nascenslunasiccrnusupc·
1211 1672 1213 1708 3

135 1714 1147 1796 ricreobatratosurget,pluviasdecrescensdabit,
1205 1741 1213 1796 ,3

136 1803 387 1879 siinieriore,
409 1802 774 1881 anteplcuilunium,
792 1803 824 1860 si
846 1799 1147 1876 inmedianigri-
1204 1825 1213 1881 ,

136 1891 187 1949 tia
215 1887 281 1948 illa
306 1887 441 1962 inerit,
468 1885 618 1946 imbrem
641 1887 676 1944 in
697 1884 922 1964 plenilunio.
965 1884 998 1944 si
1029 1883 1147 1962 plena
1203 1878 1213 1964 ,j

136 1974 237 2034 circa
254 1969 461 2031 rehabebit
479 1969 623 2046 orbem,
647 1987 690 2030 ex
712 1987 781 2048 qua
802 1979 909 2048 parte
930 1971 959 2028 is
982 1963 1212 2044 maxumesri,

136 2053 839 2135 splendebitexeaventumostendet.
869 2055 1148 2114 siincrtucor-
1202 2043 1213 2134 3}

135 2138 1086 2217 nuacrassicraiuarint,horridamtempestatem.
1118 2137 1148 2194 si
1204 2133 1213 2228 ’1

34 2283 37 2291 ,
136 2213 1213 2302 aurequartamnouutparneritveutotuvouioflucre,T,

135 2306 310 2369 hiemalis
336 2315 416 2367 toto
443 2326 567 2369 mense
594 2307 676 2367 erit.
720 2308 851 2368 sixvt.
884 2305 1148 2367 vehementius
1201 2293 1213 2399 1’

135 2392 307 2452 flammea
328 2391 565 2470 adparuerit,
583 2408 740 2470 asperas
764 2399 1015 2469 tempestates
1034 2339 1212 2498 prae-cs&

93 2485 146 2540 350
157 2477 291 2555 sagiet.
321 2475 393 2536 Sunt
410 2484 439 2537 et
452 2477 544 2555 ipsius
560 2476 646 2536 lunae
661 2489 726 2535 vm
742 2475 873 2551 articuli,
898 2475 1033 2553 quotiens
1048 2475 1078 2532 in
1095 2490 1147 2532 an·
1194 2495 1207 2565 ,1.

134 2561 221 2639 gulos
238 2559 310 2620 solis
325 2560 443 2637 incidat,
459 2560 611 2640 plerisque
626 2561 701 2619 iuter
717 2575 770 2619 eos
788 2567 894 2619 tantum
920 2556 1148 2619 observantibus
1194 2582 1213 2654 p

135 2646 291 2725 praesagia
307 2644 380 2719 eius,
397 2645 455 2706 lrcc
472 2654 517 2705 est
531 2658 600 2720 111.,
617 2657 694 2720 Ἧι,
711 2657 775 2723 XL,
791 2656 1012 2722 xv.,xv1111.‚
1029 2653 1147 2722 xxm,
1191 2666 1209 2738 g

135 2743 246 2791 xxvrr.
264 2735 295 2788 et
309 2728 501 2789 interlunium.
1184 2729 1212 2797 ε·

90 2821 143 2877 351
215 2811 300 2890 (80.)
322 2811 421 2874 'lertio
445 2813 514 2874 lace
536 2812 686 2874 stellarum
704 2810 939 2872 observationem
962 2830 1030 2872 csse
1054 2781 1213 2907 opor-³1³⁴*¹

135 2905 186 2957 tet.
214 2895 389 2957 Discurrere
406 2915 460 2957 eae
476 2897 609 2959 videntur
629 2895 788 2972 interdum,
803 2897 940 2974 ventique
953 2896 1086 2975 protinus
1097 2915 1148 2956 se·
1208 2942 1210 2950 ,

136 2989 248 3056 cuntur,
264 2979 292 3038 in
309 2997 431 3057 quorum
446 2991 528 3060 parte
546 2982 585 3042 ita
599 2980 799 3060 praesagiere.
831 2980 942 3040 caelum
954 2998 1019 3040 cum
1036 2997 1146 3058 aequa·
1193 2956 1210 2998 Ἠ

134 3064 202 3126 liter
219 3072 309 3124 tatum
325 3065 379 3124 erit
398 3065 597 3146 splendidum,
619 3063 747 3125 articulis
767 3073 928 3143 temporum
944 3082 1018 3142 quos
1034 3081 1146 3143 prupo·
1189 3034 1213 3170 ,ἶ

134 3149 259 3223 suimus,
275 3157 437 3210 autumnum
453 3168 587 3210 serenum
604 3148 765 3228 praestabit
786 3166 821 3208 ac
836 3148 981 3226 frigidum.
1005 3149 1030 3208 si
1044 3167 1100 3210 ver
1115 3157 1146 3208 et

134 3242 231 3294 aestas
249 3248 307 3291 nan
327 3234 389 3294 sine
407 3235 507 3312 rigore
523 3234 620 3312 aliquo
635 3232 812 3310 transierint,
830 3241 992 3293 autumnum
1006 3186 1213 3325 serenumttfu

91 3326 181 3380 tutet
195 3325 303 3376 tersum
314 3318 463 3396 minusque
474 3327 629 3378 ventosum
640 3318 758 3379 facient.
783 3319 907 3378 autumni
918 3317 1062 3378 serenitas
1075 3335 1144 3400 uen-
1189 3291 1210 3383 sl

132 3409 225 3461 tusam
238 3401 361 3462 hiemem
382 3402 460 3461 iacit.
488 3419 552 3462 curn
573 3411 696 3481 repente
715 3400 865 3462 stellarum
884 3401 982 3479 fulgur
1002 3400 1144 3462 obscura·
1190 3369 1213 3488 Ψ

132 3493 195 3561 tur,
217 3492 247 3544 ut
262 3484 291 3543 id
307 3503 403 3564 neque
421 3483 519 3547 nubilo
539 3503 595 3546 nec
617 3486 742 3563 caligine
760 3485 825 3563 liat,
850 3485 947 3565 pluvia
969 3495 1017 3546 aut
1035 3503 1143 3564 graves
1188 3463 1213 3600 ’1

1186 3540 1200 3611 u

1180 3788 1195 3882 l
