2458 3906
150 257 206 318 148
492 262 801 312 c.1>n1u1suounn1
891 271 898 284 ·

146 423 275 503 possint:
305 423 440 501 quotiens
461 420 497 481 ab
521 419 674 482 occidente
698 419 763 480 sole
787 426 922 478 cernetur
945 415 1165 497 prioribusque

145 508 240 568 noctis
255 507 335 568 horis
350 505 476 582 lucebit,
499 521 638 564 crescens
654 505 708 564 erit
725 513 755 564 et
770 502 865 562 oculis
883 501 1028 563 dimidiata
1044 500 1165 561 iudica·

147 592 242 669 bitur,
265 609 330 652 cum
350 608 422 652 vero
442 588 595 650 occidente
616 588 680 649 sole
702 589 812 647 orietur
835 605 874 647 ex
892 586 1039 662 aduerso,
1065 587 1110 645 ita
1133 595 1168 644 ut

146 678 256 755 pariter
271 675 483 754 adspiciautur,
504 681 563 733 tum
584 674 638 733 erit
653 671 850 752 plenilunium.
885 671 1021 749 quotiens
1037 668 1076 730 ab
1093 679 1168 730 ortu

145 760 217 820 solis
233 760 343 820 orietur
361 758 566 839 prioribusque
587 758 681 817 noctis
703 756 783 817 horis
800 755 933 816 detrahet
952 755 1052 814 lumen
1076 762 1111 814 et
1135 755 1188 813 ius

146 845 261 904 diurnas
278 844 428 920 extendet,
442 843 620 902 decrescens
634 843 689 901 erit
704 841 866 919 iterumque
877 839 1010 915 dimidia,
1029 840 1060 898 in
1076 838 1166 899 coitu

103 939 245 1004 balvero,
262 927 340 1008 quod
356 927 536 987 interlunium
549 935 664 1000 vocant,
679 943 743 986 cum
755 925 897 1004 adparere
909 924 1040 984 desierit.
1066 941 1167 1002 supra

146 1023 239 1072 terras
255 1023 349 1072 autem
368 1013 422 1071 erit
436 1009 569 1089 quamdiu
586 1019 615 1070 et
630 1010 676 1070 sol
691 1008 846 1069 interlunio
863 1016 892 1068 et
906 1009 998 1087 prima
1013 1017 1076 1069 tota
1100 1009 1166 1087 die,

145 1097 273 1158 secunda
290 1098 381 1157 horae
396 1096 490 1155 noetis
505 1096 588 1153 unius
604 1094 741 1156 dextante
759 1093 889 1176 sicilico,
914 1111 949 1152 ac
969 1092 1078 1154 deinde
1099 1102 1166 1153 ter·

145 1183 183 1240 tia
208 1189 238 1240 et
261 1198 354 1261 usque
378 1194 435 1240 xv.
452 1179 649 1257 multiplicatis
671 1179 805 1239 horarum
832 1176 934 1237 iisdem
956 1177 1165 1256 portionibus.
1176 1194 1198 1235 n

145 1277 201 1324 xv.
218 1273 278 1324 tota
294 1283 382 1344 supra
396 1273 490 1324 terras
506 1272 593 1323 noctu
605 1264 659 1322 erit
676 1262 836 1340 eademqne
849 1261 901 1322 sub
917 1263 1003 1321 terris
1017 1271 1082 1322 tota
1100 1263 1165 1322 die.

102 1359 153 1416 325
166 1361 235 1408 XVI.
260 1348 422 1428 adprimae
442 1348 532 1408 horae
554 1356 712 1407 nocturnae
737 1347 902 1408 dextantem
926 1347 1071 1407 sicilicum
1106 1347 1165 1406 sub

144 1442 222 1492 terra
238 1443 322 1514 aget,
353 1434 531 1512 easdemque
546 1433 698 1511 portiones
713 1431 848 1491 horarum
863 1448 918 1510 per
939 1430 1075 1508 singulos
1094 1431 1166 1491 dies

145 1516 251 1578 adiciet
268 1535 362 1596 usque
388 1519 424 1578 ad
450 1516 649 1593 interlunium,
683 1524 713 1576 et
731 1524 867 1595 quantum
894 1515 994 1594 primis
1019 1515 1164 1594 partibus

144 1603 238 1661 noctis
258 1601 433 1678 detraxerit,
455 1601 533 1681 quod
556 1601 608 1661 sub
631 1603 717 1660 terris
734 1609 818 1678 agat,
841 1599 1007 1660 tantundem
1028 1600 1196 1659 novissi-rs

143 1688 197 1746 mis
213 1705 251 1746 ex
269 1686 316 1747 die
341 1687 447 1748 adiciet
471 1703 559 1764 supra
584 1695 699 1746 terram.
736 1685 855 1746 alternis
881 1693 978 1745 autem
1002 1683 1164 1744 mensibus

143 1784 218 1830 xxx
231 1771 354 1849 inplebit
370 1787 515 1845 numeros,
530 1769 649 1830 alternis
664 1787 736 1829 vero
754 1768 888 1830 detrahet
901 1766 1044 1846 singulos.
1072 1767 1165 1829 llaec

145 1856 199 1913 erit
215 1857 287 1914 ratio
303 1855 420 1915 lunaris.
450 1862 600 1914 ventorum
612 1854 699 1934 paulo
715 1852 924 1932 scrupulosior.

101 1948 153 2002 326
216 1938 266 1999 33.
290 1939 374 2017 (76.)
401 1936 564 1999 Observato
590 1938 663 2008 solis
688 1947 752 1998 ortu
780 1955 962 2018 quocumque
987 1937 1036 1998 dle
1062 1937 1164 1998 libeat

144 2021 284 2082 stantibus
300 2024 371 2083 hora
387 2021 445 2082 diei
460 2031 543 2082 sexta
560 2025 602 2082 sic
623 2031 652 2082 nt
675 2031 768 2083 ortum
784 2041 848 2082 eum
873 2041 889 2082 a
905 2023 1022 2082 sinistro
1049 2039 1161 2082 umero
1171 2047 1197 2088 so

144 2105 280 2182 habeant,
304 2115 405 2166 contra
419 2106 543 2167 mediam
560 2106 664 2168 lueiem
677 2107 814 2168 meridies
829 2117 859 2166 et
872 2108 1013 2166 avertice
1032 2115 1161 2186 septen·

144 2191 200 2249 trio
218 2191 282 2250 erit.
316 2192 364 2268 qui
379 2193 418 2251 ita
436 2191 520 2251 limes
545 2209 599 2270 per
625 2209 726 2268 agrum
748 2192 836 2252 currit
856 2191 944 2252 cardo
972 2190 1159 2270 appellatur.

145 2275 302 2352 circumagi
317 2275 420 2335 deinde
436 2275 538 2334 melius
560 2285 622 2351 est,
645 2285 676 2335 nt
696 2275 825 2336 umbram
846 2294 926 2335 suam
946 2277 1071 2354 quisque
1091 2294 1160 2336 cer·

101 2366 223 2435 327nat,
252 2359 379 2437 alioquin
393 2369 461 2439 post
476 2359 619 2420 homiuem
634 2361 698 2419 erit.
720 2377 792 2437 ergo
812 2361 982 2440 permutatis
997 2359 1159 2438 lateribus,

145 2451 174 2502 ut
190 2452 269 2503 ortus
294 2443 371 2503 illius
395 2444 451 2505 diei
468 2463 484 2504 a
501 2444 605 2504 dextro
626 2462 726 2505 umero
747 2445 811 2521 fiat,
833 2461 957 2505 occasus
980 2463 997 2506 a
1019 2445 1196 2521 sinistram

144 2538 211 2588 tunc
227 2528 282 2588 erit
301 2527 373 2588 hora
389 2538 483 2604 sexta,
508 2547 571 2586 cum
585 2529 706 2589 minuma
728 2529 828 2589 umbra
843 2538 943 2589 contra
958 2528 1086 2588 medium
1105 2529 1161 2590 liet

144 2612 296 2672 hominem.
329 2630 384 2690 per
400 2612 482 2672 huius
500 2613 622 2673 mediam
640 2613 848 2691 longitudinem
871 2615 937 2674 duni
952 2613 1070 2674 sarculo
1095 2613 1159 2674 sul-

145 2714 208 2755 cum
223 2695 272 2755 vel
294 2697 392 2755 cinere
408 2696 503 2756 liniam
522 2697 606 2757 verbi
625 2700 719 2775 gratia
740 2699 844 2777 pedum
865 2699 966 2776 viginti
983 2700 1157 2776 conveniat,

143 2780 325 2856 mediamque
339 2797 512 2857 mensuram,
533 2781 590 2841 lroo
605 2792 651 2842 est
664 2785 693 2842 in
708 2782 829 2843 decumo
846 2783 933 2862 pede,
950 2781 1158 2843 circumscribi

100 2873 152 2928 328
161 2863 272 2924 circulo
286 2881 388 2941 parvo,
403 2865 450 2943 qui
462 2875 583 2925 vocetur
596 2866 759 2928 umbilicus.
783 2885 857 2944 quae
872 2885 941 2946 pars
953 2867 1043 2927 luerit
1055 2885 1072 2927 a
1085 2885 1156 2926 ver·
1166 2887 1195 2929 oo

143 2948 201 3006 tice
217 2947 348 3023 umbrae,
371 2948 445 3009 haec
461 2951 515 3009 erit
529 2958 631 3010 ventus
647 2952 892 3030 septentrionalis.
918 2951 970 3011 illo
987 2951 1049 3028 tibi,
1066 2960 1156 3030 pota-

143 3039 200 3107 tor,
223 3032 360 3092 arborum
376 3034 482 3113 plagae
497 3051 533 3092 ne
549 3044 692 3113 spectent,
708 3053 784 3094 neve
801 3035 918 3096 arbusta
934 3037 1079 3096 vineaeve
1095 3036 1156 3094 nisi

143 3117 170 3175 in
186 3115 456 3196 Africa,Gyrenis,
475 3118 624 3198 Aegypto.
653 3119 732 3180 illinc
744 3119 832 3180 flante
849 3139 885 3180 ne
902 3129 997 3198 arato,
1014 3137 1156 3200 quaeque

99 3201 199 3261 ascalia
216 3202 441 3280 praecipiemus.
472 3221 547 3281 quae
567 3221 635 3283 pars
650 3203 736 3264 liniae
750 3205 865 3265 luerita
885 3204 1010 3282 pedibus
1028 3205 1156 3265 umbrae

142 3284 291 3345 meridiem
308 3296 459 3365 spectans,
478 3287 552 3348 baec
563 3297 679 3348 ventum
694 3298 820 3349 austrum
835 3288 914 3350 dabit
928 3309 1015 3369 quem
1027 3307 1043 3349 a
1056 3289 1153 3350 Grae·
1165 3307 1196 3350 as

99 3376 151 3432 329
160 3390 177 3432 s,
188 3371 273 3430 nocis
285 3379 382 3432 notum
397 3372 518 3432 diximus
528 3373 638 3433 vocari.
666 3372 749 3454 illinc
762 3373 831 3434 flatu
845 3375 982 3435 veniente
996 3375 1153 3434 materiam

141 3455 324 3532 vineamque,
342 3456 488 3532 agricola,
508 3474 544 3516 ne
563 3465 680 3517 tractes.
718 3459 829 3518 umidus
849 3467 897 3519 aut
921 3469 1074 3520 aestuosus
1089 3456 1152 3518 lta-

141 3535 197 3594 liae
214 3547 271 3613 est,
295 3539 413 3599 Africae
430 3541 545 3618 quidem
565 3540 697 3602 incendia
717 3559 780 3602 cum
801 3545 960 3604 serenitate
981 3543 1085 3606 adfert.
1114 3541 1155 3603 in
