2396 3900
131 172 172 233 td
453 183 482 231 c.
499 184 595 230 rurus
611 183 760 232 snonunr

130 339 255 400 veniunt.
285 357 341 399 nec
356 340 494 418 pauciora
512 354 605 417 prope
621 347 685 398 sunt
699 356 818 416 genera.
850 347 906 400 tam
927 339 1055 417 benigne
1079 357 1132 400 na·

129 433 211 483 turae
236 424 356 500 gratiam
381 423 542 482 retulimus.
579 431 628 481 aut
651 423 725 482 enim
749 424 858 482 semiue
885 425 1060 502 proveniunt
1082 432 1134 484 aut

130 507 235 586 plantis
253 507 358 567 radicis
381 516 428 567 aut
447 506 609 585 propagine
629 515 676 567 aut
698 505 849 568 avolsione
871 517 918 568 aut
939 507 1058 568 surculo
1081 516 1133 566 aut

130 592 215 650 insito
231 591 258 650 in
274 600 414 651 consecto
430 590 543 650 arboris
558 598 669 651 trunco.
697 607 762 651 uam
782 591 852 652 lolia
874 591 1031 670 palmarum
1049 590 1132 670 apud

130 674 306 751 Babylonios
322 677 380 735 seri
402 684 489 754 atque
511 675 548 734 ita
565 674 698 735 arborem
718 677 874 754 provenire
890 675 1018 754 Trogum
1033 675 1156 742 credi-s

130 759 208 819 disse
223 759 356 819 demiror.
388 759 529 838 quaedam
545 768 640 819 autem
660 759 789 837 pluribus
810 760 966 837 generibus
981 768 1132 834 seruntur,

131 842 269 922 quaedam
285 843 426 904 omnihus.

87 937 122 992 59
196 927 279 1006 (lo.)
303 927 347 986 Ac
364 928 505 1007 pleraque
521 945 559 986 ex
574 926 619 986 his
635 936 734 989 natura
748 929 812 1008 ipsa
827 928 925 990 docuit
940 937 968 988 et
983 929 1011 987 in
1027 928 1132 1006 primis

130 1030 230 1072 semen
244 1029 360 1087 serere,
386 1029 449 1072 cnm
471 1010 608 1072 decidens
627 1021 839 1091 exceptumque
857 1021 935 1073 terra
949 1012 1131 1070 vivesceret.

131 1094 183 1155 sed
198 1097 337 1173 quaedum
352 1111 411 1154 non
425 1095 511 1156 aliter
527 1096 713 1173 proveniunt,
728 1106 759 1156 nt
774 1105 945 1173 castaneae,
962 1094 1130 1173 iuglandes,
1143 1117 1169 1158 ιο

131 1179 248 1239 caeduis
274 1179 419 1240 dumtaxat
440 1179 592 1258 exceptis,
609 1197 626 1238 e
642 1181 750 1240 semiue
767 1189 861 1240 autern
883 1197 1054 1260 quamquam
1071 1179 1132 1239 dis·

132 1262 216 1321 simili
238 1281 272 1322 ea
297 1280 414 1343 quoqne
431 1281 505 1341 quae
528 1272 558 1322 et
579 1263 642 1323 aliis
663 1264 755 1324 modis
776 1273 926 1339 seruntur,
949 1273 979 1323 ut
1001 1264 1078 1323 vites
1101 1272 1134 1322 et

131 1346 204 1406 mala
229 1355 315 1425 atque
338 1349 410 1426 pira.
443 1365 565 1428 namque
581 1346 625 1406 his
647 1365 701 1426 pro
724 1349 832 1408 semiue
857 1348 993 1424 nucleus,
1020 1365 1078 1406 non
1099 1357 1133 1406 ut

20 1432 25 1444 '
132 1448 219 1508 supra
235 1431 318 1490 dictis
335 1431 446 1492 tructus
462 1433 536 1510 ipse.
568 1440 597 1491 et
620 1433 745 1512 mespila,
764 1433 873 1492 semine
893 1433 973 1493 nasci
995 1441 1130 1510 possunt.

132 1517 226 1574 omnia
241 1515 314 1575 lraec
337 1517 419 1576 tarda
433 1523 575 1596 proventu
598 1533 633 1575 uo
655 1514 860 1594 degenerantia
884 1525 913 1577 et
933 1517 1017 1576 insito
1041 1517 1129 1575 resti·
1142 1536 1167 1577 rs

130 1598 246 1674 tuenda,
261 1599 401 1660 interdum
419 1601 504 1661 etiam
520 1609 684 1660 castaneae.
827 1607 828 1612 ’

89 1693 123 1748 60
194 1682 277 1763 (11.)
301 1682 477 1757 Quibusdam
493 1693 593 1744 natura
610 1693 709 1745 contra
728 1685 842 1744 omnino
859 1703 915 1745 nou
931 1684 1132 1762 degenerandi

118 1785 248 1910 1quoqulo
264 1768 509 1912 modolseppntur,
528 1777 559 1911 qt
573 1769 731 1866 oppressis,
749 1769 862 1848 palmis,
877 1770 974 1913 laurps.
985 1856 991 1869 ἱ
1003 1787 1131 1847 namque

90 1860 538 2012 ”aalmattulit
552 1861 845 1999 'tit'ltldlttt
858 1871 1165 1998 instillat.

131 2036 231 2078 mense
246 2017 377 2080 Ianuario
393 2019 534 2097 aquilonis
549 2019 654 2080 adflatu
668 2022 795 2082 siccatae
812 2022 945 2100 leguntur
959 2020 1129 2100 expandun-

131 2111 234 2181 turque
253 2121 354 2180 rarae,
376 2121 413 2162 ne
434 2102 568 2164 calefiant
589 2123 708 2165 acervo.
744 2115 847 2184 postea
870 2107 983 2185 quidam
1005 2106 1073 2166 limo
1091 2104 1130 2165 ad

89 2195 227 2251 oleatum
243 2196 431 2266 praeparatas
448 2189 528 2247 urina
542 2189 745 2249 madefaciunt.
777 2190 825 2250 alii
846 2192 874 2250 in
896 2189 983 2269 qualo
1002 2189 1129 2269 pedibus

132 2269 329 2347 inprodueutc
343 2269 506 2348 deculcant,
516 2273 610 2333 donec
623 2274 771 2335 auferatur
782 2277 865 2335 cutis.
895 2275 1003 2353 alioqui
1017 2273 1129 2351 uligine

132 2353 247 2413 infestat
262 2373 316 2414 nce
331 2357 437 2434 patitur
452 2358 542 2417 nasci.
576 2359 603 2416 ln
625 2357 706 2418 sulco
727 2361 904 2439 repastinato
928 2359 1015 2438 palmi
1032 2357 1164 2423 altitu-as

132 2437 196 2496 diue
213 2438 333 2498 vicenae
349 2439 412 2499 lere
427 2442 583 2501 acervatim
597 2459 696 2502 meuse
713 2441 827 2516 Martio,
841 2443 961 2505 eaedem
977 2453 1006 2504 et
1021 2460 1129 2522 propa-

88 2522 199 2596 dtgine
215 2532 357 2598 seruntur,
372 2524 550 2603 triumphalis
566 2527 643 2587 talea
659 2536 775 2589 tautum.
806 2527 892 2604 Myrti
907 2546 1018 2606 genera
1034 2529 1130 2587 omnia

132 2607 159 2663 in
176 2603 329 2684 Campania
345 2606 426 2667 bacis
442 2618 590 2686 seruntur,
615 2609 726 2672 Romae
744 2614 915 2692 propagine.
945 2611 1130 2674 Tarentinam

131 2687 314 2749 Democritus
330 2699 360 2749 et
383 2691 440 2750 alio
461 2692 547 2752 modo
568 2696 627 2754 seri
643 2696 747 2774 docet,
768 2698 966 2774 grandissimis
990 2695 1129 2757 bacarum

131 2772 221 2832 tunsis
238 2773 357 2848 leviter,
373 2793 409 2834 ue
425 2794 515 2852 grana
530 2777 711 2856 frangantur,
728 2799 822 2859 eaque
836 2781 932 2842 intrita
946 2789 1056 2841 restem
1073 2781 1163 2840 cir-uo

132 2855 247 2916 cumliui
260 2865 345 2935 atque
358 2859 395 2918 ita
408 2861 475 2919 seri.
499 2863 639 2939 parietem
654 2864 718 2925 fore
727 2861 759 2901 **
771 2864 934 2942 densitatis,
950 2883 987 2924 ex
999 2882 1059 2944 quo
1071 2864 1129 2924 uir·

130 2939 217 3016 gulae
233 2939 408 3002 differantur.
444 2943 494 3004 Sic
516 2955 546 3005 et
567 2949 665 3025 spinas
684 2949 781 3028 saepis
800 2967 888 3010 causa
905 2958 1004 3008 serunt
1020 2943 1130 3009 tomice

130 3023 217 3083 moris
233 3025 376 3103 spinarum
390 3027 557 3090 circumlita.
588 3031 662 3109 pilas
674 3042 768 3093 autem
780 3033 877 3093 laurus
889 3043 918 3093 et
930 3033 1014 3108 myrti
1029 3034 1129 3112 inopia

87 3115 147 3172 63a
164 3109 274 3169 trimatu
289 3112 493 3189 tempestivum
514 3123 560 3174 est
578 3115 747 3177 transferre.
780 3116 857 3177 luter
873 3137 908 3178 ea
924 3135 998 3196 quae
1016 3118 1129 3177 semine

130 3201 263 3253 seruntur
277 3191 364 3271 Mago
378 3195 407 3254 iu
418 3195 539 3257 nucibus
551 3214 696 3276 operosus
711 3209 764 3260 est.
786 3202 965 3281 amygdalam
980 3202 1009 3261 in
1021 3201 1163 3279 argillam

129 3276 209 3337 molli
224 3277 372 3337 meridiem
387 3289 538 3358 spectante
553 3284 611 3342 seri
625 3281 714 3345 iubet.
742 3285 871 3361 gaudere
888 3296 916 3346 et
932 3287 1002 3348 dura
1019 3287 1127 3348 calida·

129 3377 185 3437 que
200 3371 289 3438 terra,
306 3363 334 3421 in
349 3363 447 3440 pingui
463 3373 511 3424 unt
527 3366 619 3426 umida
635 3367 707 3426 mori
729 3376 778 3428 aut
795 3369 992 3430 sterilescere.
1023 3390 1126 3432 seren·

128 3443 181 3502 das
197 3461 281 3523 quam
296 3464 428 3507 maxume
441 3447 562 3510 falcatas
584 3459 614 3509 et
638 3469 654 3510 e
675 3450 791 3512 novella
813 3453 938 3532 limoque
959 3454 1050 3515 diluto
1066 3473 1126 3518 ma·
