2396 3900
269 231 349 279 unu.
368 231 459 280 mer.
476 233 573 279 xum.
590 229 676 284 a-a.
694 217 810 304 (3-6.)
1004 225 1044 286 97

47 395 171 462 aratore,
200 386 266 446 sive
282 385 324 446 illi
350 385 452 446 eadem
479 404 548 446 cura
568 388 678 448 semina
696 387 858 448 tractabant
873 405 929 467 qua
953 387 1044 467 bella,

47 470 203 550 eademque
219 469 371 550 diligentia
385 487 454 530 arva
468 469 662 550 disponebant
678 489 732 552 qua
750 480 856 548 eastra,
875 475 938 532 sive
955 473 1045 534 hone-

9 555 11 648 l
47 557 91 616 stis
105 555 240 616 manibus
255 556 350 614 omnia
365 555 468 615 laetius
486 555 675 633 proveniunt,
708 559 842 635 quoniam
856 565 886 618 et
903 559 1045 620 curiosius

47 639 117 699 inat.
149 641 308 700 Serentem
335 640 507 698 invenerunt
527 639 585 700 dati
612 640 739 700 honores
768 643 939 718 Serranum,
967 644 1089 710 undeno

32 726 68 792 rei
81 733 110 785 et
123 740 303 802 cognomen.
322 725 412 784 aranti
428 732 562 804 quattuor
577 741 628 784 sua
642 726 744 803 iugera
757 729 785 785 in
799 725 952 802 Vaticano,
969 746 1044 807 quae

48 818 120 888 prata
141 809 280 883 Quinctia
302 809 496 888 appellantur,
517 805 687 870 Cincinnato
705 811 910 872 viatorattulit
926 811 1045 872 dictatu·

9 963 11 984 ι
48 911 112 969 mur,
139 893 322 972 etquidem,
343 901 373 954 ut
387 892 523 968 traditur,
544 893 620 954 nudo
636 893 784 974 plenoque
804 897 883 955 nunti
899 895 1045 956 laborum:

48 977 105 1038 vela
120 995 249 1056 corpus,
271 979 376 1057 inquit,
400 986 431 1038 ut
444 977 591 1056 proferam
607 987 724 1040 senatus
747 979 909 1058 populique
925 978 1045 1041 Romani

47 1063 181 1123 mandata.
217 1061 306 1122 Tales
327 1071 385 1122 tum
406 1063 491 1122 etiam
508 1062 637 1124 viatores
658 1072 755 1140 erant,
779 1065 857 1142 quod
879 1066 972 1142 ipsum
991 1082 1041 1124 no·
1053 1075 1086 1131 21

9 1147 105 1218 {pmcn
119 1147 242 1207 inditum
264 1156 311 1206 est
329 1146 452 1207 subinde
473 1155 557 1208 etex
577 1149 655 1225 agris
679 1157 810 1208 senatum
829 1148 978 1228 doeesque
1001 1167 1045 1209 ar·

49 1233 235 1292 censentibus.
265 1241 294 1290 at
307 1249 382 1292 nunc
400 1231 504 1292 eadem
519 1231 570 1293 illa
585 1233 673 1292 vincti
689 1232 798 1312 pedes,
824 1233 974 1294 damnatae
988 1251 1045 1294 ma·

48 1335 92 1376 uns
105 1317 297 1395 inscriptique
311 1316 408 1377 voltus
424 1326 579 1392 exercent,
600 1325 730 1377 nontam
746 1316 833 1378 surda
848 1319 954 1378 tellure
970 1335 1045 1397 quae

9 1419 12 1480 ῑ
48 1417 145 1480 parens
163 1401 332 1480 appellatur
353 1402 468 1479 colique
490 1401 593 1462 dicitur
618 1403 681 1481 ipsa
696 1402 808 1462 honore
821 1403 866 1462 his
880 1401 1044 1482 absumpto,

9 1447 12 1534 l
50 1493 75 1544 ut
86 1503 142 1547 non
156 1487 247 1546 inrita
263 1503 299 1546 ea
315 1493 344 1544 et
364 1485 508 1564 indignata
525 1487 660 1546 credatur
676 1485 704 1546 id
722 1487 795 1547 lieri.
825 1486 879 1547 sed
893 1505 947 1548 nos
961 1489 1045 1548 mira·

27 1585 104 1634 remur
117 1569 332 1648 ergastulorum
352 1587 409 1630 non
424 1569 526 1631 eadem
547 1571 738 1632 emolumenta
761 1589 828 1630 esse
846 1589 920 1652 quae
941 1571 1046 1631 fuerint

9 1741 12 1852 j
49 1664 281 1838 mnplbssffllugllur
306 1741 343 1800 de
372 1740 495 1884 cultura(¹
509 1741 572 1817 agri
594 1739 770 1883 praecippre
799 1739 962 1884 priqpipale
981 1739 1088 1883 Piuittt

9 1853 12 1988 ξ
51 1824 1046 1988 tintinnabuliitttitt?tiliis„titul,

9 2001 11 2034 ¹
25 1995 126 2054 »etan
140 1992 246 2070 lilago,
267 1997 314 2054 cui
330 1994 445 2072 quidem
465 2002 572 2054 tanturn
587 1994 728 2054 honorem
744 2002 861 2053 senatus
881 2002 983 2053 noster
997 1993 1047 2053 ba·

9 2119 11 2150 ÷
54 2075 105 2138 brit
123 2075 300 2155 Cartbagine
319 2086 404 2156 capta
426 2087 472 2155 ut,
501 2095 563 2138 cum
586 2078 697 2155 regulis
712 2077 831 2138 Africae
852 2076 1046 2138 bibliothecas

9 2151 11 2242 ξ
55 2161 179 2238 donaret,
201 2165 286 2223 nnius
308 2164 371 2222 eius
385 2162 597 2240 duodetriginta
617 2162 761 2222 volumina
778 2170 915 2222 censeret
928 2164 957 2221 in
972 2160 1046 2222 tart-

9 2247 11 2314 ᾗ
53 2263 108 2306 nam
120 2247 250 2326 linguam
264 2247 482 2324 transferenda,
508 2265 570 2307 cum
585 2248 639 2306 iam
655 2244 694 2307 ll.
712 2245 784 2306 Cato
801 2256 961 2326 praecepta
978 2264 1046 2306 con·

9 2319 10 2336 ¹
54 2329 180 2407 didisset,
209 2333 371 2412 peritisque
386 2331 495 2391 Punice
515 2329 637 2391 dandum
656 2331 819 2408 negotium,
840 2333 943 2410 inquo
961 2341 1089 2409 prae-23

23 2417 134 2480 acessit
153 2419 248 2476 omnis
267 2417 313 2476 vir
334 2417 512 2477 clarissimae
534 2415 659 2476 familiae
677 2414 712 2474 l).
730 2415 854 2476 Silanus.
887 2417 1047 2493 sapientiae

54 2517 115 2558 roro
131 2509 269 2561 auctores
288 2509 317 2560 et
331 2499 504 2561 carminibus
523 2499 696 2559 excellentis
713 2501 819 2579 quique
840 2499 888 2558 alii
911 2498 1047 2558 inlustres

51 2583 98 2643 viri
112 2587 339 2665 conposuissent
352 2601 426 2664 quos
442 2601 632 2662 sequeremur
648 2586 865 2663 praetexuimus
881 2583 938 2642 hoc
954 2585 982 2642 in
995 2600 1046 2642 vo·

51 2665 163 2746 lumine,
191 2687 250 2730 non
270 2671 299 2728 in
311 2687 406 2746 grege
426 2669 598 2729 nominando
620 2666 657 2727 ll.
674 2668 806 2729 Varrone
829 2669 877 2746 qui
899 2669 1046 2746 octogesi-

52 2768 117 2812 mum
130 2756 252 2834 primum
266 2755 343 2813 vitae
360 2771 462 2813 annum
478 2771 569 2830 agens
583 2752 619 2813 de
634 2771 669 2812 ea
684 2773 717 2813 re
732 2753 912 2831 prodendum
927 2753 1045 2831 putavit.

9 2831 48 2916 let
104 2839 133 2898 4.
154 2838 244 2918 Apud
257 2837 404 2898 Romanos
425 2836 515 2897 multo
532 2839 627 2897 serior
643 2838 744 2897 ¹vitium
766 2837 878 2897 cultura
894 2856 962 2897 esse
979 2846 1091 2908 coe-24

9 2933 10 2938 ’
54 2921 105 2997 pit,
124 2925 296 3003 primoque,
319 2931 349 2982 ut
365 2940 490 2983 necesse
506 2931 585 2998 erat,
608 2939 676 2982 arva
693 2930 800 2982 tantum
814 2922 950 3002 coluere,
976 2939 1047 3001 quo·

9 3007 11 3014 ’
55 3021 107 3065 mm
121 3007 238 3069 anobis
259 3026 335 3067 nuuc
353 3008 427 3068 ratio
450 3005 620 3067 tractabitur
632 3023 690 3066 non
707 3007 820 3084 volgari
835 3006 921 3067 modo
936 3024 1046 3079 verum,

9 3077 11 3146 l
55 3096 81 3147 nt
98 3090 190 3152 adhuc
211 3093 352 3168 lecimus,
374 3101 403 3151 et
424 3093 546 3152 vetustis
567 3101 596 3152 et
617 3101 722 3171 postea
745 3093 869 3152 inventis
888 3093 963 3152 omni
979 3107 1047 3150 cura

9 3175 11 3232 i
55 3177 213 3254 perquisitis
233 3195 379 3255 causaque
397 3193 493 3236 rerum
515 3185 545 3236 et
567 3178 679 3237 ratione
701 3177 784 3237 simul
800 3185 891 3237 emta.
923 3176 1085 3237 dice-arrun-

9 3235 111 3334 'tttmns
124 3270 153 3320 et
168 3262 264 3323 sidera
286 3261 470 3340 sidemmque
490 3263 618 3340 ipsorum
642 3263 793 3322 terrestria
816 3263 898 3338 signa
919 3258 1048 3319 dabimus

9 3343 11 3412 i
54 3340 219 3424 indubitata,
246 3345 478 3426 quandoquidem
500 3346 548 3425 qui
573 3346 667 3407 adbuc
691 3347 857 3426 diligentius
886 3344 920 3404 ea
943 3351 1047 3403 tracta·

9 3445 11 3506 ᾗ
56 3441 118 3487 rere
137 3430 285 3510 quibusvis
306 3433 403 3510 potius
424 3449 508 3511 quam
531 3431 668 3508 agricolis
688 3433 843 3511 scripsisse
865 3436 986 3508 possunt
1005 3427 1046 3486 vi-

58 3507 120 3572 deri.
160 3516 223 3595 (6.)
238 3534 273 3578 ac
288 3517 409 3595 primum
424 3517 546 3575 omnium
562 3517 688 3578 oraculis
704 3518 813 3577 maiore
828 3513 960 3592 ex’parte
976 3531 1044 3589 age·
1056 3523 1089 3574 25

9 3627 11 3676 p
92 3617 157 3658 anun.
173 3621 232 3661 unr.
248 3622 317 3661 mer.
333 3605 378 3660 lll.
865 3600 884 3658 7

9 3727 27 3867 p
