2504 3930
292 267 373 314 nnn.
389 266 480 314 erar.
497 267 609 314 xxxn.
626 264 653 316 a.
670 265 697 319 a.
716 215 852 330 (t-la.)
1006 252 1067 316 289

67 435 192 496 nanque
216 419 271 479 ista
292 421 483 499 persuasione
503 423 630 497 gentium
656 430 799 482 constant.
833 421 959 498 gignitur
987 429 1015 480 et
1040 423 1069 480 in
1159 425 1164 434 '

65 502 167 564 Rubro
184 503 298 580 quidem
313 505 400 581 mari,
425 505 477 565 scd
492 507 617 582 nigrius,
632 507 700 565 item
714 508 742 564 in
757 506 877 566 Persico
891 538 934 552 ·-
948 513 1070 564 vocatur

65 587 134 646 lace
152 621 210 662 --,
234 587 457 650 laudatissimum
479 589 507 647 in
523 589 635 650 Gallico
653 593 715 649 sinu
734 593 810 650 circa
826 587 1007 650 Stoechadas
1028 591 1069 648 in-

66 671 145 731 sulas
164 681 193 730 et
209 671 237 729 in
254 671 354 732 Siculo¹
370 675 448 732 circa
464 673 585 732 Aeolias
601 691 636 732 ac
646 673 790 752 Drepana.
814 676 939 732 nascitur
952 682 981 732 et
993 672 1069 751 apud

43 755 223 836 cGraviscas
239 764 270 814 et
286 765 351 814 ante
369 756 523 834 Neapolim
540 755 732 836 Campaniae,
754 775 943 835 maxumeque
962 756 1068 816 rubens

43 848 52 865 '¹
65 838 119 899 sed
130 838 222 898 molle
233 847 262 898 et
274 839 341 899 ideo
352 840 669 915 vilissimnmErytbris.
691 842 783 901 forma
792 851 841 900 cst
852 840 975 918 fruticis,
984 841 1068 902 colos
1077 851 1112 907 22

64 923 182 998 viridis,
205 921 299 982 bacae
317 926 379 984 eius
395 925 534 984 candidae
550 924 603 983 sub
618 943 692 1003 aqua
710 943 744 984 ac
766 925 887 1002 molles,
914 935 1069 1004 exemptae

5 1059 6 1074 ,
65 1006 220 1066 confestim
234 1006 371 1066 durantur
389 1017 419 1067 et
439 1008 596 1068 rubescunt
612 1027 668 1087 qua
688 1025 776 1068 corna
791 1011 882 1068 sativa
904 1011 1004 1088 specie
1028 1019 1067 1070 at·

5 1121 6 1150 r
66 1111 122 1169 que
137 1091 342 1167 magnitudine.
371 1093 448 1151 aiunt
467 1101 544 1152 tactu
566 1095 696 1171 protinus
717 1091 918 1171 lapidescere,
940 1095 963 1152 si
979 1095 1067 1170 vivat,

33 1191 56 1233 tc
65 1177 163 1253 itaque
177 1176 315 1254 occupari
327 1176 475 1254 evellique
486 1176 596 1236 retibus
608 1186 656 1236 aut
668 1178 727 1237 acri
738 1177 913 1236 ferramento
928 1177 1068 1254 praecidi,

68 1259 173 1336 quade
193 1275 279 1318 causa
305 1260 442 1319 curalium
461 1262 616 1321 vocitatum
636 1263 869 1339 interpretantur.
897 1260 1067 1340 probatissi-

66 1358 141 1401 mum
157 1360 241 1420 quam
256 1361 387 1402 maxume
408 1343 516 1420 rubens
537 1353 565 1403 et
583 1362 666 1422 quam
688 1345 912 1404 ramosissimum
929 1363 984 1404 nec
1004 1361 1066 1404 soa·

64 1426 179 1486 biosum
196 1436 244 1486 aut
261 1427 405 1505 lapideum
420 1437 468 1487 aut
483 1446 583 1487 rursus
601 1430 684 1488 inane
700 1436 730 1487 et
747 1445 916 1488 concavam.
941 1428 1110 1492 auctori-23

65 1519 109 1568 tas
127 1509 264 1569 bacarum
278 1513 341 1570 eius
356 1529 413 1571 non
425 1511 657 1572 minuslndorum
674 1513 742 1571 viris
754 1529 869 1590 quoque
881 1513 1010 1591 pretiosa
1022 1519 1068 1572 est

33 1607 56 1648 rs
67 1611 152 1672 qnam
168 1594 282 1654 feminis
298 1596 405 1668 nostris
420 1598 541 1655 uniones
556 1595 655 1656 lndici.
682 1596 842 1674 harispices
856 1613 956 1655 eorum
970 1603 1066 1654 vates·
1103 1633 1105 1635 -

65 1697 123 1755 que
140 1679 270 1756 inprimis
287 1679 456 1754 religiosum
471 1680 500 1739 id
517 1689 666 1756 gestamen
682 1679 852 1740 amoliendis
869 1678 1066 1757 periculis'ar·

64 1761 216 1822 bitrantur.
238 1765 319 1822 itaet
336 1764 444 1823 decore
459 1773 488 1822 et
503 1764 648 1840 religione
662 1763 796 1840 gaudent.
818 1764 897 1840 prius
914 1779 998 1840 quam
1011 1761 1067 1820 boc

64 1853 247 1924 notesceret,
266 1846 341 1906 Galli
356 1847 482 1923 gladios,
500 1856 591 1924 scuta,
606 1847 708 1924 galeas
725 1846 904 1906 adornabant
920 1863 967 1904 eo.
992 1861 1067 1903 nunc

64 1938 142 1988 tanta
155 1931 293 2007 paenuria
305 1941 350 1990 est
362 1930 499 1990 vendibili
509 1947 607 1990 merce
616 1940 646 1989 ut
655 1948 792 2008 perquam
807 1947 875 1990 rarc
890 1937 1024 1990 cernatur
1038 1929 1067 1986 in

32 2027 118 2074 msuo
134 2013 219 2072 orbe.
244 2014 351 2073 surculi
368 2015 504 2074 infantiae
520 2013 668 2090 adalligati
682 2015 798 2074 tutelam
816 2013 927 2073 habere
943 2011 1063 2071 credun·
1075 2023 1110 2075 24

62 2107 109 2157 tur
123 2107 284 2176 contraque
295 2100 446 2157 torminum
457 2116 492 2158 ac
503 2099 622 2157 vesicae
638 2114 671 2156 ac
684 2098 860 2158 calculorum
871 2097 946 2157 mala
960 2099 988 2155 in
1003 2097 1066 2174 pul·

62 2199 164 2240 rerem
176 2182 236 2258 igni
249 2181 359 2242 redacti
377 2183 438 2260 poti
453 2201 508 2260 que
522 2199 585 2243 cum
601 2198 673 2259 aqua
687 2182 868 2258 auxiliantur,
884 2181 969 2240 simili
980 2180 1066 2240 modo

64 2285 102 2324 ex
120 2266 189 2323 vinc
209 2267 271 2341 poti
291 2275 355 2338 aut,
375 2267 398 2324 si
411 2265 501 2325 lebris
517 2268 568 2342 sit,
586 2283 624 2324 ex
639 2283 711 2344 aqua
725 2283 854 2325 somnum
866 2265 1008 2339 adierunt,
1023 2297 1067 2308 -—

64 2349 180 2426 ignibus
198 2349 245 2408 diu
259 2359 413 2426 repugnat,
422 2380 465 2396 ··-
482 2349 534 2408 sed
547 2349 651 2409 eodem
663 2349 850 2408 medicamine
864 2350 983 2426 saepius
994 2358 1066 2426 poto

31 2435 180 2494 attraduut
200 2432 307 2492 lienem
329 2450 446 2510 quoque
469 2433 588 2492 absumi.
619 2433 787 2509 sanguinem
808 2433 994 2492 reicientibus
1015 2449 1065 2490 ex·

64 2516 284 2576 screantibnsve
299 2516 430 2576 medetur
446 2519 645 2592 cinis-eorum,
660 2518 797 2575 miscetur
813 2517 962 2576 oculorum
978 2514 1066 2573 medi·

63 2601 220 2675 cementis,
243 2601 352 2677 spissat
374 2601 447 2658 enim
469 2617 504 2660 ac
526 2600 697 2677 refrigerat,
719 2600 848 2659 ulcerum
864 2617 935 2659 cava
954 2598 1065 2676 explet,

63 2686 220 2746 cicatrices
236 2693 381 2744 extenuat.

126 2768 213 2846 (12.)
237 2768 324 2842 Quod
337 2768 374 2827 ad
391 2769 609 2845 repugnantiam
624 2785 719 2826 rerum
734 2769 843 2843 attinet,
861 2785 945 2844 quam
959 2765 1062 2826 Graeci
1075 2775 1109 2830 25

30 2851 242 2930 acantipatbian
257 2860 373 2926 vocant,
390 2851 460 2911 nihil
476 2860 521 2912 est
536 2849 657 2930 usquam
668 2852 838 2910 venenatius
854 2867 937 2928 quam
953 2852 981 2908 in
995 2851 1065 2909 mari

62 2937 224 3014 pastinaca,
239 2943 341 3013 utpote
360 2953 422 2994 cum
439 2936 520 2995 radio
535 2939 597 2995 eius
615 2935 737 2994 arbores
754 2935 853 2994 necari
870 2933 1034 2993 dixerimus.
1050 2951 1109 2995 acc

60 3020 137 3080 hano
153 3027 249 3078 tamen
265 3021 450 3097 persequitur
462 3019 581 3097 galeos,
604 3018 679 3078 idem
701 3028 730 3078 et
747 3019 821 3079 alios
837 3018 950 3097 quidem
965 3019 1064 3096 piscis,

61 3103 115 3162 sed
131 3103 297 3182 pastinacas
314 3105 481 3182 praecipue,
499 3105 572 3162 sicut
586 3105 615 3162 in
630 3112 706 3162 terra
721 3103 843 3163 mustela
860 3103 1067 3181 serpentis,—

60 3197 139 3248 tanta
154 3196 200 3245 est
216 3185 338 3246 aviditas
355 3188 446 3266 ipsius
460 3189 576 3263 veneni,
592 3221 634 3232 -
648 3188 797 3264 percussis
811 3203 882 3246 vero
903 3186 938 3246 ab
954 3203 989 3244 ea
1006 3203 1065 3246 me·

31 3272 168 3332 sedentur
183 3279 213 3329 et
228 3269 258 3330 hi
272 3269 386 3348 quidem
402 3271 455 3330 scd
470 3281 499 3331 et
513 3271 618 3330 mullus
634 3287 671 3330 ac
684 3271 770 3346 laser,
793 3270 821 3330 3.
839 3271 922 3350 (13.)
948 3279 1062 3348 speeta-
1073 3281 1109 3336 26

61 3356 112 3416 bili
138 3364 259 3414 naturae
290 3355 435 3433 potentia,
469 3356 498 3414 in
532 3357 567 3414 iis
597 3371 712 3434 quoque
745 3354 846 3432 quibus
872 3363 901 3414 ct
928 3355 955 3412 in
980 3356 1065 3414 terris

60 3442 157 3500 victus
185 3447 247 3514 est,
276 3439 351 3498 sicut
380 3438 459 3498 libris
487 3455 561 3518 quos
584 3447 714 3499 castoras
737 3447 843 3498 vocant
870 3447 900 3498 et
930 3448 1063 3498 castorea

60 3526 147 3584 testis
168 3539 278 3584 eorum.
310 3525 451 3601 amputari
473 3523 529 3583 hos
543 3522 580 3583 ab
601 3525 687 3603 ipsis,
710 3541 774 3583 cum
791 3523 955 3602 capiantur,
977 3533 1066 3602 negat

108 3628 180 3669 euru.
197 3627 260 3668 nar.
275 3627 346 3668 msr.
370 3610 418 3667 lV.
532 3627 542 3634 ·
859 3609 897 3671 19
