2396 3922
184 193 243 258 168
515 203 821 255 oeumrssounos

178 357 403 437 camedello,
427 359 575 420 ellicaclus
595 359 824 437 struthocameli,
845 358 919 420 binis
938 357 1027 420 boris.
1053 358 1102 421 bac
1117 368 1142 420 et

178 447 326 506 atramenti
346 444 447 504 liturae
467 443 628 504 abluuntur.
655 443 747 503 virilis
767 443 905 522 podagris
930 445 1056 504 medetur
1073 461 1141 520 argu·

177 538 272 589 mento
289 527 436 603 lullonum,
449 545 522 605 quos
537 526 603 586 ideo
620 528 749 605 temptari
765 543 801 585 eo
814 527 915 586 morbo
931 536 1044 604 negant.
1067 527 1141 585 reteri

177 613 314 671 miscetur
328 613 399 670 cinis
415 619 575 670 ostreorum
591 609 729 670 adversus
746 611 912 689 eruptiones
933 612 961 669 in
980 609 1138 688 corporein·

176 695 292 755 lantiam
307 703 336 754 et
354 695 447 754 omnia
462 695 560 753 ulcera
574 696 722 754 manantia.
751 711 786 752 ea
797 694 903 768 exesis,
921 694 1068 769 ambustis,
1082 693 1154 752 selba

136 787 169 844 67
181 779 272 851 vitiis,
287 777 432 854 rhagadiis
448 787 475 837 et
492 779 675 856 scorpionum
691 775 794 837 ictibus
811 777 944 836 inlinitur.
976 777 1141 837 obstetricum

178 860 313 921 nobilitas
328 879 386 921 non
408 861 465 920 alio
481 877 551 920 suco
567 861 714 920 eilicacius
735 861 828 920 curari
848 861 1045 939 pronuntiavit
1060 875 1142 938 corpo

178 961 239 1004 rum
253 945 388 1023 pruritus,
404 947 478 1003 nitro
489 943 584 1003 addito
600 943 698 1003 ulcera
712 944 845 1021 capitum,
863 947 1040 1022 porrigines,
1055 958 1144 1016 nomm,

178 1029 335 1107 praecipue
349 1027 522 1104 genitalium.
545 1045 595 1086 sua
609 1028 712 1104 cuique
723 1036 828 1102 autem,
844 1027 920 1106 quod
935 1029 981 1087 las
997 1027 1035 1086 sit
1046 1027 1145 1099 dixisse,

178 1128 307 1172 maxuma
320 1109 449 1188 prodest,
465 1111 615 1170 confestim
630 1127 682 1190 per
694 1128 726 1169 se
742 1114 819 1170 canis
831 1128 927 1170 morsu
939 1111 1145 1185 echinorumque
1152 1125 1166 1163 a

179 1196 269 1273 spinis
283 1192 513 1270 inhaerentibus,
530 1203 558 1252 et
573 1194 601 1252 in
617 1209 748 1272 spongea
766 1192 877 1254 lanisve
897 1195 1027 1273 inposita
1047 1201 1091 1252 aut
1110 1189 1146 1250 ad·

177 1293 280 1338 versus
295 1278 373 1336 cauis
388 1275 479 1336 rabidi
496 1295 607 1337 morsus
623 1279 721 1337 cinere
738 1295 776 1338 ox
792 1293 827 1338 eu
849 1277 988 1352 subacto,
1007 1285 1147 1351 contraque

180 1361 355 1438 serpentium
375 1361 458 1419 lctus.
490 1377 553 1420 nam
570 1369 669 1420 contra
689 1360 896 1441 scolopendras
911 1362 1015 1432 mirum
1039 1357 1148 1438 proditur

157 1439 162 1446 ’
179 1443 290 1503 vertice
303 1451 380 1504 tuoto
398 1445 496 1503 umuae
510 1461 579 1502 suae
594 1452 673 1520 gutta
689 1441 805 1504 libcrari
822 1445 953 1525 protinus
969 1443 1078 1503 laesos.

137 1537 172 1594 68
232 1527 315 1606 (19.)
336 1526 494 1603 Augurium
510 1526 671 1586 valitudinis
687 1545 725 1587 ex
741 1544 775 1587 ea
794 1526 928 1603 traditur,
950 1528 977 1585 si
999 1543 1080 1585 mane
1097 1538 1167 1583 cau-a

180 1610 254 1685 dida,
271 1607 337 1669 dein
350 1611 413 1670 ruia
436 1613 488 1687 ait,
509 1610 559 1670 illo
581 1609 667 1670 modo
691 1627 889 1688 concoquere,
911 1609 969 1670 boc
992 1608 1148 1668 concoxisse

178 1691 365 1770 significatur.
393 1694 466 1754 mala
483 1695 565 1771 signa
578 1693 700 1769 rubrae,
723 1711 856 1773 pessuma
873 1696 995 1770 nigrae,
1016 1692 1088 1752 mala
1101 1688 1148 1748 bul·

178 1777 273 1852 lentis,
289 1793 424 1855 crassae,
449 1779 548 1855 inqua
564 1776 640 1855 quod
655 1776 774 1837 subsidit
791 1779 814 1836 si
830 1777 925 1836 album
941 1786 1003 1851 est,
1026 1774 1150 1850 significat

180 1861 257 1920 circa
273 1861 410 1920 articulos
425 1869 474 1920 aut
486 1863 599 1920 viscera
615 1859 746 1920 dolorem
765 1862 918 1935 inminere,
941 1860 1045 1919 eadem
1068 1855 1148 1916 uiridis

178 1942 307 2003 morbum
320 1945 477 2021 viscerum,
497 1943 604 2023 pallida
622 1944 703 2018 bilis,
726 1943 831 2003 rubens
846 1944 1005 2019 sanguinis.
1044 1939 1111 2000 mala
1128 1945 1171 1995 eta·

137 2035 171 2092 69
181 2029 209 2085 in
226 2044 280 2103 qua
294 2025 382 2086 veluti
397 2027 521 2087 furfures
538 2037 623 2105 atque
638 2027 797 2087 nubeculae
815 2027 964 2106 adparent.
992 2025 1080 2084 diluta
1094 2037 1149 2100 quo·

180 2127 235 2187 que
252 2108 316 2168 alba
331 2111 433 2170 vitiosa
448 2120 507 2187 ast,
529 2110 675 2170 mortifera
690 2128 761 2170 vero
777 2127 874 2170 crassa
889 2110 972 2186 graui
987 2109 1080 2168 odore
1093 2115 1118 2164 et
1128 2103 1149 2162 iu

179 2193 278 2270 pueris
294 2195 388 2252 tenuis
404 2209 438 2252 ac
456 2191 552 2254 diluta.
582 2193 658 2269 blagi
683 2201 780 2253 vetant
804 2195 866 2252 eius
887 2209 976 2252 causa
1000 2200 1097 2252 contra
1114 2204 1148 2247 so

179 2275 235 2334 lem
250 2276 400 2354 lunamque
410 2275 509 2335 nudari
520 2285 568 2336 ant
578 2277 705 2336 umbram
717 2275 881 2355 cuiusquam
894 2275 1010 2353 abipso
1023 2269 1147 2352 respergi

177 2357 321 2418 Hesiodus
334 2360 411 2420 iuxta
428 2359 569 2419 obstantia
582 2359 663 2418 reddi
680 2359 794 2436 suadet,
816 2378 853 2418 ne
874 2359 956 2418 deum
972 2359 1096 2435 aliquem
1110 2367 1168 2412 nr-sa

179 2441 255 2502 datio
277 2442 411 2502 oliendat.
447 2442 589 2502 Osthanes
613 2452 713 2502 contra
739 2442 812 2503 mala
839 2440 1049 2502 medicamenta
1073 2435 1148 2500 omnia

178 2524 308 2585 auxiliari
324 2527 454 2605 promisit
475 2527 617 2585 matutinis
638 2526 718 2585 boris
735 2543 813 2586 suam
831 2528 933 2603 cuique
956 2521 1148 2586 instillatamiu

178 2607 290 2687 pedem.

136 2697 171 2757 io
234 2691 263 2750 7.
285 2690 367 2771 (20.)
389 2689 469 2767 Quae
485 2708 523 2750 ex
537 2691 685 2752 mulierum
699 2692 872 2771 corporibus
888 2691 1037 2751 traduntur
1049 2689 1083 2750 ad
1095 2703 1147 2765 por

178 2781 319 2833 tentorum
335 2775 471 2835 miracula
486 2774 642 2852 accedunt,
663 2785 693 2834 ut
714 2775 847 2835 sileamus
862 2774 972 2834 divisos
988 2770 1167 2832 mamintus

178 2859 207 2915 in
227 2856 339 2918 scelera
355 2859 488 2934 abortus,
507 2875 635 2918 mensum
651 2858 763 2937 piacula
778 2875 909 2938 quaeque
924 2857 980 2916 alia
996 2874 1053 2917 uon
1069 2854 1146 2913 obste

181 2941 270 2999 trices
285 2941 370 3000 modo
382 2959 481 3001 verum
495 2943 580 3002 etiam
594 2943 677 3022 ipsae
691 2945 859 3002 meretrices
874 2941 1039 3019 prodidere.
1061 2933 1146 3014 (lapill

184 3024 208 3082 si
224 3033 399 3102 crementur,
421 3025 510 3084 odore
528 3028 672 3104 serpentis
686 3026 789 3102 iugari.
820 3025 923 3084 eodem
935 3025 1039 3085 nidore
1059 3020 1145 3080 uoluae

138 3115 171 3172 71
180 3105 281 3166 morbo
298 3106 489 3185 strangulatas
505 3111 660 3186 respirare.
690 3109 787 3168 cinere
804 3126 840 3169 eo
859 3108 988 3186 quidem,
1004 3111 1029 3168 si
1048 3107 1074 3164 iu
1086 3109 1144 3162 testu

178 3191 234 3248 sint
250 3193 366 3250 cremati
381 3191 427 3250 uel
444 3209 507 3251 cnm
522 3208 620 3270 spuma
637 3193 764 3268 argenti,
786 3189 937 3252 scabritias
960 3191 1102 3250 oculorum
1118 3192 1165 3243 ¹⁶³³

178 3274 343 3351 prurigines
368 3274 529 3349 emendari,
565 3276 634 3334 item
664 3293 801 3335 verrucas
832 3283 862 3334 et
892 3275 1038 3334 infantium
1062 3269 1143 3329 mean

180 3369 242 3413 cum
258 3357 355 3432 melle,
371 3357 473 3434 capitis
488 3373 601 3434 qnoque
615 3355 736 3417 volnera
748 3367 778 3417 et
794 3357 916 3416 omnium
934 3358 1060 3417 ulcerum
1072 3354 1142 3421 sinna,

179 3435 275 3496 addito
290 3439 375 3498 melle
395 3455 429 3498 ac
447 3447 509 3497 ture
526 3455 628 3517 panos,
644 3439 789 3519 podagras
805 3457 867 3500 cum
885 3440 971 3519 adipe
992 3437 1088 3513 suillo,
1105 3448 1141 3492 su·
