2396 3922
608 213 614 223 ο

246 267 327 314 aar.
345 265 436 315 arar.
451 267 535 314 xxv.
553 265 595 320 la
614 256 801 332 (roo—toa.)
974 259 1018 323 97

35 419 96 480 tras
119 419 287 494 deglutiant.
322 419 441 480 eaedem
462 422 565 498 capitia
590 420 739 482 doloribus
765 423 916 484 medentur
944 441 1017 482 socc
1140 421 1143 428 '

36 503 77 562 rel
91 501 164 562 iolio
179 500 355 581 temporibus
372 503 471 563 inlitis.
514 505 701 564 adversantur
717 505 936 584 phalangiorum
954 506 1016 566 icti·

35 587 94 662 hns,
110 588 226 646 aconito
242 603 314 646 uero
327 587 415 646 maius
431 587 540 647 aizoum
563 589 729 666 praecipue.
775 607 791 649 a
812 587 1016 668 scorpionibus

8 719 9 722 ,
35 687 139 747 qnoque
155 669 307 730 habentem
322 669 350 729 id
363 669 443 728 leniri
455 680 571 747 negant.
615 669 764 731 medentur
782 683 811 732 et
825 672 1062 738 autlando-164

15 753 95 826 niori,
110 753 181 812 item
194 769 282 812 sucos
295 751 463 827 hyoscyami
477 753 623 830 modicus,
645 757 712 814 item
724 755 876 816 Achilleae
900 765 930 816 et
948 773 1015 816 cen-

33 837 95 895 tanri
110 836 232 896 minoris
248 844 278 896 et
291 835 476 914 plantaginis,
493 837 654 915 peucedani
667 855 730 898 cnm
741 857 865 900 rosaceo
877 849 907 898 ct
919 857 1016 900 meco-

34 920 87 992 nio,
111 920 193 978 acori
209 935 296 978 sucus
316 917 470 980 cnmhosa.
501 923 591 980 omnis
613 930 706 981 autem
730 922 834 1000 strigili
856 922 1018 982 calefactus

33 1001 194 1078 infunditur,
218 1001 377 1077 cotyledon
396 1005 481 1063 etiam
502 1005 660 1082 purulentis
680 1023 745 1066 cum
759 1004 883 1065 medulla
899 1007 1017 1066 cervina

35 1084 173 1146 calefacta.
218 1085 303 1146 Ehuli
318 1085 424 1146 radicis
442 1088 525 1146 tritae
540 1105 627 1146 sucus
644 1088 732 1148 linteo
751 1089 880 1163 calatus,
904 1106 971 1148 mox
987 1091 1015 1147 in

10 1168 85 1227 hrcle
97 1168 235 1228 densatas
251 1177 281 1229 et
301 1186 364 1228 cum
384 1186 458 1247 opus
477 1171 514 1228 sit
530 1187 654 1230 rosaceo
676 1172 780 1232 dilutus
804 1181 834 1232 et
857 1170 1017 1232 calefactus

8 1281 11 1315 ι
34 1251 179 1329 parotidas,
197 1252 372 1328 verbenaca,
387 1253 454 1312 item
467 1253 604 1331 plantago
620 1264 711 1331 sanat,
728 1257 795 1315 item
811 1255 937 1316 sideritis
952 1274 1015 1316 cum

8 1363 11 1398 r
34 1337 142 1412 axungia
158 1343 272 1396 uetere.

8 1442 13 1482 r
82 1419 188 1497 (104.)
215 1417 332 1478 Narium
349 1436 486 1478 ozaenam
501 1420 634 1481 emendat
652 1420 838 1481 aristolochia
855 1439 919 1481 cnm
943 1440 992 1496 cy·
1008 1431 1060 1486 165

9 1518 101 1578 pero.

8 1583 28 1652 h
81 1585 189 1664 (105.)
210 1584 350 1646 Dentibus
364 1584 493 1646 remedio
510 1595 574 1645 sunt
596 1588 714 1664 panacis
736 1587 817 1646 radix
840 1587 1013 1648 conmandu-

8 1697 13 1733 ς
34 1676 94 1742 cata,
114 1670 273 1747 praecipue
289 1668 454 1744 Chironiae,
469 1671 537 1730 item
552 1687 638 1730 sucus
657 1670 828 1744 conlutihus‚
843 1670 927 1729 radix
943 1670 1015 1744 layo

8 1753 125 1826 ysayami
149 1771 191 1812 ax
210 1760 295 1812 aceto
319 1752 503 1828 manducata,
528 1755 595 1812 item
612 1752 808 1812 Polemoniae.
843 1754 1015 1814 conmandu-

8 1845 15 1904 ,1,
32 1843 117 1894 matur
130 1844 160 1895 et
178 1834 354 1913 plantaginis
370 1834 462 1912 radir,
478 1845 525 1896 aut
543 1836 714 1896 conluantur
728 1837 757 1895 in
771 1847 855 1896 aceto
871 1836 1015 1897 decoctae

11 1931 99 1979 ksotto.
131 1927 161 1978 et
184 1918 255 1978 iolia
276 1937 343 1978 esse
370 1919 455 1994 utile,
483 1919 531 1978 vel
556 1922 581 1979 si
602 1921 740 1996 sangnine
757 1920 893 1996 gingivae
918 1930 1015 1999 putre·

9 1987 110 2071 hmant.
144 2001 195 2060 uel
211 2019 311 2062 semen
326 2001 454 2062 eiusdem
470 2011 650 2080 apostemata
665 2012 694 2062 ct
709 2003 902 2064 collectiones
917 2005 1014 2080 gingi-

9 2113 12 2148 ι
33 2099 121 2148 raram.
134 2093 228 2146 sanat.
257 2085 295 2145 Et
309 2076 494 2146 aristolochia
508 2085 642 2162 gingivas
665 2086 817 2166 dantisque
833 2087 992 2161 contirmat,
1005 2097 1059 2152 166

9 2199 11 2230 r
32 2165 180 2228 ruhenaca
198 2185 262 2228 cnm
278 2169 377 2230 radice
393 2169 617 2229 conmanducata
632 2178 661 2228 et
676 2169 817 2231 decoctae
833 2187 870 2228 on
883 2171 951 2229 irino
967 2179 1015 2230 ant

35 2257 101 2308 aceto
115 2269 205 2311 sucus
225 2252 372 2327 conlatus,
395 2253 461 2312 item
484 2251 664 2330 quinquefoli
678 2253 793 2314 radices
814 2253 957 2314 decoctae
977 2253 1014 2312 ad

9 2363 11 2398 ;
35 2333 116 2393 tertias
131 2336 201 2394 vino
217 2344 265 2395 ant
285 2344 380 2396 aceto.
413 2337 493 2414 prins
510 2353 594 2413 quam
614 2335 793 2416 decoquatur
810 2353 884 2414 aqna
904 2337 1013 2395 marina

9 2415 72 2472 hant
86 2419 158 2478 salsa
177 2419 300 2480 lavatur.
346 2419 499 2480 decoctum
515 2419 561 2478 diu
576 2419 729 2478 tenendum
744 2421 773 2479 in
789 2437 851 2482 cre.
898 2419 1013 2496 quidam

9 2561 10 2566 ἵ
36 2499 116 2558 cinere
131 2502 312 2580 quinquefoli
326 2501 433 2562 iricare
449 2502 565 2562 malunt.
603 2501 642 2560 Et
662 2502 795 2562 verbasci
814 2499 898 2560 radix
922 2502 1011 2560 deco-

36 2583 112 2656 quitur
126 2587 153 2644 in
169 2587 237 2644 vino
252 2586 289 2646 ad
305 2585 486 2646 conluendos
499 2585 602 2660 dentis,
621 2594 651 2643 et
665 2585 778 2662 hysopo
796 2582 968 2642 conluantur
982 2593 1013 2640 et

9 2695 10 2702 κ
36 2667 177 2738 peucedani
193 2686 265 2728 suno
285 2687 348 2728 cum
363 2671 496 2730 meconio
519 2668 567 2727 rel
587 2667 712 2727 radicum
729 2667 899 2743 anagallidis
918 2668 1012 2741 magis

36 2744 139 2810 laminae
155 2769 227 2812 suco
245 2752 281 2812 ah
298 2753 388 2812 altera
406 2771 474 2814 nare
491 2769 574 2830 quam
590 2751 687 2812 dolcat
701 2752 805 2811 infuso.

9 2833 32 2878 ’ὓ
86 2832 184 2914 (106.)
204 2833 347 2912 Erigeron
359 2853 375 2896 a
388 2836 494 2895 nostris
506 2844 627 2894 vocatur
638 2835 767 2894 senecio.
788 2833 862 2892 hanc
875 2834 899 2891 si
910 2832 990 2891 ferro
1004 2841 1054 2896 itii
1115 2821 1144 2867 *

38 2912 265 2996 circumscriptam
282 2919 399 2980 elladiat
413 2919 517 2995 aliquis
533 2926 687 2994 tangatque
699 2935 733 2976 ea
746 2917 862 2976 dantem
879 2925 908 2974 et
925 2915 1011 2974 alter-

36 2994 71 3052 nis
82 3007 122 3059 ter
133 3001 256 3079 despuat
266 3012 432 3080 acreponat
445 3005 474 3061 in
485 3001 606 3062 eundem
617 3001 712 3060 locum
724 3002 762 3060 ita
776 3008 808 3059 ut
819 3001 897 3058 vivat
909 2998 1011 3072 harha,

37 3079 100 3139 aiunt
115 3083 227 3144 dentem
242 3103 306 3144 enm
320 3095 423 3164 postea
437 3103 495 3145 nan
509 3085 672 3144 doliturnm.
696 3082 785 3144 herba
802 3093 847 3144 est
861 3083 1012 3158 trixaginis

38 3166 120 3236 tpecie
136 3178 164 3227 et
180 3168 310 3244 mollitia,
329 3168 477 3228 cauliculis
492 3166 722 3228 subrubicundis.
743 3167 870 3228 nascitur
884 3167 912 3225 in
927 3175 1010 3240 tegn-

11 3239 67 3300 ‘tiis
80 3255 106 3306 et
120 3251 146 3308 in
159 3252 256 3310 muris.
283 3252 340 3312 hoc
355 3268 459 3312 nornen
474 3251 577 3311 Graeci
592 3251 743 3325 dederunt,
760 3252 825 3329 qnia
841 3267 911 3309 rere
926 3266 1010 3307 cane·
1098 3273 1103 3286 =

40 3328 91 3387 scit.
120 3344 205 3412 caput
220 3337 283 3395 eius
296 3353 449 3396 numerosa
464 3335 598 3394 dividitur
613 3334 764 3412 lanugine,
786 3333 879 3412 qualis
895 3339 939 3392 est
951 3332 1009 3408 spi-

39 3423 90 3486 are,
102 3417 172 3477 inter
185 3419 326 3479 divisuras
342 3428 483 3494 exeunte,
504 3435 593 3496 quare
609 3416 800 3478 Callimachus
820 3433 883 3475 eam
905 3422 1054 3477 acan-168

40 3490 273 3580 thtanppetiavin
287 3503 477 3581 aliipappnm.
494 3500 787 3562 necdeindeGraeois
798 3500 875 3560 desa
886 3507 1009 3559 crinstat.

79 3598 139 3642 anm.
154 3607 215 3646 aar.
232 3607 299 3645 arsr.
315 3592 362 3645 lv.
826 3583 846 3612 ‘¹
