2396 3922
304 238 384 286 nar.
402 238 493 288 msc.
514 239 636 288 xxvnr.
653 237 680 290 ι.
698 227 815 306 (aas.)
858 230 861 235 '
990 227 1049 289 159

56 393 151 452 omnia
166 392 282 464 solitum
297 411 312 452 a
327 392 463 454 Romanis
480 393 678 454 sacerdotibus
694 393 812 452 evocari
826 392 910 451 deum
925 394 1005 452 cuius
1021 395 1048 452 in

55 475 147 544 tutela
163 476 192 535 id
209 475 344 552 oppidum
359 485 438 536 esset
453 478 635 555 promittique
655 477 697 536 illi
719 475 840 536 eundem
866 486 912 535 aut
930 477 1048 554 amplio-

53 579 118 622 rem
134 559 211 636 apud
225 559 371 618 Romanos
384 560 500 619 cultum.
531 569 559 620 et
575 561 656 620 durat
670 560 881 637 in-pontihcum
897 559 1048 637 disciplina

1 705 2 710 1
53 643 83 702 id
106 660 239 717 sacrum,
262 651 430 719 constatque
453 643 518 702 ideo
540 643 712 704 occultatum
733 644 761 702 in
785 645 865 701 cuius
893 643 939 702 dei
960 644 1047 702 tutela

1 725 149 786 sRoma
172 735 267 801 esset,
292 744 328 785 ne
351 727 398 803 qni
421 725 543 786 hostiurn
566 727 650 786 simili
672 726 757 786 modo
784 735 912 801 agerent.
952 725 1046 802 Delrgr
1058 737 1090 790 19

55 809 175 886 quidem
195 808 264 868 diris
287 809 499 888 precationibus
514 829 598 870 nemo
623 828 680 868 non
700 811 809 868 metuit
849 808 906 868 huc
922 811 1047 887 pertinet

55 909 180 953 ovorum
198 910 270 970 qnae
287 891 470 952 exsorbuerit
485 882 604 972 quisquc
618 893 735 968 calyces
748 892 968 970 coclearumque
982 911 1035 970 pro

56 977 132 1034 tinus
156 975 251 1050 frangi
273 985 320 1036 ant
343 976 460 1036 eosdem
483 977 664 1037 coclearibus
684 977 836 1056 perforari.
868 975 933 1035 hinc
954 975 1047 1034 Theo·

1 1084 5 1100 =
55 1060 119 1118 criti
135 1058 212 1135 apud
229 1058 365 1135 Graecos,
383 1058 485 1118 Catulli
500 1060 575 1136 apud
596 1078 649 1120 nos
664 1077 863 1139 proxumequc
880 1059 1016 1135 Vergili'
1007 1077 1047 1116 rn-

1 1151 302 1218 ,incantamentorum
330 1145 464 1209 amatoria
489 1145 618 1204 imitatio.
666 1143 744 1203 multi
772 1143 931 1219 figlinarum
957 1160 1048 1220 opera

1 1267 8 1303 ‚2
53 1228 148 1302 rumpi
167 1225 287 1284 credunt
303 1225 354 1285 tali
368 1226 465 1300 modo,
482 1244 539 1285 non
556 1229 735 1304 paucictiarn
750 1227 894 1303 serpentis
906 1228 985 1302 ipsas
1001 1243 1045 1283 re·

56 1326 163 1367 cancre
186 1317 216 1367 ct
236 1308 311 1367 hunc
325 1328 409 1368 unum
423 1310 480 1368 illis
497 1328 563 1368 esse
578 1311 754 1368 intellectum
766 1309 958 1386 contrahique
974 1308 1046 1368 llar-

1 1416 9 1461 ι
54 1409 153 1450 sorum
170 1393 340 1454 cantuetiam
361 1395 390 1452 in
406 1402 544 1454 nocturna
562 1395 667 1470 quiete.
697 1393 788 1452 Etiam
804 1395 933 1470 parietes
948 1393 1043 1450 incen-
1056 1403 1090 1455 20

53 1475 168 1534 diorum
198 1475 450 1552 deprecationibus
483 1476 710 1536 conscribuntur.
762 1494 857 1552 neque
887 1484 932 1534 est
959 1474 1045 1534 facile

21 1557 137 1621 edictu
161 1567 281 1616 externa
306 1557 396 1618 verba
418 1569 504 1636 atquc
525 1559 679 1620 inellabilia
704 1558 846 1635 abrogent
871 1558 954 1618 fidem
979 1558 1045 1619 vali·

1 1641 119 1724 ,dius
135 1657 172 1699 an
186 1639 305 1702 Latina
296 1645 441 1720 inopinata
462 1652 490 1701 ct
512 1660 585 1720 quae
608 1642 756 1702 inridicula
778 1641 869 1702 videri
888 1641 968 1716 cogit
989 1642 1046 1700 ani·

1 1773 3 1804 ,
53 1742 116 1784 mus
139 1742 256 1802 semper
278 1725 417 1803 aliquid'
409 1744 565 1786 inmensum
589 1734 763 1803 exspectans
790 1742 824 1784 ae
849 1724 966 1800 dignuin
991 1724 1045 1783 deo

1 1861 4 1864 .
53 1806 218 1883 movendo,
240 1809 323 1868 imino
346 1827 417 1868 nero
440 1809 517 1886 quod
532 1810 636 1881 numini
650 1813 782 1885 imperet.
807 1807 885 1868 Dixit
900 1807 1084 1870 Homerusit

2 1945 4 1948 ,
1 1887 226 1968 profluvium
241 1894 385 1968 sanguinis
399 1892 550 1954 vulnerato
562 1893 666 1952 lemine
683 1893 796 1952 Ulixem
811 1890 966 1950 inhibuisse
984 1909 1045 1951 car·

1 1972 142 2048 romine,
160 1973 375 2052 Theophrastus
392 1974 566 2036 ischiadicos
581 1978 690 2052 sanari,
716 1973 787 2034 Cato
805 1974 927 2053 prodidit
943 1973 1047 2032 luxatis

52 2056 193 2116 membris
217 2075 331 2118 carmen
353 2059 509 2134 auxiliare,
536 2057 573 2116 Μ.
598 2060 692 2120 Varro
716 2059 862 2134 podagris.
892 2057 1046 2116 Caesarem

1 2209 3 2216 ,
54 2141 228 2200 dictatorcm
245 2151 310 2218 post
331 2160 415 2202 unum
433 2144 585 2220 ancipitem
604 2141 730 2202 vehiculi
749 2160 845 2202 casum
863 2142 957 2200 lerunt
973 2160 1044 2200 sem·

2 2242 108 2313 per
125 2232 155 2282 nt
178 2225 297 2321 primum
318 2226 515 2302 consedisset,
539 2227 568 2286 id
585 2225 660 2304 quod
676 2225 832 2304 plerosque
850 2243 923 2284 nunc
945 2224 1044 2283 iacere

3 2358 7 2376 ,
54 2308 180 2381 seimus,
202 2309 327 2368 carmine
344 2318 388 2367 ter
404 2311 530 2387 repetito
554 2311 736 2370 securitatem
756 2311 887 2368 itinerum
909 2309 1045 2385 aucupari

1 2391 183 2462 assalitum.

118 2473 183 2552 (5.)
205 2473 288 2534 Libet
308 2473 381 2534 hanc
402 2483 510 2553 partein
526 2475 715 2551 singulorum
727 2492 842 2552 quoque
868 2475 1087 2535 conscientiam

54 2575 229 2632 coarguere.
253 2575 303 2616 cur
318 2560 391 2616 enirn
406 2560 524 2637 primum
537 2561 600 2617 anni
616 2560 779 2636 incipientis
794 2558 867 2616 diem
884 2557 967 2617 laetis
979 2573 1043 2634 pre-

1 2680 3 2686 ,
54 2639 219 2700 cationibus
239 2642 358 2702 invicem
379 2641 500 2701 faustum
520 2640 696 2702 ominamur?
730 2660 779 2703 eur
801 2639 924 2718 publicis
948 2640 1044 2699 lustris

0 2727 1 2730 ’
54 2725 140 2784 etiarn
165 2726 279 2784 nomina
304 2726 431 2785 victimas
458 2726 619 2785 ducentium
648 2743 788 2803 prospera
811 2721 964 2799 eligimus?
996 2741 1046 2782 our

20 2826 45 2868 ιι
54 2807 318 2867 effascinationibus
329 2809 496 2868 adoratione
507 2809 647 2888 peculiari
657 2810 832 2869 occurrimus
849 2807 896 2866 alii
907 2805 1044 2866 Graecam

53 2889 202 2950 Nemesim
219 2892 401 2966 invocantes,
427 2893 505 2951 cuius
523 2892 560 2951 oh
576 2894 602 2952 id
617 2893 725 2952 Romae
748 2885 954 2952 simulacrum
946 2908 974 2947 m
991 2888 1043 2949 Ca·

1 2975 157 3053 pitolio
175 2983 231 3050 est,
250 2977 378 3053 quamvis
391 2937 517 3035 batinum
533 2994 637 3036 nomen
654 2973 783 3036 nonsit?
806 2993 855 3034 cur
871 2973 906 3033 ad
921 2974 1039 3032 mentio·
1051 2983 1085 3037 ιι

53 3077 118 3118 nem
130 3059 331 3118 defunctorum
345 3067 481 3117 testamur
494 3061 657 3120 memoriam
671 3078 768 3118 eorum
784 3077 799 3118 a
816 3057 898 3118 nobis
913 3075 971 3116 non
985 3057 1042 3116 sol·

53 3140 181 3202 licitari?
210 3160 260 3200 cur
279 3144 396 3220 inpares
418 3160 550 3202 numeros
574 3143 609 3202 ad
625 3145 716 3202 omnia
730 3143 963 3202 vehementiores
982 3157 1042 3199 cre·

23 3225 163 3300 audimus,
187 3223 273 3323 idque
294 3227 323 3285 in
344 3225 471 3285 febribus
492 3226 599 3286 dierum
621 3225 825 3286 observatione
847 3220 1042 3298 intellegitur?

54 3327 104 3369 cur
115 3309 155 3369 ad
170 3310 307 3387 primitias
324 3327 471 3386 pomorum
482 3309 556 3368 haec
567 3318 666 3367 vetera
679 3328 752 3369 esse
757 3310 885 3383 dicimus,
901 3307 954 3366 alia
967 3322 1042 3364 nova

49 3388 210 3472 optamus?
239 3411 290 3452 cur
311 3394 483 3452 sternuentis
506 3393 675 3467 salutamus,
701 3392 777 3469 qnod
801 3395 883 3452 etiam
899 3387 1042 3448 'liberium

53 3475 222 3552 Gaesarem,
238 3477 437 3554 tristissimum,
455 3487 483 3537 ut
499 3485 582 3536 const
570 3485 620 3552 tat,
637 3474 797 3534 hominem
789 3494 817 3535 m
830 3471 1027 3534 vehiculomm

1 2530 5 2566 l

1 2947 3 2984 l
