2508 3924
208 236 271 301 208
555 251 860 304 c.1>nnr1sucuno1

209 404 340 466 Charmis
354 421 392 465 ex
408 405 508 466 eadem
521 406 649 470 llassilia
666 411 771 470 inradt
784 407 922 468 damnatis
935 424 993 468 non
1010 406 1098 467 solum
1110 407 1179 485 prin·

207 487 287 548 ribus
301 487 420 559 medicis
436 486 536 550 verum
550 502 580 552 et
589 493 726 569 dalineis,
738 493 900 569 frigidaque
915 493 1000 550 etiam
1014 490 1135 550 hibernis
1146 490 1180 552 al·

207 569 327 649 guribus
344 573 433 633 lavari
449 579 602 652 persuasit.
634 578 733 636 mersit
747 593 854 651 aegros
868 576 897 633 iu
912 574 1003 633 lacus.
1028 573 1179 633 videbamus

208 673 296 714 senes
310 657 471 717 consularis
484 677 578 736 usqne
593 661 621 718 in
635 661 855 720 ostentationem
870 659 1009 734 rigentis,
1033 675 1087 734 qua
1105 656 1178 716 dere

166 751 197 804 ll
212 747 305 799 exstat
326 742 411 800 etiam
432 741 544 801 Annaei
558 745 689 802 Senecae
709 742 903 821 adstipulatio.
939 759 996 800 uec
1017 739 1126 799 dubiam
1142 747 1198 798 esta

208 823 300 882 omnis
319 824 393 883 istos
413 823 516 886 lamam
536 829 663 887 novitate
684 827 778 904 aliqua
802 825 972 903 aucupantis
991 825 1084 882 anima
1101 824 1181 881 stain

208 917 307 965 nostra
322 907 477 983 negotiari.
506 909 571 968 lrinc
585 909 653 969 illae
671 912 748 969 circa
769 925 876 984 aegros
896 908 1022 966 misereo
1044 906 1182 966 sermatia-

206 1006 269 1048 rum
283 993 525 1067 concertationes,
543 993 621 1052 nullo
636 993 712 1051 idem
728 1001 883 1066 censente,
902 1008 938 1049 ne
952 991 1083 1050 videatur
1097 1005 1184 1047 acces·

208 1073 252 1131 sio
274 1072 402 1132 alterius.
449 1073 515 1133 hine
534 1075 582 1135 illa
605 1075 707 1134 infelix
730 1076 903 1135 mouumenti
925 1074 1092 1150 inscriptio,
1113 1069 1186 1130 turba

208 1173 241 1214 se
256 1155 430 1215 medicorum
443 1158 565 1235 perisse.
591 1158 714 1218 Mutatur
729 1177 776 1217 ars
792 1156 898 1218 cotidie
912 1159 1020 1216 totiens
1033 1155 1209 1232 interpollate

208 1246 237 1297 et
262 1239 440 1314 ingeniorum
462 1239 601 1300 Graeciae
624 1241 691 1302 llatu
710 1241 890 1319 inpellimur,
912 1240 1068 1318 palamque
1083 1246 1140 1313 est,
1160 1245 1185 1296 ot

209 1322 329 1399 quisquc
344 1324 418 1382 inter
439 1324 510 1382 istos
526 1324 672 1402 loquendo
688 1325 814 1402 polleat,
836 1325 1045 1401 imperatorem
1067 1323 1132 1381 ilico
1151 1322 1186 1379 vi·

207 1412 256 1464 tae
271 1414 389 1466 nostrae
403 1408 542 1485 necisque
558 1410 639 1484 lieri,
662 1426 716 1467 eeu
731 1425 804 1466 vero
825 1423 884 1465 non
898 1407 976 1466 milia
993 1407 1122 1482 gentium
1134 1405 1186 1462 sine

207 1489 327 1548 medicis
342 1489 449 1567 degant
471 1509 526 1552 nec
540 1500 635 1550 mmen
657 1494 718 1550 sine
734 1491 885 1566 medicina,
900 1491 983 1549 sicuti
999 1489 1125 1568 populus
1138 1487 1186 1548 llo·

206 1589 306 1631 manus
321 1573 395 1633 ultra
409 1577 648 1634 sexcentesimum
659 1593 771 1649 annum,
784 1592 878 1652 neque
893 1575 957 1650 ipse
974 1575 1005 1632 in
1019 1571 1186 1650 accipiendis
1192 1587 1209 1626 s

208 1655 319 1714 artibus
331 1657 435 1732 lentus,
450 1658 611 1718 medicinae
627 1677 697 1718 vero
712 1661 795 1739 etiam
810 1657 921 1734 avidus,
936 1657 1035 1717 donec
1051 1663 1190 1735 expertam

208 1737 358 1799 damnarit.

168 1831 201 1887 li
265 1823 328 1902 (6.)
350 1821 463 1882 Etenim
479 1842 657 1902 percensere
674 1825 796 1902 insignia
817 1826 981 1904 priscorum
1004 1826 1035 1882 in
1054 1823 1101 1882 his
1114 1822 1185 1881 mori·

209 1905 262 1984 bus
284 1908 428 1966 convenit.
464 1907 582 1968 Cassius
599 1909 718 1969 Hemina
739 1925 778 1968 ex
799 1908 1004 1986 antiquissimis
1034 1913 1189 1966 auctorest

208 1991 328 2067 primum
343 2008 360 2048 e
373 1989 492 2050 medicis
507 1994 623 2052 venisse
634 1993 753 2052 Romam
764 1988 969 2070 Peloponneso
982 1989 1214 2066 Archagathuma

207 2071 347 2146 Lysaniae
360 2073 445 2132 lilium
456 2073 487 2132 L.
498 2074 621 2134 Aemilio
632 2075 756 2135 illisio
770 2092 847 2134 coss.
858 2091 932 2134 anno
945 2074 1028 2133 urbis
1039 2072 1190 2146 DXXXV,

210 2157 294 2234 eique
308 2157 353 2214 ius
365 2156 515 2230 Quiritium
532 2158 625 2219 datum
644 2169 672 2218 et
683 2158 829 2218 tabernam
843 2160 872 2216 in
887 2159 1017 2236 compito
1029 2157 1126 2217 Acilio
1141 2172 1189 2214 em·

168 2249 202 2303 13
213 2247 290 2318 ptam
308 2237 346 2298 ob
369 2239 397 2298 id
419 2239 545 2317 publice.
583 2243 774 2302 volnerarinm
794 2260 859 2300 eurn
877 2241 968 2300 luisse
991 2259 1008 2300 e
1029 2240 1190 2312 redictum,

208 2324 338 2399 mireque
352 2330 464 2398 gratum
476 2323 627 2385 adrentum
641 2328 703 2385 eius
717 2326 807 2402 initio,
823 2342 892 2384 mox
908 2343 925 2383 a
943 2325 1069 2384 saevitia
1084 2321 1190 2382 secandi

207 2404 368 2482 urendique
384 2408 523 2466 transisse
543 2426 648 2468 nomen
662 2411 691 2469 in
708 2410 871 2469 carnificem
887 2417 917 2466 et
928 2410 956 2466 in
968 2407 1098 2468 taedium
1110 2414 1211 2466 artent

209 2491 359 2567 omnisque
373 2489 512 2566 medicos,
529 2493 605 2569 quod
623 2491 782 2552 clarissime
798 2491 927 2568 intellegi
945 2499 1047 2570 potest
1060 2509 1077 2550 e
1092 2490 1129 2550 ll.
1144 2485 1188 2546 Ca·

206 2581 287 2648 tone,
305 2573 384 2632 cuius
396 2576 556 2634 auctoritati
567 2575 724 2654 triumphus
736 2585 820 2654 atque
833 2593 954 2636 censura
963 2577 1119 2636 minumum
1130 2588 1187 2632 con·

207 2656 311 2733 lerunt,
326 2665 404 2716 tento
416 2657 481 2736 plus
496 2659 602 2738 inipso
617 2668 670 2736 est,
686 2659 870 2738 quamobrem
880 2658 972 2718 rerba
986 2658 1053 2718 eius
1068 2657 1132 2738 ipsa
1146 2671 1188 2734 po·

207 2756 322 2798 nemus:

168 2831 201 2884 ld
264 2822 326 2900 (7.)
349 2823 475 2884 Dicam
500 2823 542 2884 de
566 2818 827 2886 istis'Giaecis
853 2843 915 2886 sno
941 2823 1046 2901 loco,
1075 2825 1210 2886 llarcatt

209 2905 278 2964 iili.
319 2907 402 2984 quid
431 2906 590 2968 Athenis
615 2910 841 2986 exquisitum
866 2907 1014 2969 habeam
1046 2919 1084 2968 et
1103 2905 1185 2987 quod

209 2987 336 3047 bonum
360 2991 409 3049 sit
435 2991 584 3051 illorum
604 2991 754 3052 litteras
778 2993 991 3072 inspicere,
1023 3009 1097 3052 non
1116 3006 1183 3068 per·

210 3070 379 3148 discere,
404 3075 554 3135 vincam.
597 3077 861 3154 nequissimum
882 3085 917 3136 et
938 3073 1107 3134 indocile
1131 3089 1183 3148 qe·

208 3173 271 3213 nus
294 3155 458 3234 illorum,
488 3169 522 3218 et
543 3159 613 3218 hoc
634 3168 722 3238 puta
744 3169 862 3218 ratem
883 3157 1051 3216 dixisse:
1086 3169 1182 3234 qnan-

210 3237 327 3316 doque
342 3240 413 3299 ista
433 3258 526 3317 gens
551 3260 633 3302 suas
653 3243 802 3302 litteras
828 3239 943 3318 dabit,
972 3240 1092 3300 omnia
1112 3254 1207 3299 eor-at

208 3330 362 3398 rumpet,
391 3331 460 3381 tum
488 3325 595 3383 etiam
620 3326 751 3401 magis,
781 3325 810 3382 si
831 3324 992 3384 medicus
1017 3341 1104 3383 suus
1124 3321 1181 3379 luo

208 3405 339 3463 mittet.
375 3407 540 3466 iurarunt
561 3408 657 3468 inter
674 3406 905 3479 sebarharos
923 3423 1062 3468 necare
1077 3402 1180 3464 omnis

207 3485 410 3565 medicina,
434 3488 680 3567 ethocipsum
700 3490 1025 3552 mercedeiacinnt
1043 3487 1178 3549 utiides
