2396 3900
249 255 670 312 uun.a1sn.xv11.ao—at.
686 248 841 328 (so-47.)
1005 248 1043 310 91

53 427 108 470 cnm
129 409 306 486 evolavere,
331 429 388 470 non
410 413 590 473 inveniuntur
613 415 686 475 intus
709 434 815 492 grana,
840 433 914 495 quae
937 416 966 474 in
993 433 1046 476 eos

52 511 128 553 versa
145 493 278 572 adparet.
309 495 433 555 exeundi
446 505 522 557 tanta
533 507 579 558 est
591 498 712 558 aviditas
724 508 754 558 ut
766 500 900 579 plerique
912 508 960 558 aut
970 500 1046 578 pede

51 577 146 638 relicto
164 587 214 638 aut
228 579 438 657 vpinnae-parte
454 590 613 660 erumpant.
652 581 705 642 Est
722 592 751 644 et
769 583 847 644 aliud
866 600 959 660 genus
976 581 1056 644 culi?

53 680 108 721 cnm
120 662 199 740 quos'
210 671 318 722 vocant
331 666 493 741 centrinas,
511 663 585 726 lucis
603 668 698 745 apium
716 668 824 728 similes
842 669 955 745 ignavia
966 668 1046 728 mali·

36 747 139 825 adaque
166 765 233 806 cnm
257 748 389 825 pernicie
414 748 549 810 verorum
575 760 605 811 et
625 751 744 812 utilium.
779 752 951 812 interemunt
973 753 1048 812 euim

53 830 109 889 illos
130 839 222 909 atque
239 832 295 909 ipsi
315 835 538 894 commoriuntur.
564 843 671 894 vexant
690 844 719 894 et
730 836 825 916 tineae
838 836 946 896 semina
959 837 1089 914 lico-256

52 933 114 989 rum,
123 924 228 975 contra
240 934 313 994 quas
324 915 480 978 remedium
492 920 520 978 ia
532 920 637 979 eodem
649 919 756 980 scrobe
778 921 920 980 defodere
941 921 1047 980 taleam

53 999 156 1058 lentisci
181 1001 300 1060 inversa
323 1011 404 1078 parte
429 1021 504 1081 quae
526 1001 614 1062 fuerit
640 1021 656 1063 a
683 1005 841 1064 cacumine.
887 1002 1047 1064 uberrimas

53 1092 137 1144 antem
149 1085 223 1144 licus
234 1084 351 1145 rubrica
362 1092 476 1146 amurca
488 1087 576 1148 diluta
589 1097 693 1147 etcum
709 1087 776 1148 limo
793 1088 886 1148 infusa
901 1087 1047 1147 radicibus

30 1168 181 1228 recondere
200 1169 397 1246 incipientium
414 1170 492 1230 iacit.
528 1169 731 1249 caprificorum
749 1171 901 1232 laudantur
915 1189 1047 1232 maxume

52 1253 142 1328 nigrae
158 1262 189 1312 et
201 1253 230 1312 in
242 1255 381 1330 petrosis,
401 1255 534 1332 quoniam
550 1256 690 1315 irumeuta
709 1255 838 1334 pluruma
848 1255 1044 1331 babeant,‘ca·

54 1336 186 1415 priiicatio
199 1339 265 1416 ipsa
276 1346 345 1415 post
356 1337 485 1398 imbrem.

87 1420 227 1500 (45.)1u
254 1423 352 1499 primis
374 1430 468 1482 autem
495 1423 653 1483 cavendum
678 1441 715 1482 ne
739 1441 776 1482 ex
803 1425 940 1484 remediis
958 1425 1027 1484 vitia
1038 1431 1089 1487 257
1125 1461 1128 1466 ν
1189 1437 1194 1453 ⁴

54 1503 127 1580 iant,
147 1506 225 1584 quod
245 1507 343 1577 evenit
356 1506 441 1566 nimia
455 1515 503 1566 aut
518 1508 720 1588 intempestiva
737 1508 888 1586 medicina.
929 1508 1046 1567 interlu-

31 1591 121 1649 ucatio
136 1589 291 1650 arboribus
308 1590 440 1668 prodest,
456 1586 510 1652 sed
523 1591 645 1650 omnium
663 1607 801 1650 auronum
817 1592 970 1651 trucidatio
986 1593 1046 1651 iuu-

53 1673 182 1734 tilissima.
215 1675 284 1733 vitis
308 1684 414 1736 tantum
440 1684 587 1735 tonsuram
613 1692 733 1734 annuam
756 1676 884 1753 quaerit,
907 1675 1047 1736 alternam

53 1775 116 1817 vero
127 1769 249 1834 myrtus,
263 1759 397 1836 punicae,
416 1759 513 1835 oleae,
531 1759 596 1840 quia
615 1759 753 1819 celeriter
770 1759 971 1819 inuticescunt.
999 1776 1046 1818 ce·

54 1849 125 1902 terae
137 1845 229 1903 rarius
241 1843 407 1919 tondentur,
419 1843 497 1905 nulla
511 1852 654 1904 autumno.
685 1861 719 1902 ao
732 1861 768 1903 ue
784 1843 921 1903 raduntur
933 1843 1048 1924 quidem

55 1927 102 1986 nisi
114 1945 192 1988 vere.
231 1925 380 2006 putatione
392 1927 481 2006 plaga
497 1928 534 1988 ad
550 1927 646 1989 vitalia
662 1929 833 1988 suutomnia
843 1945 1047 2006 quaecumque

30 2025 307 2088 anonsupervacua.

109 2095 193 2174 (46.)
227 2095 336 2156 Similis
358 2097 415 2158 limi
438 2098 520 2156 ratio.
559 2096 686 2173 gaudent
712 2112 768 2172 eo,
792 2096 845 2156 sed
868 2095 1090 2158 cavendumatss

57 2196 87 2238 ne
101 2181 127 2238 in
145 2181 267 2240 fervore
285 2181 359 2240 solis
377 2180 582 2255 admoveatur,
599 2197 635 2240 ne
656 2181 840 2258 inmaturum,
869 2199 905 2240 ue
924 2180 1046 2241 validius

58 2279 130 2340 quam
148 2282 224 2342 opus
241 2267 287 2324 sit.
329 2267 385 2324 urit
406 2265 505 2324 niueas
527 2263 641 2324 suillum
666 2265 721 2324 nisi
743 2265 937 2346 quinquennio
961 2265 1047 2323 inter-

57 2349 151 2424 posito,
170 2357 378 2429 praeterquam
395 2349 419 2406 si
439 2349 529 2426 riguis
542 2346 681 2424 diluatur,
704 2358 734 2408 et
750 2367 766 2409 e
785 2349 972 2409 coriariorum
986 2361 1047 2407 sor·

32 2429 130 2490 nutu
156 2434 211 2492 nisi
238 2431 363 2493 admixta
388 2450 471 2511 aqua.
508 2433 575 2492 item
598 2432 716 2510 largius.
735 2463 739 2470 ·
760 2433 865 2492 iustum
886 2431 1049 2492 existimant

59 2514 176 2577 indenos
189 2517 284 2594 pedes
296 2511 454 2596 quadratos
470 2517 522 2576 tris
539 2516 662 2580 modios.
707 2517 735 2576 id
750 2516 865 2597 quidem
880 2515 936 2575 soli
949 2523 1048 2572 natura

60 2597 195 2661 decernet.
1193 2647 1194 2662 .

111 2685 192 2764 (47.)
218 2683 392 2748 Columbiuo
410 2704 445 2745 ac
463 2685 549 2745 suillo
568 2686 663 2764 plagis
682 2701 798 2764 quoque
814 2684 948 2743 arborum
969 2697 1027 2740 me·
1039 2688 1091 2742 259
1163 2740 1166 2745 ,
1193 2663 1194 2700 l

60 2766 157 2829 dentur.
192 2771 219 2828 si
230 2769 305 2829 mala
318 2771 421 2846 punica
433 2769 516 2829 acida
528 2779 692 2846 nascantur,
706 2768 890 2847 ablaqueatis
901 2764 1048 2826 radicibus

36 2849 140 2914 ninom
150 2853 268 2914 suillum
283 2853 428 2914 adhibent.
442 2871 479 2912 eo
492 2871 565 2913 auno
577 2853 735 2929 vinolenta,
744 2869 884 2930 proxumo
897 2850 992 2911 dulcia
1004 2847 1046 2906 fu·

60 2943 119 2997 tara.
154 2938 205 2999 alii
224 2939 307 2999 irrina
328 2936 450 2998 hominis
468 2955 542 3017 aqua
559 2939 647 2997 mixta
668 2936 786 3014 riganda
808 2945 927 2996 censent
945 2940 1048 3012 quater

60 3037 139 3099 anno,
156 3022 281 3100 singulis
295 3023 456 3101 amphoris,
476 3029 524 3082 aut
541 3022 688 3081 cacumina
706 3021 804 3099 spargi
815 3022 883 3080 vino
896 3021 992 3080 lasare
1007 3013 1047 3072 di-

60 3103 118 3166 luto.
151 3108 175 3166 si
188 3106 333 3167 findantur
345 3107 372 3165 in
388 3107 510 3182 arbore,
532 3105 698 3184 pediculum
712 3106 881 3183 intorqueri.
914 3101 977 3162 licis
995 3103 1047 3192 ult·

60 3206 106 3266 qne
122 3209 270 3252 amurcam
286 3191 418 3266 adlundi‚
438 3191 546 3250 ceteris
568 3188 722 3250 arboribus
737 3191 834 3268 aegris
850 3190 962 3251 faecem
979 3195 1048 3272 villis

35 3283 100 3334 aaut
116 3275 244 3354 lupinum
259 3278 367 3335 circum
378 3277 492 3336 radices
505 3292 602 3334 earum
615 3275 682 3333 seri.
710 3273 794 3353 Aqua
811 3288 926 3353 quoque
940 3261 1030 3358 lupissl
1041 3265 1092 3319 26(γ

60 3357 161 3420 decocti
186 3361 361 3421 circumfusa
386 3360 480 3439 pomis
503 3358 634 3437 prodest.
669 3358 732 3432 lici,
756 3376 819 3417 cum
841 3342 1050 3416 Volcanallbus

59 3447 148 3520 tonuit,
161 3445 276 3506 cadunt.
314 3444 471 3505 remedium
484 3452 529 3504 est
540 3452 571 3502 ut
583 3451 649 3502 aute
665 3442 771 3521 stipula
783 3441 948 3502 hordeacea
963 3441 1051 3487 arete

60 3529 231 3607 stringantur.
273 3528 403 3592 cerasos
420 3529 577 3611 praecocia
600 3528 669 3588 facit
692 3528 831 3606 cogitque
854 3522 1053 3585 maturescere
