2504 3930
300 321 303 326 Ι
349 247 432 292 nnn.
450 245 756 300 nrsn.xxx11.1.a.
776 236 896 314 (1—6·)
931 243 934 252 ’
1053 239 1114 331 287

171 402 237 478 (4.)
258 399 330 460 luha
346 401 376 460 in
392 400 428 458 iis
443 400 719 479 voluminibnsqnae
732 403 850 480 scripsit
865 403 901 464 ad
913 401 945 462 c.
955 403 1110 466 Gaesarem
1122 418 1158 470 to
1234 419 1239 433 ·

99 487 233 562 Augusti
249 485 340 544 lilium
350 483 507 544 deArabia
517 485 601 545 tradit
615 485 730 545 mitulos
742 495 838 546 ternas
850 487 978 548 heminas
994 507 1112 567 capere,

101 580 191 630 cetos
210 575 420 628 sexcentorum
433 568 539 646 pedum
559 568 746 645 longitudinis
765 578 794 628 et
816 579 1011 631 trecentorum
1028 591 1112 632 sexa·

98 657 184 730 ginta
212 652 372 712 latitudinis
397 652 426 708 in
449 650 552 710 tlumen
573 651 700 712 Arabiae
725 654 849 713 intrasse
870 656 1025 736 pinguique
1050 658 1113 714 eius

74 763 86 800 e
98 744 288 796 mercatores
301 735 476 810 negotiatos,
492 745 520 794 et
532 736 656 796 omnium
669 737 789 814 piscium
803 736 888 815 adipe
901 739 1028 798 camelos
1044 757 1110 817 per-

0 871 1 898 2
96 821 192 897 ungui
210 820 239 876 in
256 836 293 878 eo
310 819 366 878 situ
383 827 413 877 nt
428 818 519 878 asilos
535 817 621 878 abiis
638 819 741 896 lugent
756 819 857 880 odore.

165 905 196 966 2.
223 903 288 980 (5.)
305 901 374 961 Mihi
383 900 515 962 videntur
528 905 716 981 miraetquae
728 901 847 963 Ovidius
856 904 981 982 prodidit
987 905 1107 982 piscium
1120 916 1152 969 11

95 989 220 1065 ingenia
236 989 266 1046 in
284 1003 321 1044 eo
336 984 481 1046 volumine
503 985 581 1064 quod
597 986 778 1047 Halieuticon
795 987 972 1048 inscribitur:
997 1007 1110 1048 scarum

96 1072 246 1132 inclusum
266 1069 362 1130 nassis
383 1085 448 1150 non·
462 1069 558 1129 fronte
580 1087 731 1148 erumpere
753 1089 808 1128 nec
829 1071 942 1131 inlestis
958 1071 1109 1130 viminibus

63 1163 192 1234 roeaput
217 1156 367 1228 inserere,
389 1151 442 1212 sed
459 1169 591 1212 aversum
614 1153 722 1212 caudae
745 1153 850 1212 ictibus
876 1153 986 1214 crebris
1009 1155 1109 1214 laxare

99 1241 182 1299 iores
207 1247 295 1315 atque
317 1237 358 1298 ita
375 1245 533 1296 retrorsum
557 1255 698 1314 erepere,
728 1255 813 1316 quent
838 1237 974 1298 luctatum
997 1240 1059 1296 eius
1083 1239 1108 1296 si

99 1324 177 1383 torte
200 1321 275 1381 alius
300 1337 400 1380 scarus
422 1321 603 1380 extrinsecus
626 1320 736 1396 videat,
757 1321 939 1398 adprehensa
963 1320 1107 1380 mordicus

98 1405 192 1466 cauda
217 1404 358 1464 adiuvare
377 1404 456 1463 nisus
480 1406 667 1482 erumpentis.
697 1403 793 1482 lupunr
816 1412 880 1463 rete
904 1403 1107 1464 circumdatum

95 1492 226 1555 harenas
244 1505 327 1547 arare
343 1486 434 1547 canda
449 1495 534 1566 atque
548 1488 587 1548 ita
608 1487 693 1547 condi
714 1489 779 1548 dum
794 1496 921 1548 transeat
941 1496 1014 1546 rete.
1046 1505 1103 1547 mu·
1116 1499 1151 1552 tt

4 1625 6 1630 ,
60 1591 201 1634 rsrenam
226 1571 356 1630 maculas
380 1569 520 1648 adpetere
545 1571 624 1649 ipsas
654 1574 800 1632 consciam
821 1572 921 1632 teretis
944 1589 978 1630 ac
1004 1569 1106 1630 lubrici

94 1658 194 1734 tergi,
221 1673 285 1715 curn
299 1652 451 1732 multiplici
474 1653 551 1716 nexu
572 1655 688 1731 laxare,
709 1654 803 1714 donec
825 1653 937 1714 evadat.
967 1652 1106 1732 polypum

94 1743 202 1802 hamos
217 1739 358 1817 adpetere
374 1737 576 1818 bracchiisque
591 1739 749 1817 conplecti,
763 1757 821 1798 non
835 1754 944 1813 morsu,
957 1755 1013 1796 nec
1026 1738 1106 1815 prius

1 1881 2 1886 ,
95 1826 245 1887 dimittere
267 1839 352 1900 quarn
374 1839 471 1882 escam
493 1823 709 1882 circumroserit
732 1831 779 1882 aut
799 1821 956 1882 harundine
978 1821 1104 1880 levatum

1 1969 2 1976 ,
95 1918 182 1970 extra
198 1924 310 1984 aquam.
342 1907 398 1964 scit
421 1916 450 1965 et
469 1906 558 1983 mugil
579 1925 646 1966 esse
666 1907 694 1964 in
711 1924 779 1968 esca
799 1906 911 1964 hamum
928 1903 1104 1982 insidiasque

4 2014 6 2028 =
58 2006 85 2048 no
95 2011 156 2053 non
170 1993 299 2067 ignorat,
313 1989 434 2050 aviditas
449 1999 542 2050 tamen
558 1999 635 2050 tanta
648 1999 694 2049 est
707 1999 737 2049 ut
753 1989 843 2049 cauda
856 1988 1041 2050 verberando
1054 2006 1103 2046 ex·

96 2077 187 2136 cutiat
203 2073 305 2134 cibum.
328 2074 420 2132 minus
434 2075 462 2132 in
478 2072 659 2152 providendo
677 2073 761 2151 lupus
778 2073 926 2134 sollertiae
937 2071 1036 2148 habet,
1048 2071 1101 2130 sed
1113 2085 1148 2138 13

0 2199 1 2222 r
95 2175 233 2235 magnum
251 2156 340 2216 robur
360 2159 388 2216 in
403 2157 587 2234 paenitendo.
618 2175 683 2218 nam
698 2159 722 2218 si
737 2157 830 2222 haesit
846 2159 875 2216 in
889 2157 985 2230 hamo,
1002 2155 1102 2214 turnul-

95 2255 184 2304 tuoso
207 2241 340 2300 discursu
364 2241 441 2300 laxat
460 2241 582 2301 volnera
602 2241 697 2302 donec
718 2241 852 2314 encidant
876 2240 1006 2300 insidiae.
1043 2258 1101 2298 rnu-

1 2371 3 2380 1
95 2345 188 2387 ranae
203 2325 327 2403 amplius
342 2324 483 2385 devorant
498 2343 582 2403 quarn
605 2325 734 2401 harnunr,
754 2327 908 2386 admovent
923 2323 1055 2383 dentibus
1070 2324 1101 2382 li-

1 2443 3 2480 ]
59 2414 162 2474 nenias
177 2418 265 2486 atque
281 2409 319 2468 ita
334 2409 465 2468 erodunt.
487 2409 609 2470 anthiam
619 2410 705 2470 tradit
715 2409 791 2470 idem
804 2409 892 2468 infixo
907 2408 991 2468 hamo
1005 2409 1099 2466 inver-

2 2529 3 2536 κ
94 2505 161 2554 tere
180 2511 229 2567 se,
252 2493 385 2570 quoniam
407 2495 443 2552 sit
466 2495 494 2551 in
512 2492 599 2552 dorso
617 2491 763 2552 cultellata
782 2494 875 2570 spina,
896 2508 988 2568 eaque
1004 2490 1100 2550 liniam

1 2595 3 2598 ’
94 2594 286 2657 praesecare.
318 2575 442 2636 Licinius
458 2576 557 2636 llacer
579 2595 711 2636 murenas
732 2576 859 2636 feminini
882 2583 987 2634 tanturn
1010 2585 1145 2639 sexus14

21 2653 25 2660 ’
96 2680 167 2721 esse
180 2659 265 2718 tradit
276 2667 305 2717 et
318 2662 474 2738 concipere
488 2679 504 2718 e
520 2660 713 2739 serpentibus,
726 2669 756 2719 ut
766 2659 899 2734 diximus,
912 2657 949 2716 oh
964 2656 991 2715 id
1007 2656 1143 2720 sibilasse

94 2764 110 2805 a
128 2741 324 2823 piscatoribus
340 2752 510 2821 tamquama
525 2744 708 2822 serpentibus
723 2743 841 2803 evocari
859 2751 888 2801 et
903 2741 977 2819 capi,
994 2749 1023 2801 et
1037 2742 1098 2819 pin·

3 2855 4 2862 2
60 2844 246 2905 segnescere
261 2826 378 2903 iactatu,
395 2827 471 2886 fuste
487 2845 544 2886 non
559 2830 701 2903 interemi,
716 2829 833 2888 easdem
850 2825 943 2887 ferula
957 2826 1097 2902 protinus.

95 2914 220 2971 animam
244 2911 273 2968 in
301 2911 389 2972 cauda
413 2911 523 2972 hahere
548 2921 657 2972 certum
677 2922 738 2989 est,
765 2928 856 2989 eaque
872 2911 928 2970 iota
945 2909 1098 2968 celerrime

96 2994 270 3070 exanimari,
292 2992 328 3053 ad
345 2997 448 3073 capitis
469 2997 554 3054 ictum
570 2995 735 3056 difficulter.
764 2995 907 3056 novacula
923 2993 1005 3072 pisce
1022 3011 1097 3072 quae

96 3087 206 3141 attacta
229 3087 293 3138 sunt
312 3077 419 3139 ferrum
432 3078 520 3139 olent.
563 3080 745 3140 durissimum
761 3097 828 3139 esse
844 3080 965 3157 piscium
984 3087 1098 3137 constat

49 3177 54 3190 ⁴
97 3163 147 3243 qui
164 3162 244 3221 orbis
269 3172 405 3238 vocetur,
431 3162 569 3222 rotundus
587 3173 646 3242 est,
663 3166 725 3225 sine
741 3164 867 3244 squamis
890 3172 1024 3239 totusque
1048 3179 1095 3222 ca·

59 3263 86 3305 as
96 3250 160 3326 pite
176 3254 298 3306 constat.

162 3330 226 3409 (6.)
247 3329 360 3406 Lolligo
373 3332 505 3408 quotiens
514 3341 647 3391 cernatur
655 3331 1091 3412 extraaquamvolitanstempe·
1103 3342 1138 3395 15

96 3423 189 3475 states
209 3415 310 3472 mutari
332 3412 455 3474 Trebius
468 3413 559 3490 Niger
577 3425 676 3477 auctor
702 3426 763 3492 est,
781 3416 914 3494 xiphian,
930 3414 958 3473 id
973 3423 1017 3474 est
1031 3414 1092 3492 gla-

97 3497 189 3576 dium,
212 3507 308 3556 rostro
324 3508 492 3558 mucronato
515 3516 595 3575 esse,
619 3499 653 3558 ab
670 3499 726 3560 hoc
740 3503 822 3560 navis
839 3500 988 3580 perfossas
1002 3500 1094 3578 mergi
