2396 3922
256 237 336 284 nau.
354 237 446 286 mrsu.
461 237 555 286 xxvi.
572 235 599 290 7.
613 237 641 291 s.
658 227 804 304 (ne-te.)
966 229 1026 290 107
1134 234 1139 243 ·

37 387 115 468 (bb.)
142 389 210 448 item
229 389 328 451 herba
348 391 508 450 chalcetum
528 393 693 452 erinaceis
717 385 843 457 connita
869 395 1029 472 inponitur.

37 471 126 532 inullis
142 481 271 550 praestat
290 477 461 534 vomitiones
479 475 560 533 radix
580 477 764 551 vettonicae,
778 476 925 538 hellebori
939 479 1027 538 modo

35 555 83 614 llll
109 555 254 616 drachmis
279 559 308 616 in
334 575 423 636 passo
451 567 499 616 aut
528 558 636 635 mulso,
666 559 809 637 hysopum
836 562 932 622 tritum
959 580 1027 623 curn
1099 577 1102 590 ·

35 637 114 699 mehe
139 639 237 698 utilius
261 650 447 720 praesumpto
464 644 604 702 nasturtio
625 651 674 702 aut
690 645 800 719 irione,
822 644 1026 704 molemonium

20 723 137 782 sdenari'
160 723 291 800 pondere
318 733 347 784 et
375 723 519 798 sill'pbus,
553 725 664 786 lacteus
694 743 780 800 sucus
810 728 859 804 qui
886 728 1028 788 densatus

36 807 59 864 ln
79 807 211 865 cummim
232 809 350 867 sumitur
371 824 434 866 cum
460 808 547 868 melle
572 809 759 886 supradicto
786 809 918 887 pondere
939 829 1025 890 prae·

38 891 173 967 cipueque
197 889 285 950 bilem
316 890 411 950 trahit.
456 893 566 951 Rursus
595 893 697 952 sistunt
725 895 909 954 vomitionem
935 897 1066 960 cumi-41
1144 941 1147 954 ,

35 991 89 1030 num
103 972 253 1049 silvestre,
270 976 444 1035 vettonicae
459 975 559 1050 farina,
576 985 720 1035 sumuntur
731 993 772 1036 en
785 995 870 1054 aqua.
910 977 1025 1036 abster-

36 1063 94 1132 gent
106 1055 225 1116 fastidia
256 1057 468 1135 cruditatesque
485 1058 618 1134 digerunt
633 1061 770 1134 daucum,
789 1059 963 1120 vettonicae
981 1062 1024 1120 la·

17 1139 85 1218 Jtrlm
99 1157 137 1197 ex
154 1157 231 1219 aqua
246 1141 347 1216 mulsa,
363 1141 500 1218 plantago
516 1141 638 1202 decocta
652 1143 773 1202 caulium
787 1143 884 1202 modo.
908 1144 1024 1220 Singul-

17 1231 72 1280 tus
84 1221 261 1283 hemionium
277 1224 374 1299 sedat,
399 1226 467 1283 item
489 1224 692 1301 aristolochia,
715 1228 840 1304 suspiria
860 1227 1023 1300 clymencs.

17 1357 18 1362 ,
35 1305 188 1366 Pleuriticis
203 1315 234 1366 et
252 1307 508 1387 peripleumonicis
524 1311 700 1368 centaurium
715 1311 827 1386 maius,
843 1311 912 1368 item
934 1310 1024 1384 hyso-

17 1449 18 1452 ,
34 1407 89 1466 pum
104 1388 222 1465 bibitur,
238 1390 397 1468 pleuriticis
413 1391 574 1468 peucedani
589 1411 684 1451 sucus.

17 1477 18 1506 ³
86 1473 170 1552 (26.)
187 1473 279 1533 Halus
300 1483 405 1550 autem,
427 1491 510 1552 quam
532 1473 606 1534 Galli
625 1475 798 1550 silvosam,
818 1475 1067 1541 Veneticum-42
1160 1467 1166 1480 ’

17 1545 117 1632 bucam,
136 1558 271 1617 medetur
286 1557 383 1634 lateri,
407 1559 475 1616 item
494 1558 613 1617 renibus
636 1559 843 1635 convolsisque
866 1569 895 1618 et
919 1563 1022 1639 ruptis.

17 1619 121 1714 {similis
146 1650 193 1700 est
219 1641 330 1700 cunilae
354 1640 495 1715 bubulae,
523 1642 716 1702 cacuminibus
736 1642 851 1718 thymo,
879 1642 973 1705 dulcis
992 1653 1024 1703 ct
1105 1643 1109 1650 ’

35 1723 96 1780 sitim
110 1724 230 1799 sedans,
246 1723 351 1783 radicis
369 1723 549 1798 climatiae,
565 1724 634 1792 alibi
648 1727 759 1802 nigrae.
961 1769 963 1784 ι

17 1815 20 1876 l
87 1805 169 1885 (27.)
193 1806 323 1866 Eosdem
347 1808 469 1866 effectus
490 1809 518 1866 in
543 1807 644 1867 lateris
666 1807 817 1868 doloribus
840 1807 928 1868 hebet
954 1809 1022 1870 cha-

17 1879 157 1968 lnaerops
173 1893 296 1964 myrteis
314 1892 392 1950 circa
414 1891 504 1950 caulis
525 1893 648 1966 geminis
665 1892 761 1966 loliis,
775 1890 918 1969 capitibus
932 1892 1021 1954 Grae·

17 1965 106 2032 huniae
121 1990 224 2049 rosae,
241 1991 278 2031 ex
292 1975 359 2032 vino
376 1983 455 2051 pota.
490 1974 668 2034 ischiadicos
684 1974 803 2035 dolores
818 1983 848 2034 et
862 1976 963 2053 spinae
979 1971 1020 2034 l'e-

36 2063 73 2114 vat
86 2059 232 2132 agaricum
249 2067 347 2136 potum
367 2067 396 2114 ut
409 2059 438 2115 in
460 2061 542 2134 tussi,
561 2059 629 2116 item
645 2057 810 2117 stoechadis
829 2067 877 2116 aut
888 2057 1057 2117 Vettoni-sr

37 2154 78 2196 cae
96 2139 187 2200 sarium
204 2157 242 2198 ex
262 2157 336 2218 aqua
353 2140 453 2199 mulsa.
788 2164 790 2167 ·
977 2185 979 2190 ,
1082 2173 1084 2181 ·

87 2222 113 2282 8.
135 2223 223 2301 (28.)
244 2223 406 2283 Plurumum
426 2233 520 2284 tamen
541 2225 647 2284 homini
669 2227 768 2301 negoti
783 2225 868 2284 alvos
888 2224 1066 2298 exhibet,43
1168 2296 1172 2306 ,

39 2306 103 2362 cuius
123 2324 213 2364 causa
234 2309 325 2366 maior
346 2325 413 2385 pars
436 2308 596 2367 mortalium
617 2310 697 2366 vivit.
744 2309 816 2368 alias
839 2309 914 2366 enim
936 2307 1021 2366 cibos

17 2393 84 2444 tucn
95 2389 270 2465 transmittit,
287 2389 358 2450 alias
374 2408 431 2449 non
445 2395 581 2466 continet,
603 2391 745 2450 aliusnon
762 2393 857 2470 capit,
874 2390 947 2451 alias
962 2407 1021 2447 non

39 2471 152 2548 conicit,
174 2489 273 2550 eoque
288 2491 385 2532 mores
400 2491 509 2533 venere
526 2483 556 2533 ut
572 2475 658 2533 homo
673 2492 804 2534 maxume
821 2473 887 2533 cibo
904 2481 1018 2549 percat.

37 2569 184 2628 pessumum
208 2573 363 2633 corporum
387 2574 438 2616 vas
458 2559 544 2617 instat
568 2567 598 2616 ut
623 2557 751 2617 creditor
776 2565 805 2614 et
827 2556 945 2632 saepius
972 2552 1019 2612 die

40 2637 159 2714 appellat.
192 2639 276 2698 huius
288 2642 382 2716 gratia
397 2643 555 2718 praecipuo
569 2643 690 2700 avaritia
708 2640 835 2716 expetit,
849 2638 924 2707 ¹huic
938 2636 1019 2694 luxuss

39 2719 71 2776 rla
84 2722 187 2799 condit,
205 2722 272 2782 huic
287 2725 438 2800 navigatur
452 2724 489 2782 ad
503 2723 626 2800 Phasim,
641 2723 708 2782 huic
725 2720 861 2799 profundi
877 2719 949 2778 vade
967 2737 1019 2778 ex-

18 2802 177 2876 itquiruntur.
225 2816 253 2864 ct
267 2823 352 2865 nemo
376 2807 513 2866 vilitatem
531 2809 592 2865 eius
615 2808 745 2866 aestimat
765 2804 1020 2864 consummationis

39 2881 168 2947 foeditate.
214 2905 288 2966 ergo
317 2892 550 2950 numerosissima
581 2900 626 2948 est
654 2890 730 2947 circa
758 2887 833 2946 hanc
857 2886 1018 2948 medicinae

41 2982 122 3042 opera.
140 2973 221 3032 Sistit
233 2991 297 3032 eam
313 2972 458 3034 scordotis
470 2991 575 3032 recens
587 2972 721 3032 drachma
734 2989 798 3028 cum
810 2971 878 3030 vinc
893 2971 959 3030 trita
968 2967 1017 3028 vel
1025 2978 1062 3032 bb

41 3045 145 3114 decocta
166 3065 255 3134 potu,
279 3056 445 3117 Polemonia
470 3071 543 3134 quae
569 3063 598 3113 et
612 3055 794 3129 dysintericis
816 3072 855 3112 cx
874 3053 944 3112 vino
968 3051 1017 3110 da·

40 3137 82 3207 tur,
97 3137 227 3200 verbasci
241 3140 325 3199 radix
340 3149 408 3217 pota
421 3157 459 3198 ex
481 3157 553 3217 aqua
570 3138 688 3196 ducrum
708 3127 861 3212 digitorum
876 3136 1016 3210 magnitu-

20 3211 103 3292 cdlne,
118 3223 294 3300 nymphaeae
316 3223 469 3282 Heracliae
498 3239 595 3281 semen
618 3237 680 3280 cum
701 3221 769 3278 vino
796 3229 910 3299 potum,
934 3216 1018 3276 radix

42 3303 155 3375 superior
169 3325 186 3365 e
202 3307 302 3383 xiphio
320 3306 472 3364 drachmae
488 3304 617 3384 pondere
640 3321 678 3362 cx
698 3312 801 3377 aceto,
821 3317 921 3362 semen
935 3298 1016 3376 plan·

43 3384 129 3456 lupinis
141 3389 168 3446 in
183 3391 250 3448 vinc
268 3389 362 3448 tritum
383 3389 433 3448 vel
451 3392 514 3466 ipsa
537 3405 575 3446 ex
594 3394 679 3446 aceto
706 3393 791 3446 cocta
809 3393 856 3444 aut
877 3382 954 3442 alica
976 3399 1017 3442 ex

44 3478 99 3524 suco
118 3472 175 3530 elus
190 3482 318 3552 sumpta,
335 3475 403 3532 item
418 3491 481 3532 cum
498 3469 632 3530 lenticula
647 3477 732 3530 cocta
746 3468 793 3527 vel
810 3465 907 3526 aridae
923 3465 1018 3526 lerina
1081 3466 1085 3476 ‘
