2458 3906
341 237 423 288 nar.
438 237 530 286 mrsu.
546 239 660 288 xvim.
677 237 702 288 ⁵.
720 223 867 310 (ta-to.)
1048 229 1106 293 169

1 387 2 397 ’
96 403 153 456 tum
167 393 350 474 laxandique
365 400 486 454 ructum.
510 393 549 455 ob
563 395 593 455 id
607 394 689 456 cibus
703 395 874 474 inliberalis,
891 397 990 477 utique
1003 397 1027 456 si
1039 413 1105 477 pro·
1114 405 1152 464 79

3 516 8 529 -
98 497 181 540 xnme
193 478 294 540 olnsm
311 478 441 540 undatur.
464 479 489 538 si
507 496 580 540 vero
596 481 662 558 ipse
678 496 742 541 cum
758 480 844 542 olivis
859 480 998 562 druppis,
1014 482 1108 542 rarior

97 573 194 625 motus
219 563 253 624 lit
276 564 431 642 minusque
454 563 588 624 foetidus.
624 563 763 643 Aegypto
777 565 849 626 mire
865 565 1032 628 celebratur
1047 566 1107 626 olei

98 657 221 728 propter
238 647 421 709 fertilitatem
443 646 521 726 quod
543 649 654 708 semine
673 649 734 708 eius
754 648 872 711 iaciunt.
905 651 1106 712 hoomaxnrue

79 734 214 812 ccupiunt
236 750 360 808 serere,
385 733 411 793 si
429 731 532 810 liceat,
555 733 691 812 quoniam
710 741 741 793 et
756 741 893 812 quaestus
908 735 973 814 plus
990 750 1106 813 quame

98 818 244 878 immento
273 826 304 877 et
326 817 419 876 miuus
448 815 546 878 tributi
573 825 619 877 est
640 817 806 898 nullumque
828 819 977 898 copiosius
999 818 1105 883 oleum.

99 902 138 982 {tl
163 901 283 963 Genera
306 901 427 981 raphani
445 901 550 962 Graeci
571 901 673 962 iecere
696 902 751 963 tria
771 902 908 963 loliorum
926 901 1152 969 differentiazsso

99 987 188 1064 cripsi
208 995 299 1066 atque
319 985 394 1046 levis
416 995 444 1046 et
460 987 575 1046 tertium
591 985 738 1046 silvestre.
768 995 854 1066 atque
870 986 936 1047 huic
951 987 1028 1048 levia
1044 987 1104 1064 qui·

97 1070 161 1130 dem
176 1070 233 1131 sed
249 1070 388 1130 breviora
401 1088 436 1131 ac
451 1069 573 1130 rotunda
589 1071 769 1150 copiosaque
788 1088 823 1131 ac
838 1071 995 1146 iruticosa,
1018 1087 1107 1151 sapor
1220 1093 1223 1097 ¹

67 1179 90 1222 ιι
99 1163 195 1215 autem
215 1172 307 1233 asper
327 1164 356 1215 et
377 1153 578 1215 medicamenti
599 1155 689 1216 instar
714 1153 750 1216 ad
772 1154 931 1216 eliciendas
953 1155 1047 1218 aluos.
1077 1163 1107 1214 et

1 1261 2 1277 ι
96 1239 124 1298 in
136 1239 290 1317 prioribus
304 1247 401 1300 tamen
416 1237 576 1300 differentia
589 1255 605 1297 a
618 1239 739 1315 semine,
756 1240 890 1318 quoniam
900 1239 997 1319 aliqua
1009 1239 1104 1318 peius,

96 1322 194 1402 aliqua
215 1323 369 1384 admodum
395 1323 529 1400 exiguum
544 1323 649 1383 ierunt.
680 1323 754 1384 haec
775 1325 843 1384 vitia
859 1340 917 1384 non
932 1322 1036 1385 cadunt
1051 1324 1105 1383 nisi

96 1408 124 1468 in
144 1408 246 1487 crispa
266 1407 348 1468 iolla
367 1431 368 1434 ¹
394 1407 434 1486 [3]
458 1406 557 1467 Nostri
573 1407 630 1468 alia
644 1408 746 1469 iecere
761 1426 886 1486 genera:
910 1407 1071 1486 Algidense
1087 1419 1146 1474 adt

95 1492 182 1568 loco,
213 1492 332 1570 longum
359 1501 445 1570 atque
465 1489 653 1569 tralucidum,
682 1492 804 1552 alterum
829 1493 892 1572 rapi
915 1492 1007 1569 ligura
1027 1490 1106 1572 quod

65 1585 205 1642 revocant
220 1578 387 1676 Syriacum,
403 1577 602 1638 suavissimum
615 1577 679 1636 iere
694 1594 729 1637 ac
744 1579 928 1637 tenerrimum
943 1575 1105 1664 hiemisque

94 1661 220 1740 patiens.
252 1662 440 1740 praecipuum
456 1669 552 1722 tamen
569 1661 705 1740 estquod
723 1679 740 1722 e
755 1661 840 1737 Syria
855 1677 913 1723 non
930 1655 1041 1760 pridem
1055 1659 1104 1720 ad·

1 1781 2 1791 1
94 1753 212 1805 vectum
234 1744 374 1824 adparet,
401 1747 535 1824 quoniam
560 1745 637 1844 apud
659 1754 795 1806 auctores
818 1763 876 1806 non
894 1745 1047 1824 reperitur.
1076 1743 1104 1803 id

1 1885 2 1907 ,
94 1837 191 1890 antem
216 1838 279 1890 tota
304 1829 400 1890 bieme
425 1829 516 1890 durat.
550 1830 701 1890 etiamnum
725 1847 811 1890 unum
835 1829 973 1890 silvestre
1000 1828 1150 1891 Graeciae

1 1909 3 1987 l
95 1915 198 1992 agrion
212 1921 332 1990 vocant,
349 1913 461 1974 Pontici
476 1929 586 1990 armon,
604 1913 654 1975 alii
670 1912 786 1994 leucen,
802 1914 893 1974 nostri
905 1913 1103 1988 armoraciam,

62 1998 203 2062 acironde
220 1999 371 2078 copiosius
386 2016 470 2077 quam
486 2014 623 2077 corpore.
650 1999 679 2058 in
695 1997 827 2058 omnibus
841 2006 936 2059 autem
947 1995 1105 2076 probandis

1 2104 2 2159 ι
94 2099 229 2143 mammo
250 2090 419 2162 spectantur
438 2082 549 2146 caules.
578 2083 715 2143 inmitium
732 2083 806 2142 enim
823 2084 1008 2145 rotundiores
1025 2098 1103 2142 cras·

1 2187 3 2252 ,
95 2168 253 2246 sicresque
274 2185 310 2227 ac
329 2166 426 2245 longis
442 2166 602 2228 canalibus.
634 2166 706 2227 lolia
720 2167 783 2247 ipsa
800 2166 927 2227 tristiore
944 2175 973 2227 et
988 2163 1101 2244 augulis

1 2259 2 2337 t
94 2251 224 2312 horrida.
271 2251 312 2330 [4]
335 2251 400 2312 Seri
419 2251 482 2311 volt
495 2251 640 2331 raphanus
655 2260 733 2312 terra
748 2251 859 2327 soluta,
881 2250 983 2312 umida.
1008 2249 1148 2316 dmumso

96 2336 158 2397 odit
182 2335 273 2415 palea
297 2344 458 2396 contentus.
493 2334 605 2413 frigore
626 2334 701 2396 adeo
721 2336 830 2413 gaudet
848 2344 882 2395 ut
901 2335 930 2395 in
952 2332 1103 2396 Germania

59 2421 247 2484 salutantium
266 2437 423 2498 puerorum
443 2420 667 2495 magnitudinem
688 2429 804 2498 aequet.
835 2420 941 2480 seritur
955 2426 1023 2497 post
1039 2417 1103 2478 idus

94 2504 183 2565 Febr.
201 2514 232 2564 nt
252 2523 360 2565 vernus
376 2505 426 2580 sit,
452 2505 614 2582 iterumque
631 2504 708 2564 circa
722 2502 911 2580 Volcaualia,
935 2520 1010 2580 quae
1028 2500 1102 2561 satio

93 2587 209 2649 melior.
244 2588 324 2650 multi
345 2599 375 2648 et
389 2587 492 2648 Martio
513 2597 543 2648 et
559 2587 653 2667 Aprili
670 2596 770 2648 serunt
785 2597 814 2648 et
830 2585 1005 2664 Septembri.
1034 2585 1103 2644 inci·

94 2675 195 2751 piente
211 2673 392 2734 incremento
409 2671 523 2732 coniert
537 2672 647 2732 alterna
662 2672 732 2733 lolia
747 2671 1000 2747 circumobruere,
1021 2670 1102 2746 ipsos

95 2775 169 2818 vero
186 2757 389 2834 adcumulare,
411 2775 476 2816 nam
494 2758 543 2836 qui
558 2765 640 2816 extra
656 2765 761 2818 terram
777 2756 896 2816 emersit
910 2754 998 2815 durus
1016 2753 1046 2812 fit
1061 2760 1101 2812 at·

61 2861 154 2922 acque
172 2843 326 2920 lungosus.
371 2841 589 2902 Aristomachus
604 2839 715 2901 detrahi
730 2840 799 2901 iolla
814 2858 868 2919 per
884 2839 1008 2900 hiemem
1022 2836 1148 2903 iubetso

95 2935 136 3003 et,
156 2945 193 2987 ue
211 2926 334 2986 lacunae
349 2935 494 3003 stagnent,
511 2925 697 2986 adcumulari.
724 2926 762 2984 ita
780 2925 808 2984 in
826 2933 964 2986 aestatem
979 2921 1101 3002 grande·

1 2999 2 3060 Ϊ
95 3029 192 3070 scere
215 3009 328 3090 quidam
344 3011 512 3089 prodidere,
528 3009 634 3089 arpalo
647 3009 751 3069 adacto
767 3026 891 3070 caverna
903 3008 1008 3087 palea
1000 3015 1101 3066 inster-

1 3069 3 3151 l
94 3104 180 3240 ιιι
195 3091 1117 3270 ιιιιιιιιιιιιιιι,ιιιιιιιιιιιιιιιι

1 3229 2 3352 l
60 3282 156 3343 capue
169 3273 266 3326 tamen
282 3263 369 3324 salsis
384 3252 504 3323 aluntur.
526 3263 624 3341 itaque
639 3263 723 3322 etiam
735 3261 839 3322 talibus
851 3263 933 3341 aquis
945 3257 1117 3336 inrigantur'

96 3350 150 3408 et·
142 3367 171 3408 ru
186 3348 328 3427 Aegypto
344 3348 418 3407 nitro
436 3355 625 3425 sparguntur,
644 3345 692 3405 ubi
708 3355 772 3406 sunt
787 3347 926 3406 suavitate
941 3341 1100 3423 praecipui.

1 3423 2 3517 p
94 3433 230 3494 intutum
246 3450 364 3513 quoque
380 3431 527 3509 salsugine
542 3429 700 3492 amaritudo
715 3447 813 3491 eorum
829 3430 961 3489 eximitur
973 3427 1100 3506 fiuntque
1110 3435 1146 3491 85

1 3533 2 3536 ’
97 3519 192 3578 coctis
211 3517 331 3578 similes.
360 3533 482 3595 namque
499 3524 529 3575 et
544 3515 620 3576 cocti
635 3514 805 3576 dulcescunt
820 3523 849 3575 et
863 3514 891 3572 in
906 3527 1045 3592 naporum
1061 3511 1101 3570 vi·
