2396 3900
207 312 290 360 unu.
311 311 403 361 msa.
424 312 523 364 xvrrr.
549 310 669 364 11-1n.
694 296 844 387 ine—30.)
975 301 1033 364 113

28 468 180 548 appellant.
213 468 340 528 nondum
365 467 473 528 hahent
495 464 651 530 candorem
666 485 748 529 suum
767 485 824 547 quo
840 468 1034 547 praecellunt,

28 555 72 614 iau
94 562 198 614 tamen
225 550 443 614 Alexandrinae
470 553 681 631 praeferuntur.
730 561 834 632 postea
861 585 904 602 -
933 555 1035 614 mirum

28 637 93 699 dictu
107 669 152 681 -—
171 635 353 698 admiscetur
369 646 449 697 creta
465 655 540 717 quae
558 638 703 697 transitio
720 655 828 717 corpus
846 639 1035 717 coloremque

29 731 52 782 et
64 723 256 782 teneritatem
270 721 375 782 adfert.
401 723 544 782 invenitur
559 723 634 783 haec
651 723 725 783 iuter
740 722 881 783 Puteolos
898 732 927 783 ct
941 721 1018 783 Nea·
1028 733 1077 788 lit
1185 725 1187 764 ³

12 808 104 886 spolim
121 808 151 866 in
170 805 253 867 colle
270 806 446 884 Leucogaeo
463 806 632 887 appellato,
657 816 812 886 exstatque
834 807 893 868 divi
909 807 1035 885 Augusti

30 892 167 951 decretum
188 908 249 969 quo
266 908 358 952 annua
373 891 478 953 vicena
490 892 566 952 milia
581 891 781 971 Neapolitanis
801 910 855 971 pro
878 909 915 952 eo
937 910 1034 952 nume·

29 977 77 1038 rui
88 976 177 1037 iussit
195 994 214 1035 e
230 976 304 1035 lisco
318 993 383 1056 suo,
399 976 700 1037 coloniamdedncens
714 974 853 1056 Capuam,
870 977 1035 1056 adiecitque

30 1077 133 1121 cansam
151 1060 472 1140 adserendipquoniam
484 1070 645 1139 negassent
656 1059 795 1140 Campani
812 1061 915 1122 alicam
931 1061 1035 1121 confici

30 1146 81 1205 sine
94 1163 132 1206 eo
143 1144 270 1206 metallo
282 1163 384 1224 posse.
411 1147 441 1206 in
453 1147 558 1206 eodem
569 1147 716 1226 reperitur
727 1155 758 1206 et
769 1145 881 1226 sulpur,
899 1146 1035 1205 emicant·

1 1242 77 1309 ‘uque
95 1231 197 1291 iontes
217 1229 311 1290 Araxi
334 1230 488 1291 oculorum
508 1231 631 1293 claritati
654 1241 683 1292 et
704 1230 853 1291 volnerum
875 1231 1036 1291 medicinae

1 1378 2 1390 χ
32 1315 205 1394 dentiumque
226 1315 361 1374 firmitati.
401 1317 441 1396 [3]
477 1315 562 1377 Alica
581 1315 742 1376 adulterina
756 1316 787 1376 iit
803 1332 936 1376 maxume
958 1315 1079 1392 qui-115

33 1399 84 1460 dem
106 1419 123 1460 e
146 1417 205 1460 nea
225 1417 301 1478 quae
324 1400 353 1458 in
379 1399 480 1461 Africa
498 1401 668 1479 degenerat.
708 1399 829 1461 latiores
851 1401 913 1461 eius
936 1399 1036 1478 spicae

33 1485 227 1564 nigrioresque
243 1492 275 1544 et
289 1483 373 1544 brevi
387 1485 502 1565 stipula.
533 1487 629 1564 pisunt
646 1502 709 1546 cum
726 1484 834 1546 harena
851 1493 880 1545 et
901 1485 944 1543 sic
966 1499 1035 1562 quo-

34 1585 78 1646 que
93 1569 255 1630 diiiiculter
265 1569 401 1630 deterunt
411 1570 562 1650 utriculos,
580 1570 670 1649 litque
685 1570 799 1632 dimidia
811 1569 878 1629 nudi
890 1584 1036 1645 mensura,

10 1663 183 1732 uposteaque
199 1655 288 1732 gypsi
306 1671 374 1732 pars
395 1663 497 1733 mrarta
517 1655 694 1734 inspargitur
716 1664 820 1733 atque,
842 1661 873 1713 ut
895 1652 1037 1729 cohaesit,

35 1735 155 1798 iarinmio
173 1737 275 1800 cribro
290 1737 478 1799 suhcemunt.
511 1757 585 1818 qnae
607 1740 635 1798 in
659 1756 696 1798 eo
712 1741 849 1799 remansit
869 1737 1037 1815 excepticia

35 1823 187 1901 appellatur
199 1832 230 1883 et
240 1822 434 1900 grandissima
448 1833 502 1884 est.
532 1841 632 1884 rursus
648 1841 723 1902 quae
739 1824 841 1883 transit
853 1823 961 1883 artiore
974 1839 1037 1880 cer·

35 1908 97 1966 nitur
111 1917 140 1967 et
155 1907 333 1969 secundaria
348 1917 487 1988 vocatur,
510 1909 579 1969 item
600 1907 739 1968 cribrario
761 1925 835 1986 quae
852 1906 938 1967 simili
951 1904 1037 1966 modo

36 1989 150 2053 intertio
166 1993 308 2052 remansit
324 1992 420 2052 cribro
433 1994 638 2071 angustissimo
651 2001 683 2052 ct
692 2001 798 2053 tantum
811 1993 935 2052 harenas
946 2000 1038 2050 trans·

9 2109 16 2122 „
37 2077 162 2136 mittente.
198 2076 266 2137 Alia
281 2077 356 2137 ratio
372 2076 480 2156 ubique
493 2077 683 2138 adulterandi.
711 2095 728 2136 e
741 2078 837 2137 tritico
852 2075 1021 2137 candidissi·
1030 2084 1080 2142 116

38 2178 75 2221 ne
87 2170 114 2221 et
129 2162 324 2239 grandissima
340 2161 451 2239 eligunt
465 2180 555 2239 grana
571 2180 607 2222 ao
623 2161 782 2222 semicocta
798 2163 827 2221 in
847 2161 914 2221 ollis
935 2169 1039 2238 postea

39 2245 186 2306 uetaciunt
209 2246 276 2307 sole
297 2247 334 2307 ad
356 2247 482 2323 initium,
499 2265 658 2325 rursusque
675 2246 780 2307 leviter
797 2247 937 2326 adspersa
954 2245 1039 2304 molis

39 2327 168 2408 iungunt.
192 2335 235 2391 lix
253 2349 306 2391 nea
323 2329 472 2410 pulchrius
490 2349 574 2409 quom
587 2350 603 2391 e
615 2331 712 2390 tritico
731 2331 923 2410 litgraneum‚
941 2345 1038 2408 quam·

39 2414 114 2474 risid
129 2414 224 2476 alicae
239 2416 340 2476 vitium
356 2416 402 2476 sit.
435 2416 592 2476 candorem
608 2424 702 2476 autem
725 2415 754 2475 ei
773 2433 830 2494 pro
854 2423 934 2474 creta
955 2413 1040 2472 lactis

22 2497 133 2560 incocti
147 2501 272 2561 mixtura
289 2500 413 2561 confert.
541 2557 543 2564 .

94 2583 140 2644 tn.
157 2584 242 2665 (30.)
260 2586 397 2664 Sequitur
412 2585 587 2663 leguminum
606 2594 724 2666 natura,
745 2585 820 2644 inter
837 2589 1082 2661 quaenam-117

42 2685 93 2728 uus
105 2669 197 2729 honos
212 2669 318 2747 labae,
341 2669 451 2748 quippo
476 2688 514 2730 ex
538 2687 594 2748 qua
610 2678 765 2748 temptatus
786 2668 823 2727 sit
844 2667 929 2726 etiam
946 2665 1039 2744 panis.

43 2751 183 2814 lomentum
197 2754 365 2834 appellatur
380 2756 471 2815 lariua
489 2773 534 2831 ea,
549 2754 783 2832 adgravaturque
805 2751 918 2830 pondus
940 2749 991 2810 illa
1014 2758 1042 2809 et

45 2839 107 2897 cuni
122 2839 278 2917 legumine.
310 2840 366 2899 iam
380 2856 453 2899 vero
477 2849 506 2900 et
529 2838 638 2919 pabulo
659 2838 757 2898 venali
777 2835 864 2896 labae
891 2834 1043 2914 multiplex

47 2939 103 2981 usus
124 2926 248 2984 omnium
271 2924 479 3004 quadripedum
501 2925 620 3001 generi,
647 2923 807 3001 praecipue
828 2920 946 2981 homini.
983 2920 1041 2980 iru-

46 3017 126 3069 nento
141 3011 227 3070 etiam
244 3009 383 3070 miscetur
399 3010 474 3088 apud
491 3008 650 3088 plerasque
668 3007 781 3085 gentis,
798 3014 829 3066 et
843 3023 976 3066 maxume
992 3021 1042 3083 pa·

47 3091 100 3151 nico
118 3095 209 3156 solida
234 3112 270 3154 ac
299 3092 452 3154 delicatius
474 3093 578 3154 inacta.
614 3092 681 3170 quin
698 3099 728 3151 et
743 3091 842 3170 prisco
858 3092 913 3150 ritu
930 3087 1085 3150 tahetarrs

48 3193 105 3238 tute
117 3178 267 3258 religionis
285 3177 373 3238 disin
389 3195 475 3239 sacro
499 3187 562 3253 est,
585 3177 761 3256 praevalens
784 3175 957 3255 pulmentari
975 3170 1041 3233 cibo

49 3269 73 3320 et
84 3261 215 3324 hebetare
231 3281 336 3323 sensus
358 3264 534 3342 existimata,
559 3262 698 3322 insomnia
720 3269 838 3340 quoque
861 3260 979 3332 lacere,
1004 3253 1042 3312 oh

48 3343 109 3406 haec
118 3348 329 3428 Pythagoricae
341 3348 502 3409 sententiae
518 3347 661 3425 damnata,
677 3354 707 3406 ut
719 3345 767 3406 aiii
780 3345 939 3418 tradidere,
953 3355 1043 3419 quon·

50 3428 95 3489 ian
111 3443 285 3494 mortuorum
305 3433 415 3494 animae
433 3434 490 3493 sint
508 3433 536 3492 in
553 3450 605 3507 ea,
624 3447 680 3509 qua
703 3429 740 3490 de
757 3447 845 3490 causa
863 3422 1043 3506 parentando

51 3515 131 3594 ntique
147 3518 313 3580 adsumitur.
341 3518 436 3579 Varro
460 3526 489 3578 et
509 3516 547 3578 ob
570 3516 645 3577 haec
661 3513 803 3576 daminem
822 3529 857 3573 ea
874 3505 1086 3572 nonresci119

53 3599 122 3660 trudit
135 3611 163 3662 et
177 3605 312 3682 quoniam
327 3604 356 3662 in
374 3603 448 3663 ilore
468 3604 530 3662 eius
552 3601 667 3661 litterae
689 3597 828 3675 lugubres
849 3597 1035 3674 reperiantur

87 3703 146 3749 enm.
159 3709 221 3750 unu.
238 3708 310 3749 msn.
325 3692 373 3748 lll.
855 3679 874 3740 8

1182 415 1185 540 l

1183 541 1187 696 l
