2370 3922
266 231 346 279 rmn.
362 229 452 279 nisu.
468 231 550 278 xxv.
566 226 592 276 4.
608 225 634 276 5.
653 219 823 300 (la-la.)
993 220 1036 280 tt

869 325 874 364 ι

34 385 151 446 feminis
171 383 349 461 candidiora,
367 381 451 444 radix
467 401 656 461 supervacua,
673 386 850 461 praetenuis.
879 395 1038 444 naseuntur

34 473 60 528 in
77 467 297 546 campestribus
320 468 413 527 cultis.
447 467 549 526 mirum
570 475 615 525 est
637 467 713 544 quod
733 467 769 526 de
787 475 913 545 utroque
933 485 1037 528 eorum

33 569 149 629 genere
172 549 323 629 proditur:
346 559 378 610 ut
397 566 493 608 mares
512 553 667 626 gignantur
683 550 757 608 hunc
772 551 884 625 facere,
908 559 938 610 ut
953 553 1036 610 lemi-

1 647 2 650 ’
33 653 85 694 nae
102 635 194 692 illam.
229 634 286 693 hoe
306 635 491 708 contingere,
514 635 539 691 si
560 651 576 691 a
596 641 740 711 conceptu
761 636 893 710 protinus
918 635 1037 692 bibatur

15 735 119 777 ssncns
135 720 168 777 iu
183 735 272 795 passo
288 717 448 776 edanturve
464 715 535 774 iolia
550 715 671 776 decocta
691 734 730 775 ex
748 716 817 775 oleo
839 725 869 776 et
888 717 963 792 sale,
985 716 1035 776 vel

32 801 130 860 cruda
146 819 189 859 ex
205 807 298 859 aceto.
333 799 445 876 quidam
466 798 608 858 decocunt
631 815 694 857 eam
714 800 743 856 in
765 815 843 858 novo
865 799 1036 858 fictilicnm

33 883 220 960 heliotropio
237 891 268 942 et
290 882 400 942 duabus
421 890 470 940 aut
491 882 585 940 tribus
607 884 708 959 spicis,
729 880 823 940 donec
845 891 1034 959 excoquatur.

34 967 191 1025 decoctum
210 965 270 1024 dari
293 965 395 1024 iubent
418 974 448 1024 et
470 964 621 1023 herbam
614 982 738 1056 ipsam
724 968 753 1022 in
772 965 840 1024 cibo
864 965 960 1024 altero
981 965 1079 1029 disto

34 1050 221 1127 purgationis
244 1049 413 1108 mulieribus
440 1065 494 1125 per
521 1047 659 1122 triduum,
682 1031 785 1126 quarto
807 1049 855 1110 die
879 1067 895 1108 a
915 1048 1034 1110 balineo

11 1135 119 1193 occire
139 1149 200 1190 eas
224 1131 417 1210 Hippocrates
432 1133 512 1189 miris
527 1130 680 1189 laudibus
672 1150 702 1190 m
716 1130 868 1191 mulierum
882 1152 936 1194 usu
951 1151 1035 1210 prae-

33 1216 142 1274 dicavit
159 1215 220 1274 has.
243 1214 367 1274 adhunc
382 1213 495 1272 modum
510 1213 686 1274 medicorum
701 1231 786 1273 uerno
803 1217 892 1274 novit.
914 1215 964 1275 ille
981 1235 1033 1276 eas

33 1299 141 1358 volvae
158 1316 222 1356 cum
236 1298 323 1357 melle
339 1297 388 1356 vel
411 1313 534 1356 rosaceo
557 1296 606 1356 vel
626 1298 702 1356 irino
725 1297 772 1356 vel
791 1298 872 1358 lilino
895 1299 1033 1375 admovit,

31 1385 103 1441 item
125 1381 164 1440 ad
184 1382 304 1442 ciendos
326 1399 442 1440 menses
464 1380 671 1456 secundasque.
707 1379 764 1440 boc
784 1381 861 1440 idem
882 1390 1034 1459 praestare

33 1475 108 1542 potu
121 1465 247 1541 fotuque
263 1465 342 1524 dixit.
375 1463 526 1522 instillavit
547 1463 664 1521 auribus
681 1461 766 1521 olidis
782 1483 891 1540 sucum,
910 1467 1035 1524 inunxit-

3 1567 92 1626 eque
113 1565 180 1606 cum
197 1549 265 1606 vino
280 1555 392 1606 vetere.
425 1546 490 1605 alvo
507 1546 577 1604 folia
595 1547 735 1622 inposuit,
758 1546 921 1624 epiphoris,
940 1549 1031 1606 stran-
1042 1559 1077 1612 41

32 1633 140 1708 gur-iae
167 1639 197 1689 ct
211 1631 327 1690 vesicis.
364 1629 515 1688 decoctum
537 1630 598 1688 eius
623 1628 702 1687 dedit
722 1645 787 1688 curn
801 1647 896 1689 murra
914 1639 945 1690 ct
959 1639 1033 1690 ture.

33 1715 104 1774 alvo
119 1714 237 1790 quidem
251 1712 409 1772 solvendae
426 1711 474 1771 vel
495 1714 525 1770 in
548 1712 623 1771 iebri
640 1711 815 1789 decoquitur
827 1721 963 1789 qnantum
977 1731 1037 1772 ma·

34 1815 88 1856 nus
108 1798 205 1874 capiat
219 1799 249 1854 in
261 1796 372 1854 duobus
384 1797 522 1854 sextariis
539 1812 630 1871 aquae
644 1795 680 1854 ad
695 1795 837 1871 dimidiae,
850 1796 959 1854 bibitur
970 1797 1033 1856 sale

35 1890 65 1939 et
80 1880 174 1939 melle
193 1879 330 1955 admixto,
354 1895 486 1937 necnon
506 1895 570 1938 eum
590 1878 696 1955 ungula
720 1881 779 1938 suis
799 1886 847 1938 aut
868 1878 1033 1954 gallinaceo

4 1963 163 2022 andecoeta
188 1962 340 2022 salubrius.
376 1963 557 2038 purgationis
577 1979 663 2021 causa
676 1970 819 2040 putavere
830 1960 917 2039 aliqui
930 1970 1034 2020 utram-

34 2064 96 2123 que
113 2045 234 2104 dandem
258 2047 321 2104 sive
342 2061 405 2104 curn
426 2045 517 2104 malva
535 2045 696 2104 decoctum.
734 2045 882 2105 thoracem
897 2053 1035 2123 purgant,

34 2130 129 2188 bilem
142 2127 307 2204 detrahunt,
322 2127 374 2188 sed
385 2129 562 2187 stomachum
577 2129 701 2188 laedunt.
723 2129 855 2206 reliquos
870 2146 939 2188 usus
956 2128 1032 2188 dice·

35 2229 101 2270 mns
116 2214 178 2270 suis
197 2211 278 2271 locis.
991 2223 1077 2270 suu

103 2293 188 2372 (19.)
206 2293 321 2353 invenit
337 2303 368 2352 et
382 2293 511 2354 Achilles
528 2294 685 2372 discipulus
702 2294 836 2356 Chironis
853 2314 909 2374 qua
929 2297 1079 2359 vulne-42

2 2379 122 2436 caribus
138 2379 316 2454 mederetur,
333 2394 406 2454 quae
423 2378 461 2436 ob
476 2378 505 2436 id
521 2377 671 2449 Achilleos
688 2388 815 2439 vocatur.¹
841 2379 896 2440 hac
913 2398 1035 2440 sanasse

37 2459 203 2536 'l'elephum
218 2461 336 2519 dicitur.
367 2460 414 2519 alii
429 2463 549 2538 primum
565 2462 732 2536 aeruginem
748 2464 897 2523 invenisse
916 2463 1035 2522 utilissi-

37 2561 113 2602 mam
129 2543 306 2620 emplastris,
322 2543 448 2620 ideoqne
462 2545 588 2620 pingitur
599 2552 629 2603 et
643 2561 660 2602 a
674 2545 795 2622 cuspide
807 2545 957 2606 decutiens
973 2546 1035 2622 gla-

38 2627 89 2685 dio
110 2629 140 2684 in
156 2626 260 2684 volnus
279 2625 410 2704 Telephi.
443 2626 492 2686 alii
512 2635 634 2704 utroque
658 2646 737 2686 usum
756 2627 965 2688 medicamento
983 2646 1035 2688 vo-

39 2709 111 2768 lunt.
144 2707 233 2786 aliqui
255 2716 285 2767 et
307 2709 379 2768 hanc
400 2725 537 2787 panacem
558 2708 743 2787 lleracleam,
766 2711 814 2769 elii
836 2710 979 2770 sideritim
1003 2720 1036 2770 ct

1 2806 29 2848 ao
39 2793 116 2870 apud
132 2809 186 2850 nos
199 2792 379 2851 millefolium
393 2802 509 2867 uocant,
525 2793 641 2852 cubitali
658 2811 757 2871 scapo,
773 2811 925 2868 ramosam,
942 2797 1033 2856 minu-

39 2876 167 2934 tioribus
190 2893 272 2952 quam
295 2875 412 2934 feniculi
435 2876 515 2935 iuliis
538 2878 671 2934 vestitam
685 2875 721 2935 ab
738 2878 805 2936 imo.
838 2876 886 2936 alii
903 2879 1078 2941 latentium

39 2957 158 3035 quidem
176 2958 253 3016 illam
273 2959 443 3016 volneribus
463 2959 579 3033 utilem,
601 2958 652 3018 sed
672 2977 770 3018 veram
786 2959 942 3020 Achilleon
965 2979 1034 3020 esse

41 3057 132 3119 scapo
155 3041 291 3101 caeruleo
313 3041 420 3118 pedali,
442 3043 504 3101 sine
528 3045 625 3117 ramis,
649 3044 785 3104 exomni
808 3052 893 3121 parte
910 3044 1035 3121 singulis

23 3123 122 3183 iuliis
140 3123 272 3183 rotundis
288 3125 444 3201 eleganter·
453 3128 599 3202 vestitam,
620 3125 668 3185 alii
683 3125 824 3203 quadrato
840 3127 934 3204 caule,
957 3129 1036 3204 capi·

4 3207 110 3266 astulis
131 3207 275 3283 manati,
297 3207 375 3267 loliis
399 3226 533 3285 quercus,
549 3241 590 3252 -—
604 3209 677 3268 banc
699 3211 785 3270 etiam
799 3212 950 3287 praecisos
967 3229 1035 3270 ner-

42 3308 95 3350 vos
113 3291 258 3366 glutinare
280 3291 403 3367 iaciunt,
417 3323 460 3336 ω-
474 3290 522 3350 alii
545 3291 685 3352 sideritim
701 3294 737 3352 in
756 3295 893 3352 maceriis
913 3289 1035 3352 nasccn-

43 3382 112 3449 tem,
130 3391 194 3432 cum
211 3382 331 3450 teratur,
345 3373 423 3433 ioedi
440 3375 548 3434 odoris.
566 3377 717 3434 etiamnum
732 3376 816 3438 aliam
827 3375 950 3435 similem
964 3375 1077 3438 boicii

42 3457 95 3516 sed
110 3455 325 3516 candidioribus
341 3457 420 3516 foliis
436 3466 465 3516 ct
484 3459 695 3535 pinguioribus,
714 3461 893 3520 teneriorem
906 3459 1033 3520 caulicu-
