2508 3924
254 245 334 300 nar.
351 241 580 290 arsamus
597 241 640 295 ιι.
658 211 699 293 la.
715 231 865 308 (tc—so.)
995 229 1055 294 tao

74 415 175 459 eorum
191 395 360 476 plerumque
376 395 497 456 inreoiri
514 411 591 454 ossa.
621 394 694 454 baec
709 393 864 470 adalligata
878 394 999 457 eundem
1014 397 1055 456 ef·

73 483 182 542 fectum
197 478 313 553 babent,
330 479 396 538 item
410 479 541 556 leporina
558 477 681 554 coagula
700 495 754 554 per
765 494 862 537 aurem
876 479 969 540 infusa
988 497 1056 540 eon-

71 574 117 626 tra
133 563 263 636 dolores,
279 570 309 622 ct
322 562 424 640 capitis
436 578 533 622 eorum
545 562 615 621 ciuis
630 559 818 620 dentifricium
829 570 875 620 est
886 562 1056 640 adiectoque

73 645 165 708 nardo
180 645 287 706 mulcet
307 644 534 720 graveolentiam
559 645 627 704 oris.
660 642 745 720 aliqui
767 643 941 706 morinorum
961 647 1098 724 capi-179

51 740 134 790 stum
163 729 289 788 cinerem
310 728 459 788 miscuisse
481 727 596 788 malunt.
624 727 767 804 reperitur
785 727 813 786 in
835 725 926 790 latere
946 728 1057 806 leporis

72 831 128 874 aco
143 829 178 871 os
194 811 302 887 simile,
323 809 380 870 boc
395 810 560 890 scariphare
576 809 668 870 dentis
688 811 717 868 in
737 809 839 870 dolore
860 811 989 872 suadent.
1015 820 1056 871 ta·

72 897 118 956 lus
143 894 267 956 bubulus
289 911 429 954 accensus
451 911 503 955 eos
528 894 576 970 qui
596 892 694 952 labent
720 911 783 952 cum
805 893 907 954 dolore
928 893 1058 954 admotus

72 979 233 1049 confirmat.
264 977 391 1036 eiusdem
414 977 483 1038 cinis
506 995 568 1036 oum
581 994 680 1050 murra,
695 975 882 1038 dentifricium
905 986 959 1036 est.
991 995 1058 1038 ossa

74 1079 192 1141 qnoque
215 1079 252 1120 ex
274 1060 385 1136 ungulis
407 1077 486 1121 suum
508 1059 654 1120 combusta
672 1058 792 1119 eundem
811 1079 890 1120 usum
910 1059 1058 1139 praebent,

40 1170 65 1212 10
75 1149 143 1208 item
157 1161 230 1204 ossa
246 1162 283 1204 ex
294 1142 451 1202 acetabulis
464 1161 614 1220 pernarum
630 1145 707 1204 circa
719 1161 792 1222 quae
808 1144 981 1205 coxendices
994 1161 1058 1204 ver·

74 1237 180 1290 tuctur
211 1227 312 1286 iisdem
328 1227 423 1286 sanari
437 1225 568 1286 demissis
582 1227 611 1286 in
625 1227 716 1286 faucis
733 1227 920 1288 iumentorum
935 1227 1038 1286 vermi·
1051 1237 1101 1290 180

74 1313 206 1374 nationes
221 1319 318 1374 uotum
332 1318 392 1386 est,
415 1309 467 1370 sed
489 1319 517 1368 et
532 1309 687 1370 combustis
702 1309 794 1371 dentis
811 1311 988 1385 confirmari,
1004 1310 1058 1370 asi·

73 1397 141 1458 nino
157 1411 271 1492 quoque
286 1393 362 1454 lacte
380 1411 520 1472 percussu
536 1401 657 1454 vexatos
677 1401 725 1452 aut
739 1393 863 1454 dentium
878 1393 1045 1454 eiusdem
1020 1411 1058 1453 cr-

73 1496 163 1553 ncre‚
178 1479 246 1536 item
261 1471 374 1538 lichene
389 1477 457 1552 equi
473 1495 535 1536 cum
552 1476 619 1536 oleo
634 1475 727 1536 infuso
744 1495 806 1574 per·
817 1495 925 1538 aurem.
953 1487 998 1536 est
1012 1494 1059 1536 au·

42 1582 66 1622 rs
74 1571 133 1624 tero
148 1522 205 1620 hoc
222 1577 279 1618 non
293 1559 500 1638 hippomanes,
526 1559 604 1637 quod
617 1549 724 1637 alisqui
738 1561 853 1620 noxium
869 1561 984 1637 omitto,
1006 1558 1060 1620 sed
1170 1555 1171 1558 ’

74 1645 116 1706 in
123 1661 263 1740 equorum
282 1642 405 1720 genibus
425 1659 460 1702 ac
474 1660 562 1719 super
576 1642 707 1741 ungulas.
737 1645 934 1722 praeteream
951 1642 1100 1706 corde181

74 1743 213 1807 equorum
231 1727 371 1786 invenitur
387 1744 420 1786 os
435 1725 566 1786 dentibus
586 1726 693 1802 caninis
713 1728 851 1786 maxumis
873 1726 982 1802 simile,
1003 1725 1060 1786 hoc

74 1809 236 1888 scariphari
252 1809 382 1870 dolorem
398 1818 445 1868 aut
460 1818 593 1888 exempto
615 1807 699 1868 dente
717 1811 836 1870 emortui
854 1811 920 1888 equi
937 1808 1060 1870 maxillis

73 1894 273 1974 adnumerum
288 1893 349 1952 eius
370 1893 418 1970 qni
436 1892 534 1954 doleat
556 1892 759 1954 demonstrant.
790 1911 925 1971 equarum
946 1893 1059 1951 virosa

40 1978 155 2044 secoitu
180 1978 209 2036 in
231 1975 382 2052 ellychniis
403 1993 555 2040 accensum
571 1975 728 2036 Anaxilaus
748 1976 873 2056 prodidit
894 1975 1061 2053 equinorum

75 2061 202 2140 capitum
216 2077 284 2118 usus
303 2051 532 2138 repraesentare
544 2059 734 2136 monstrifica,
754 2060 882 2120 similiter
903 2077 940 2118 ex
963 2059 1059 2118 asinis.

73 2161 141 2208 nam
156 2143 347 2240 hippomanes
362 2143 477 2202 tantas
469 2161 497 2201 m
517 2144 659 2208 veneficio
682 2145 751 2202 viris
774 2143 861 2204 habet
885 2151 914 2202 ut
934 2141 1062 2202 adfusum

75 2227 154 2290 aeris
176 2226 315 2286 mixturae
338 2227 365 2286 iu
391 2225 520 2302 effigiem
539 2244 633 2304 equae
654 2225 803 2304 Olympiae
827 2226 956 2294 admotos
976 2226 1061 2285 maris

77 2327 169 2388 equos
193 2308 230 2368 ad
251 2307 359 2370 rabiem
375 2309 562 2384 coitusagat.
590 2309 720 2370 medetur
735 2309 866 2371 dentibus
886 2319 914 2370 et
937 2308 1042 2370 fabrile
1053 2317 1104 2370 182

37 2393 216 2471 ”glutinum
238 2393 266 2450 in
281 2409 355 2470 aqua
371 2391 522 2456 decoctum
541 2392 649 2464 inlitum
665 2401 694 2450 et
708 2409 774 2450 mox
795 2392 882 2470 paulo
904 2393 1063 2464 detractum

74 2479 116 2538 ita
132 2485 162 2535 ut
178 2475 328 2536 confestim
350 2473 499 2534 cofuantur
519 2475 584 2533 vino
605 2477 633 2534 iu
650 2492 706 2552 quo
722 2475 836 2534 decocti
855 2476 1062 2534 sunt-cortices

74 2559 143 2620 mali
162 2559 260 2619 Punici
282 2558 383 2618 dulcis.
420 2557 525 2617 effreax
544 2557 665 2616 habetur
689 2566 717 2617 et
738 2557 856 2635 caprino
882 2557 958 2616 facte
986 2558 1062 2617 colui

74 2643 170 2704 dentis
187 2642 236 2702 vel
250 2642 319 2703 felle
334 2641 452 2702 taurino.
480 2639 601 2700 talorum
621 2657 725 2717 caprae
740 2642 899 2700 recentium
911 2640 982 2698 ciuis
996 2637 1062 2698 den·

74 2726 184 2788 tifricio
198 2725 294 2804 placet
310 2734 338 2784 et
353 2726 475 2784 omnium
490 2724 554 2783 fere
573 2723 761 2784 villaticarum
783 2721 1003 2801 quadripedum,
1026 2738 1062 2780 ne

37 2812 195 2888 sesaepins
207 2807 306 2870 eadem
326 2807 463 2868 dicantur.

142 2892 190 2952 12.
214 2892 297 2969 (50.)
319 2889 449 2950 Cutem
440 2908 468 2948 m
488 2890 564 2950 facie
586 2882 700 2966 erugari
715 2897 743 2948 et
763 2897 952 2951 tenerescere
978 2905 1044 2948 can·
1057 2897 1106 2951 183
1126 2929 1138 2955 ,

75 2975 150 3036 dore
173 2973 315 3034 custodito
337 2973 413 3034 lacte
431 2974 539 3035 asinino
556 2981 670 3051 putant,
692 2980 846 3050 notumque
867 2980 911 3032 est
929 2970 1064 3050 quasdam

76 3058 186 3120 cotidie
204 3057 414 3156 septingenties
429 3057 570 3118 custodito
587 3071 705 3116 numero
721 3056 833 3116 fovere
856 3055 993 3134 Poppaea
1008 3053 1065 3116 hoc

74 3142 203 3202 Neronis
219 3142 357 3219 principis
373 3141 491 3199 instituit
504 3141 679 3205 balineamm
702 3137 817 3216 qnoque
838 3138 912 3206 solia
933 3139 974 3198 sic
995 3145 1064 3196 tem·

38 3255 65 3298 ³5
79 3243 205 3324 perans,
222 3224 260 3283 ob
275 3224 333 3284 hoc
347 3223 487 3284 asinarum
504 3222 641 3300 gregibus
663 3240 725 3281 eam
738 3220 946 3282 comitantibus.
976 3220 1064 3298 impe·

76 3321 124 3370 tus
146 3309 266 3387 pituitae
289 3309 317 3366 in
336 3306 412 3367 facie
434 3305 536 3382 butyro
554 3307 666 3368 inlitot
655 3303 820 3380 tolluntur,
833 3305 983 3365 efficacius
1004 3321 1065 3362 cum

77 3409 219 3466 cerussa,
243 3391 357 3450 sincero
372 3406 443 3449 vero
465 3407 500 3449 ea
521 3391 587 3450 vitia
602 3406 674 3468 quae
697 3397 831 3467 serpunt,
853 3387 1065 3466 superinposita

75 3477 172 3538 farina
194 3435 376 3552 hordeacea,
396 3473 520 3534 ulcera
511 3491 540 3532 ru
565 3473 640 3534 facie
658 3471 821 3534 membrana
842 3490 858 3532 e
885 3479 967 3550 partu
982 3469 1066 3530 boris
