2458 3906
321 263 808 344 uuu.u1su.xrr.13.(sc-51.)
1007 265 1069 328 209

69 434 189 493 caustica
203 440 259 491 est.
283 441 431 510 optumum
446 440 540 492 autem
555 430 758 511 Babylonium,
780 431 907 492 silvestri
924 431 960 494 ad
975 436 1069 496 omnia

69 535 99 578 ea
114 517 235 576 effectus
251 517 353 577 maior.

124 601 209 681 (51.)
223 600 257 661 lu
268 601 436 681 praecipuis
448 611 542 663 autern
553 600 789 662 medicaminibus
801 609 864 662 ruta
876 611 930 662 est.
947 602 1049 664 latiora
1060 614 1109 669 131

66 688 167 748 sativae
186 685 276 764 folia,
295 688 367 746 rami
387 687 598 746 fruticosiores.
637 685 780 746 silvestris
803 684 920 747 horrida
940 686 975 748 ad
998 687 1067 748 effe·

48 780 134 834 sctum
152 779 200 830 est
220 779 250 830 et
274 769 311 831 ad
329 772 422 831 omnia
438 771 544 832 acrior.
582 788 667 830 sucus
690 770 859 848 exprimitur
874 779 957 832 tunsa
974 780 1003 831 ct
1018 770 1067 831 ad·

66 873 160 936 spensa
181 854 299 915 modice
323 873 414 934 aqua,
439 863 468 915 et
494 857 522 914 iu
543 854 651 934 pyxide
673 850 782 933 Cypria
805 853 982 916 adservatur.
1020 855 1068 916 bic

67 939 211 1018 copiosior
222 938 305 999 datus
317 941 423 1000 veneni
434 941 549 1000 noxiam
562 943 689 1019 optinet,
704 941 734 998 in
747 937 919 1000 Macedonia
934 957 1066 999 maxume

65 1027 135 1085 iuxta
149 1023 259 1083 ilumeu
274 1023 484 1101 Aliacmouem,
497 1025 673 1103 mirumque,
690 1024 802 1082 cicutae
820 1040 892 1083 suco
908 1025 1067 1100 exstingui-

65 1119 112 1170 tur.
142 1107 220 1168 adeo
237 1109 325 1168 etiam
341 1126 517 1169 venenorum
535 1126 647 1168 venena
662 1116 743 1186 sunt,
761 1107 875 1186 quando
891 1108 1004 1168 cicutae
1020 1127 1066 1168 su·

4 1187 6 1270 ξ
40 1212 59 1253 ιι
66 1209 109 1254 cus
127 1191 252 1272 prodest
267 1189 396 1253 manibus
414 1203 445 1253 et
458 1189 498 1233 **
518 1192 717 1269 colligentium
732 1201 832 1252 rutam.
851 1200 957 1254 cetero
973 1193 1111 1256 interiit

66 1279 152 1358 prima
171 1279 311 1336 miscetur
328 1276 478 1354 antidotis,
499 1278 717 1356 praecipueque
740 1274 879 1338 Galatica.
913 1294 1066 1356 quaecum-

67 1381 114 1441 que
127 1370 227 1422 autem
239 1371 303 1422 ruta
321 1370 349 1420 ct
363 1379 418 1440 per
435 1379 468 1422 se
482 1378 536 1440 pro
552 1360 681 1422 antidoto
698 1359 776 1420 valet
796 1359 874 1421 loliis
890 1363 964 1422 tritis
986 1371 1068 1422 etex

66 1449 124 1506 nuo
146 1448 284 1526 sumptis,
308 1455 408 1506 contra
422 1447 566 1506 aconitum
580 1462 711 1506 maxume
725 1454 754 1505 et
768 1447 894 1525 viscum,
920 1447 987 1506 item
1003 1447 1066 1506 iun·

67 1548 134 1608 gos,
152 1531 215 1590 sive
231 1532 260 1590 in
276 1539 348 1609 potu
363 1529 445 1592 detur
460 1530 564 1590 sivein
581 1528 658 1590 cibo.
683 1529 770 1589 simili
785 1529 873 1590 modo
888 1538 990 1592 contra
1005 1549 1065 1590 ser·

39 1617 190 1694 repentium
210 1615 301 1691 ictus,
325 1623 423 1695 utpote
441 1633 503 1674 cum
519 1614 660 1675 mustelae
675 1614 860 1675 dimicaturae
882 1632 946 1674 cum
961 1615 1006 1674 bis
1020 1633 1065 1674 ru·

65 1711 114 1761 um
130 1701 212 1780 prius
228 1698 344 1760 edendo
363 1718 396 1760 se
410 1701 546 1760 muniant.
570 1699 622 1759 sed
638 1698 736 1758 valent
751 1706 780 1758 et
798 1706 897 1760 contra
912 1700 1044 1778 scorpio·
1059 1706 1110 1762 133

65 1804 123 1844 num
151 1794 180 1844 et
207 1793 309 1844 contra
335 1801 519 1860 araneorum,
551 1784 662 1863 apium,
698 1781 886 1861 crabronum,
911 1801 1068 1862 vesparum

66 1870 181 1930 aculeos
194 1878 223 1928 et
237 1866 420 1929 cantharidas
435 1886 470 1928 ac
481 1867 677 1928 salamandras
689 1869 807 1928 canisve
819 1866 929 1928 rabiosi
941 1884 1074 1928 morsus„

67 1952 207 2014 acetabuli
232 1969 368 2012 mensura
393 1971 480 2012 sucus
507 1955 613 2013 cviuu
635 1950 758 2027 bibitur,
788 1960 817 2012 et
837 1951 908 2014 iolia
929 1955 996 2013 trita
1018 1951 1066 2011 vel

41 2057 61 2098 an
69 2036 290 2098 conmanducata
312 2038 486 2116 inponuntur
509 2055 572 2096 cum
590 2036 678 2097 melle
695 2055 730 2097 ac
747 2035 808 2097 sale
830 2036 878 2097 vel
898 2056 961 2098 cum
982 2044 1066 2097 aceto

68 2131 93 2181 et
110 2124 177 2202 pice
200 2121 335 2181 decocta.
369 2138 440 2182 suco
458 2125 615 2201 perunctos
638 2129 686 2181 aut
708 2122 793 2182 etiam
808 2119 943 2183 habentis
960 2129 1069 2200 negant

67 2205 140 2266 leriri
152 2205 191 2267 ab
207 2205 254 2267 bis
268 2205 436 2284 maleficiis,
453 2207 672 2284 serpentisque,
690 2207 715 2265 si
729 2215 826 2266 uratur
841 2215 920 2284 ruta,
934 2206 1067 2266 nidorem

68 2292 173 2369 lugere.
209 2289 414 2351 efficacissima
438 2299 533 2350 tamen
556 2300 600 2351 est
625 2289 770 2352 silvestris
791 2289 874 2350 radix
896 2309 958 2351 cum
978 2292 1110 2354 vin0134

68 2384 181 2455 sumpta.
217 2373 340 2435 eandem
361 2375 485 2435 adiciunt
507 2375 704 2435 efficaciorem
724 2392 791 2435 esse
815 2374 867 2435 sub
891 2375 938 2436 diu
960 2383 1065 2454 potam.

39 2459 243 2538 uPytbagoras
263 2467 293 2518 ct
314 2460 343 2518 in
364 2459 419 2520 bac
441 2478 549 2520 marem
569 2458 726 2519 minoribus
743 2459 938 2539 herbaceique
958 2459 1067 2519 coloris

66 2545 136 2605 loliis
150 2563 169 2605 a
186 2543 295 2604 lemiua
311 2543 459 2604 discrevit.
482 2562 544 2605 eam
556 2542 724 2604 laetioribus
739 2543 819 2604 loliis
831 2551 859 2604 et
875 2543 976 2604 colore
992 2543 1068 2602 idem

67 2629 151 2689 oculis
167 2629 288 2690 noxiam
304 2629 423 2706 putavit,
439 2628 554 2704 falsum,
571 2629 704 2706 quoniam
715 2628 880 2707 scalptores
896 2637 924 2688 et
937 2629 1068 2706 pictores

66 2713 116 2774 boc
130 2713 198 2774 cibo
214 2721 332 2773 utuntur
349 2713 499 2773 oculorum
516 2730 603 2773 causa
620 2729 683 2772 oum
700 2729 776 2791 pane
789 2711 837 2772 vel
852 2713 1003 2787 nasturtio,
1020 2727 1067 2770 ca-

68 2815 130 2876 prae
146 2815 268 2878 quoque
286 2797 438 2858 silvestres
453 2805 576 2876 propter
590 2797 699 2873 visum,
717 2805 748 2856 ut
763 2797 849 2857 aiunt.
877 2796 959 2856 multi
975 2813 1047 2856 suco
1059 2801 1109 2856 135

40 2884 121 2943 cneius
137 2901 203 2944 cum
218 2881 309 2942 melle
324 2880 423 2942 Attico
438 2882 546 2942 inuncti
564 2881 763 2942 discusserunt
776 2881 927 2959 caligines,
942 2880 991 2941 vel
1005 2899 1069 2941 cum

68 2966 134 3027 lacte
154 2966 290 3028 mulieris
307 2983 427 3045 puerum
442 2968 565 3040 enixae,
583 2965 632 3025 vel
649 2982 722 3044 puro
744 2983 816 3026 suco
837 2965 949 3044 angulis
967 2964 1067 3025 oculo-

68 3069 120 3110 rum
133 3053 232 3113 tactis.
257 3050 416 3130 epiphoras
433 3069 496 3110 cum
512 3050 629 3129 polenta
644 3050 769 3128 inposita
781 3050 868 3128 lenit,
883 3052 950 3111 item
968 3051 1070 3128 capitis

69 3134 180 3197 dolores
203 3144 275 3216 pota
297 3153 362 3195 cum
383 3135 450 3195 uino
472 3144 519 3196 aut
542 3143 604 3195 cum
627 3141 712 3194 aceto
736 3143 765 3194 ct
785 3139 911 3196 rosaceo
931 3133 1026 3212 inlita,
1045 3135 1069 3192 si

67 3238 131 3281 reno
151 3222 189 3281 sit
208 3219 386 3300 cephalaea,
407 3237 470 3280 cum
490 3219 582 3280 farina
603 3218 768 3279 hordeacea
789 3229 817 3278 et
833 3227 928 3280 aceto.
964 3217 1066 3278 eadem

41 3303 220 3366 ascruditates
236 3301 354 3366 discutit
370 3321 438 3365 mox
455 3313 484 3364 et
501 3304 675 3380 inflationes,
695 3303 816 3364 dolores
830 3301 972 3364 'stomachi
987 3309 1067 3361 vete·

67 3407 120 3450 res.
147 3391 252 3452 volvas
271 3391 366 3470 aperit
382 3391 560 3470 corrigitque
575 3407 735 3450 conversas
751 3389 831 3448 inlita
846 3391 874 3448 in
889 3387 976 3448 melle
988 3395 1111 3452 totoroo

4 3511 6 3560 ,
69 3483 164 3535 ventre
180 3483 212 3536 et
230 3483 362 3555 pectore.
395 3473 563 3553 hydropicis
579 3492 643 3535 cum
659 3473 715 3534 lico
733 3482 763 3534 st
785 3473 909 3534 decocta
931 3471 966 3532 ad
990 3469 1068 3530 dimi·

4 3563 6 3616 t
70 3557 124 3619 dias
139 3562 231 3639 partis
246 3567 376 3639 potaque
392 3577 429 3620 ex
443 3561 521 3620 vino.
545 3560 588 3619 sic
600 3557 705 3619 bibitur
717 3567 746 3618 et
758 3556 794 3619 ad
807 3557 936 3636 pectoris
950 3555 1068 3616 dolores

4 3631 6 3710 Ι
107 3648 404 3714 rnun.nnr.u1sr.lll,
866 3641 904 3702 ’14
