2396 3900
283 237 363 287 uun.
378 239 468 288 ausu.
482 240 568 288 xvn.
586 237 629 290 aa.
649 223 722 310 (35.)
977 229 1032 292 791

34 401 146 452 cuonem
165 403 195 453 et
216 395 302 454 canis
321 403 414 456 crtum
434 404 463 455 et
484 397 670 474 nigrescente
693 397 786 456 acino.
822 396 936 475 quidam
957 399 996 458 ita
1008 407 1059 464 189

34 477 219 538 determinant:
251 487 386 539 ueterem
406 480 499 542 semel
515 497 531 540 a
546 479 690 540 vindemia
705 491 771 541 ante
788 480 930 556 brumam,
952 501 1016 543 curn

33 561 69 620 elii
85 561 260 640 ablaqueare
280 572 313 622 et
330 571 497 624 stercorare
513 565 582 624 satis
599 562 716 644 putent,
731 566 844 626 iterum
866 566 902 626 alr
922 565 1015 628 idibus

33 646 130 724 Aprilis,
149 657 308 726 antequam
325 649 468 727 concipit,
486 649 544 709 lroc
560 658 606 710 est
621 650 649 708 in
663 663 709 709 vt.
729 649 792 711 idus
815 649 915 713 Maias.
949 651 1016 712 dein

17 731 92 808 sprius
104 749 191 809 quarn
206 731 317 792 llorere
333 733 451 811 incipiat
467 742 496 793 et
513 749 577 793 cunr
599 733 768 795 defloruerit
791 743 822 794 et
836 735 966 795 variante
981 753 1015 795 se

32 831 80 874 ura.
105 817 265 894 peritiores
281 816 440 893 adfirmant,
457 818 572 890 eiiustc
585 819 703 896 saepius
716 818 852 894 fodiatur,
867 820 896 877 in
908 827 1015 882 tantum

32 907 204 960 tenerescere
217 902 320 962 acinos
331 910 362 960 ut
373 911 548 980 rumpantur.
573 919 647 980 quae
660 902 804 963 fodiantur
819 911 885 963 ante
900 902 1014 964 ferven-

32 983 151 1044 tislrcras
169 985 229 1046 diei
252 985 408 1046 fodiendas
427 987 577 1062 conuertit,
603 987 687 1048 sicuti
709 987 798 1048 lutum
818 1003 914 1065 neque
930 1004 1014 1048 arare

32 1085 105 1147 neque
118 1068 246 1144 fodere,
264 1069 563 1148 fossioncpnfuerenr
578 1072 735 1130 excitatum
751 1080 852 1132 contra
867 1071 947 1132 soles
963 1089 1013 1132 ne·

31 1151 153 1232 tutasque
168 1153 326 1232 prodesse.
358 1154 416 1233 {tel
439 1154 616 1234 Pampinatio
638 1171 728 1215 verna
747 1156 775 1214 in
795 1155 933 1216 confesso
950 1165 995 1216 est
1005 1165 1058 1220 190

33 1235 58 1294 ab
71 1236 161 1298 idibus
179 1235 274 1313 idolis,
289 1239 364 1298 intra
379 1237 443 1297 (lies
462 1253 497 1314 x,
520 1240 619 1319 utique
638 1247 791 1318 antequam
814 1238 923 1299 florere
943 1241 1012 1299 inci·

32 1322 88 1398 piat,
107 1331 139 1382 et
162 1341 228 1384 eam
245 1322 321 1382 iufra
336 1323 432 1399 lupum
448 1323 559 1382 dehere
582 1322 655 1382 fieri.
690 1324 727 1383 de
742 1333 884 1402 sequente
902 1325 1014 1384 variant

34 1407 184 1466 sententiae.
217 1425 280 1466 cunr
296 1405 481 1482 defloruerit,
498 1406 586 1486 aliqui
603 1407 823 1486 pampinandum
839 1417 948 1486 putant,
965 1408 1014 1468 alii

33 1488 71 1548 eud
85 1493 148 1570 ipsa
163 1493 338 1552 maturitate.
363 1491 417 1550 sed
430 1491 466 1551 de
478 1490 523 1550 his
535 1489 653 1551 Catonis
668 1501 828 1570 praecepta
844 1491 1010 1552 decernent.

10 1612 19 1632 2
32 1589 133 1654 nmque
147 1585 176 1636 et
187 1577 367 1654 putationum
381 1575 520 1636 medenda
531 1576 606 1636 ratio
619 1584 673 1635 est.
703 1576 762 1654 [19]
776 1575 908 1636 Protinus
923 1577 1053 1640 lrancldl

33 1660 194 1736 ariademia,
210 1658 263 1719 ubi
275 1660 352 1720 caeli
362 1667 448 1738 tepor
462 1660 604 1738 indulget,
615 1658 791 1720 adoriuntur.
814 1659 867 1720 sed
879 1659 936 1720 hoo
950 1660 1012 1719 lieri

31 1760 161 1822 numquam
175 1744 267 1805 debet
282 1745 398 1804 ratione
413 1753 535 1805 natrrraa
547 1753 614 1804 ante
632 1752 764 1804 exortum
783 1743 914 1822 aquilae,
937 1751 967 1804 ut
984 1745 1012 1802 in

32 1827 136 1888 siderum
151 1830 249 1890 causis
264 1827 434 1889 docebimus
450 1846 592 1908 proxumo
612 1827 773 1902 volumine,
796 1830 880 1887 immc
902 1845 973 1887 vero
987 1851 1054 1893 aaa

31 1909 144 1989 feronio,
169 1913 304 1992 qnoniam
324 1930 434 1990 anceps
456 1913 541 1991 culpa
565 1913 601 1972 sit
616 1929 834 1990 praeproperae
852 1911 1011 1972 festinatio·

43 1995 72 2054 ‘a
109 1999 138 2056 Si
164 1999 281 2058 saucias
308 1997 580 2057 recentimcdicina
600 1997 731 2056 mordeat
749 1995 889 2073 quaedam
909 1996 1011 2056 hiemis

32 2081 170 2158 ruminatio,
188 2091 300 2142 certum
315 2090 497 2158 estgemrnas
514 2098 612 2142 aarum
626 2080 738 2158 frigore
749 2079 880 2140 hebetari
895 2080 1010 2159 plagas·

33 2179 76 2240 que
88 2165 150 2225 indi
165 2175 197 2226 et
213 2166 290 2226 caeli
306 2166 376 2225 vitio
394 2166 476 2226 esuri
493 2165 597 2225 oculos
613 2163 731 2224 lacrima
746 2163 920 2226 destillante.
947 2183 1011 2225 nam

32 2247 87 2322 gelu
104 2249 214 2328 fragilis
236 2250 306 2310 lieri
322 2251 387 2328 quis
409 2247 524 2309 nescit?
562 2247 722 2328 Operarurrr
744 2249 800 2308 iata
820 2251 988 2328 conputatio
1003 2257 1057 2312 192.

33 2333 102 2392 estin
116 2333 283 2410 latifundiis,
301 2350 359 2393 non
374 2333 504 2410 legitima
518 2342 636 2393 naturae
653 2332 811 2392 festinatio.
842 2350 898 2410 quo
921 2341 1010 2392 matu·

27 2415 78 2476 ¹rius
99 2427 230 2497 putantur
251 2419 326 2497 aptis
351 2417 474 2494 dicbus,
498 2434 534 2477 eu
556 2417 622 2496 plus
637 2419 776 2478 materiae
797 2416 932 2492 fundunt,
952 2434 1009 2494 quo

31 2502 115 2582 serius,
129 2519 165 2562 eo
181 2503 308 2564 fructum
324 2502 500 2563 uberiorem.
530 2518 620 2581 quare
635 2517 749 2561 neacras
761 2502 842 2579 prius
857 2501 1011 2560 conveniat

31 2594 122 2660 putere.
145 2588 260 2648 validas
274 2588 442 2647 nouissime.
469 2586 585 2664 plagam
601 2603 713 2645 omnem
729 2585 876 2663 obliquam
891 2584 964 2660 lieri,
980 2592 1011 2642 ut

31 2667 101 2729 facile
114 2671 250 2732 decidant
266 2671 387 2748 imbres,
404 2679 435 2731 et
450 2670 486 2730 ad
501 2680 606 2730 terram
621 2672 694 2730 verti
711 2687 794 2748 quarn
806 2669 952 2729 levissima
971 2670 1009 2727 ci·
1102 2705 1108 2715 -

34 2755 121 2814 catice
134 2757 199 2816 acie
215 2755 302 2816 falcis
323 2763 428 2816 exacta
445 2755 591 2834 plagaque
615 2753 783 2834 conlevata,
801 2753 893 2813 recidi
914 2762 1010 2813 autern

34 2837 128 2916 tenpe'r
142 2842 220 2900 inter
235 2839 467 2916 duasgemmas,
492 2857 530 2899 ne
557 2839 593 2898 sit
620 2839 724 2898 volnus
751 2838 844 2898 oculis
864 2839 893 2896 in
914 2839 1010 2897 recisa

33 2931 104 2996 perte.
129 2925 245 3002 nigram
261 2943 329 2984 esse
345 2942 408 2984 eam
420 2924 590 2998 ⁸existimant
605 2931 635 2982 et
651 2923 746 2982 donec
761 2921 795 2980 ad
808 2924 923 3000 sincera
938 2930 1059 2985 vce-193·

33 3003 104 3066 tittm
130 3008 335 3083 recidendam,
363 3009 497 3086 moniam
519 3026 535 3067 e
561 3007 668 3067 vitioso
699 3007 819 3066 materia
849 3007 925 3066 utilis
952 3024 1010 3066 non

34 3099 108 3150 creat.
133 3095 159 3152 si
173 3111 273 3154 macra
286 3093 487 3154 vitisidoneos
501 3092 636 3171 palmites
651 3109 709 3151 non
722 3089 838 3165 habeat,
852 3091 887 3151 ad
903 3101 1009 3151 terram

34 3175 103 3236 recidi
118 3195 182 3238 earn
197 3195 351 3255 novosque
367 3177 435 3238 clici
449 3177 638 3238 utilissimum.
672 3176 700 3234 in
722 3176 936 3254 pampinatione
951 3191 1007 3233 non

33 3251 73 3317 dos
91 3261 243 3324 detrahere
264 3263 416 3342 pampinos
435 3264 485 3342 qui
506 3279 569 3322 curn
592 3278 648 3320 uva
668 3261 740 3334 sint,
763 3259 791 3320 id
813 3261 917 3319 etenim
937 3275 1007 3316 uvas

34 3345 180 3422 supplantat
193 3355 397 3426 praeterquam
412 3348 441 3406 in
455 3345 572 3407 novella
590 3346 684 3404 vinea.
717 3343 832 3404 inutiles
850 3343 1008 3402 iudicantur

33 3425 54 3482 in
66 3427 150 3490 latere
163 3433 232 3509 nati,
247 3449 303 3492 non
320 3432 356 3492 ab
372 3431 471 3506 oculo,
489 3432 598 3510 quippe
616 3432 701 3490 etiam
716 3446 772 3488 uua
788 3445 861 3506 quae
876 3433 1009 3484 nascatur

33 3511 121 3572 eduro
134 3516 317 3594 algescente,
339 3524 371 3576 ut
391 3517 446 3576 nisi
467 3515 546 3576 ferro
565 3513 676 3574 detrahi
693 3529 749 3573 nou
765 3513 867 3590 possit.
899 3509 1058 3571 Pede-194
