2396 3922
267 221 347 269 aar.
363 221 454 270 urar.
470 221 565 270 xxm.
582 221 609 274 a
624 219 651 272 4.
670 203 804 290 (ι-ιι.)
974 211 1034 274 1⁰3
1080 248 1085 263 ι

36 383 80 434 tot
97 390 190 451 reges
206 374 354 453 diagerum
368 377 468 454 paucis
487 373 654 452 legionibus
678 374 844 438 sterneret?
866 396 954 439 curve
975 380 1035 440 llo·

37 459 115 517 marri
132 458 221 518 duces
235 461 353 537 primam
371 475 487 544 semper
503 461 532 519 in
549 459 634 519 bellis
649 464 887 522 commerciomm
906 461 1035 523 habuere

16 537 149 617 'curiam
177 559 229 601 cur
247 541 382 603 Caesaris
402 542 486 602 miles
507 543 542 602 ad
563 542 738 606 Pharsaliam
758 544 861 605 iamem
876 546 983 622 sensit,
1008 549 1035 606 si

36 625 211 686 abundantia
241 627 332 684 omnis
357 627 526 704 contingere
552 629 634 687 unius
654 630 762 689 barbae
781 628 923 689 felicitate
949 638 1034 708 pote-

16 707 101 770 arat?
133 725 191 768 non
209 711 299 771 satius
314 709 367 769 iuit
380 709 571 769 Aemilianum
586 712 752 790 Scipionem
769 710 950 790 Carthaginis
966 731 1034 791 por·

36 802 78 852 tas
111 792 206 852 herba
233 793 403 871 patefacere
432 811 515 870 quam
536 795 672 854 machinis
695 797 818 857 claustra
846 815 901 874 per
921 805 964 855 tot
984 815 1035 857 au·

36 893 87 934 nos
112 874 259 953 quatere?
289 879 434 937 siccentur
461 877 547 936 hodie
569 877 700 940 Meroide
722 879 890 958 Pomptinae
912 879 1036 956 paludes
1121 949 1123 955 Ι

36 967 204 1036 tantumque
239 962 303 1036 agri
333 959 513 1020 suburbanae
550 962 686 1022 reddatur
711 961 821 1023 ltaliae.
868 979 931 1022 nam
959 981 1036 1040 quae

37 1042 111 1121 apud
130 1044 256 1102 eundem
270 1043 466 1104 Democritum
474 1045 625 1108 invenitur
647 1048 810 1124 conpositio
835 1046 1035 1106 medicamenti

8 1137 91 1202 ttquo
108 1126 227 1204 pulchri
243 1126 368 1205 bonique
385 1137 414 1186 et
431 1129 565 1188 iortunati
580 1129 734 1204 gignantur
744 1129 829 1189 liberi
843 1131 888 1189 cui
904 1147 1036 1206 umquam

36 1209 193 1268 Persarum
211 1212 275 1287 regi
291 1210 356 1270 talis
374 1211 474 1274 dedit?
519 1213 619 1271 mirum
635 1222 715 1273 esset
732 1213 865 1293 proiecto
881 1211 1080 1290 bucusqoeto
1143 1221 1151 1242 ·

37 1293 205 1370 proiectam
231 1293 430 1354 credulitatem
452 1296 631 1372 antiquorum
652 1296 847 1356 saluberrimis
871 1305 961 1357 ortam
983 1297 1034 1355 ini·

8 1419 10 1454 ξ
34 1377 90 1452 tiis,
108 1378 135 1435 si
151 1378 181 1436 in
198 1377 257 1438 ulla
274 1396 307 1436 re
320 1377 434 1436 modum
450 1377 570 1438 humana
584 1379 699 1455 ingenia
716 1382 865 1440 novissent
880 1389 965 1457 atque
977 1397 1036 1438 nou

35 1459 108 1520 banc
124 1463 223 1538 ipsam
237 1461 405 1522 medicinam
421 1460 456 1520 ab
469 1460 647 1538 Asclepiade
659 1473 804 1542 repertam
821 1463 968 1542 probaturi
981 1480 1035 1522 suo

8 1543 103 1604 ttloco
121 1561 256 1604 essemus
270 1554 402 1604 evectum
419 1545 492 1604 ultra
506 1544 609 1621 llagos
625 1548 719 1606 etiam.
747 1545 827 1608 llaec
847 1555 893 1606 est
910 1548 986 1606 omni
1006 1549 1036 1604 in

35 1646 65 1685 re
87 1628 250 1687 animorum
272 1626 422 1703 condicio,
442 1636 473 1686 ut
498 1647 513 1687 a
534 1633 707 1688 necessariis
729 1647 797 1691 orsa
815 1631 907 1708 primo
931 1639 1035 1688 cuncta

8 1753 9 1788 3
35 1711 227 1786 pervenerint
242 1711 277 1770 ad
292 1713 415 1770 nimium.
461 1711 548 1787 igitur
562 1711 815 1774 demonstratarum
837 1714 936 1793 priore
957 1711 1034 1772 lrbro

8 1815 10 1890 p
34 1792 192 1853 herbarum
206 1794 336 1871 reliquos
359 1795 481 1854 eliectns
502 1795 654 1854 reddemus
676 1795 835 1856 adicientes
856 1804 886 1854 ut
903 1813 1035 1874 quasque

34 1877 107 1935 ratio
125 1876 258 1936 dictabit.

8 1961 29 2024 tt
96 1961 187 2038 (10.)
214 1960 272 2020 Sed
297 1963 325 2020 io
347 1961 468 2020 lichenis
490 1961 627 2020 remediis
649 1969 734 2040 atque
761 1971 818 2022 tam
838 1962 925 2032 ioedo
954 1960 1030 2021 malo
1041 1971 1076 2026 21
1163 1997 1166 2004 ·

35 2042 118 2118 plura
141 2042 266 2120 undique
286 2043 485 2104 aberrabimus
511 2062 679 2122 quamquam
706 2061 763 2104 non
786 2047 885 2123 paucis
906 2047 960 2104 iam
985 2045 1034 2104 de

34 2128 215 2184 monstratis.
246 2127 376 2187 medetur
390 2143 462 2204 ergo
481 2126 619 2205 plantago
635 2130 715 2204 trita,
731 2129 972 2207 quinquefolium,
988 2146 1035 2187 ra-

37 2207 81 2267 dix
102 2206 204 2268 albuci
224 2228 261 2269 ex
283 2219 385 2284 aceto,
417 2211 514 2270 ficulni
538 2211 636 2271 caules
662 2221 748 2271 aceto
770 2211 902 2293 decocti,
929 2212 1034 2271 hibisci

36 2292 120 2351 radix
138 2309 204 2350 cum
219 2294 329 2368 glutino
347 2303 376 2352 et
396 2303 480 2353 aceto
499 2296 559 2353 acri
573 2294 694 2354 decocta
718 2294 753 2353 ad
777 2305 904 2373 quartas:
945 2295 1033 2354 deiri·

9 2382 139 2434 scantur
154 2378 240 2436 etiam
256 2378 379 2456 pumice,
394 2387 424 2437 ut
441 2379 557 2436 rumicis
571 2377 653 2436 radix
669 2379 734 2436 trita
751 2396 788 2436 ex
800 2387 883 2438 aceto
899 2377 1035 2437 inlinatur

37 2466 63 2516 et
81 2458 144 2518 dos
158 2460 231 2518 visci
246 2477 309 2519 cum
326 2460 408 2520 calce
425 2459 570 2520 subactus.
600 2460 742 2520 Laudatur
757 2469 786 2518 et
807 2459 944 2534 tithymali
965 2453 1078 2520 conruit
1171 2459 1173 2463 ’

35 2543 132 2600 resina
149 2541 317 2618 decoctum,
342 2543 438 2603 lichen
453 2561 524 2602 vero
540 2543 629 2602 herba
648 2543 778 2603 omnibus
800 2543 844 2601 his
860 2542 1032 2619 praefertur,

35 2624 100 2683 inde
118 2627 233 2684 nomine
251 2628 377 2686 invento.
416 2629 544 2686 nascitur
565 2629 593 2685 in
609 2629 705 2702 saxis,
731 2626 802 2685 iulio
821 2642 877 2684 unu
898 2624 934 2683 ud
955 2625 1033 2682 radi-

38 2725 100 2767 cem
119 2708 191 2782 lato,
208 2709 292 2768 caule
305 2726 361 2770 uno
378 2726 480 2787 parvo,
497 2710 593 2786 longis
608 2709 686 2770 loliis
702 2707 940 2787 dependentibus.
958 2706 1034 2766 baec

9 2790 116 2850 ardelet
129 2799 160 2850 et
175 2794 317 2868 stigmata,
333 2794 435 2852 teritur
451 2811 514 2851 eum
528 2793 624 2852 melle.
670 2792 723 2852 Est
744 2789 819 2851 aliud
834 2807 926 2866 genus
942 2790 1032 2850 liche-

37 2875 90 2952 nis,
109 2877 202 2952 petris
217 2883 307 2934 totum
325 2875 485 2936 adhaerens
500 2885 530 2935 ιιι
545 2893 675 2951 muscus,
697 2876 746 2952 qui
769 2883 797 2933 et
818 2875 881 2952 ipse
897 2873 1038 2934 inlinitur.¹

36 2957 82 3017 bic
98 2967 130 3017 et
145 2959 313 3034 sanguinem
329 2961 403 3018 sistit
425 2959 593 3022 volneribus
615 2958 766 3017 instillatus
790 2966 819 3016 et
838 2956 1033 3018 collectiones

37 3041 142 3100 inlitus.
178 3041 309 3102 morbum
324 3058 442 3120 quoque
456 3044 566 3120 regium
584 3059 647 3102 cum
667 3040 755 3100 melle
770 3049 850 3100 sanat
875 3057 926 3101 ore
948 3040 1032 3101 inlito

38 3133 64 3182 et
78 3124 187 3200 lingua.
218 3127 265 3202 qui
282 3127 321 3190 ita
337 3133 470 3185 curentur
485 3142 558 3203 aqua
574 3125 651 3184 salsa
665 3125 755 3186 lavari
776 3124 921 3200 iubentur,
942 3125 1032 3199 ungui

10 3206 104 3266 anteo
119 3208 316 3285 amygdalino,
338 3208 493 3269 hortensiis
514 3209 669 3268 abstinere.
703 3207 749 3267 Ad
769 3207 897 3268 lichenas
919 3216 948 3267 et
969 3203 1031 3266 tuat

39 3293 118 3369 psiae
132 3293 232 3363 radice
247 3301 361 3352 utuntur
374 3294 440 3353 trita
458 3310 521 3351 cum
535 3291 632 3351 melle.

98 3374 182 3452 (11.)
205 3376 338 3453 Argiuae
352 3377 517 3454 argemonia
537 3376 666 3435 medetur
682 3385 792 3454 sumpta
808 3393 845 3434 ex
863 3375 948 3447 rino,
974 3373 1026 3448 hp·
1037 3383 1076 3440 23

39 3473 139 3537 napum
156 3477 219 3520 cum
233 3461 289 3520 lico
307 3460 460 3522 decoctum
475 3469 504 3520 et
518 3461 738 3537 gargarizatum,
754 3455 950 3539 peucedanum
965 3475 1032 3518 cum
