2370 3922
163 241 204 304 36
488 254 517 302 c.
535 255 631 311 eninr
645 253 796 302 sncuunr

163 408 217 467 bus
235 407 385 468 solvantur
406 410 542 486 nitroque
557 407 736 467 conluantur,
766 407 879 484 quidam
893 408 922 466 id
948 407 1089 485 religione
1105 407 1141 488 el·

164 492 279 550 licacius
295 492 358 550 lieri
381 501 480 570 putant
494 493 585 571 prima
595 491 660 550 luna
672 491 827 550 collectum
838 511 855 551 e
867 491 977 552 robore
987 492 1142 567 riualem,

165 575 189 632 si
206 582 312 634 terram
333 593 391 636 non
407 577 548 652 attingat,
564 573 757 634 comitialibus
770 574 901 650 mederi,
924 583 1093 652 conceptum
1106 574 1143 633 lc·

163 659 300 717 minarum
320 659 472 734 adunare,
502 661 526 717 si
549 660 664 718 omnino
687 669 785 716 secum
807 657 941 717 habeant.
974 657 1071 718 ulcera
1084 675 1144 716 con·

164 740 331 802 manducato
356 742 542 819 inpositoque
558 742 759 800 efficacissime
774 741 877 800 sanari.
1152 760 1173 800 ⁵

123 835 157 889 13
218 825 279 907 (7.)
322 823 461 908 Roboris,
478 825 583 901 pilulae
598 823 645 899 ea,
684 843 722 882 ex
743 824 828 903 adipe
851 841 924 884 vero
942 825 1040 884 ursino
1055 823 1146 900 alope

164 909 224 966 cias
250 907 356 986 capillo
382 908 505 986 replent.
538 905 622 967 Cerri
649 907 719 968 lolia
739 916 770 966 et
789 915 894 968 cortex
916 915 948 966 et
964 907 1049 983 glans
1066 907 1147 966 siccat

163 989 357 1052 collectiones
374 993 684 1069 suppurationesque,
717 989 868 1050 tluctioues
892 991 979 1049 sistit.
1011 991 1146 1068 torpentis

163 1073 356 1134 membrorum
382 1077 472 1151 partis
498 1075 674 1134 conroborat
700 1074 850 1134 decoctum
871 1075 934 1134 cius
958 1074 1042 1150 ictu,
1066 1075 1147 1133 cruet

65 1200 70 1211 .
164 1157 293 1218 insidere
314 1158 432 1235 expedit
454 1158 594 1218 siccandis
621 1157 872 1232 adstringendisve
899 1157 1042 1236 partibus.
1075 1155 1177 1238 noxa

165 1243 242 1300 cerri
258 1240 428 1300 adversatur
444 1242 657 1318 scorpionibus.

226 1323 286 1402 (8.)
318 1323 440 1384 Suberis
456 1333 559 1384 cortex
579 1326 663 1384 tritus
685 1343 723 1384 ex
741 1341 814 1401 aqua
831 1324 924 1384 calida
941 1332 1032 1403 potus
1046 1323 1149 1399 sangui·

165 1423 231 1464 nem
244 1406 382 1466 fluentem
399 1425 437 1466 ex
451 1408 587 1468 utralibet
599 1417 682 1486 parte
693 1409 778 1466 sistit.
808 1408 938 1467 eiusdem
950 1409 1024 1466 cinis
1042 1425 1080 1466 ex
1089 1407 1148 1465 vino

166 1489 259 1550 calido
275 1492 442 1566 sanguinem
459 1492 678 1552 exscreantibus
696 1507 875 1568 magnopere
890 1489 1031 1549 laudatur.

125 1581 159 1636 14
224 1575 253 1634 5.
277 1575 337 1652 (a.)
366 1573 436 1650 Fagi
451 1575 521 1634 lolia
536 1574 737 1634 manducantur
755 1575 785 1631 in
807 1575 989 1649 gingivarum
1004 1573 1177 1660 labiorum-p

168 1675 224 1734 que
239 1658 325 1716 vitiis.
338 1683 342 1694 ·
357 1657 475 1718 calculis
490 1658 601 1734 glandis
618 1657 751 1734 fagineae
763 1657 836 1715 cinis
850 1656 991 1732 inlinitur,
1010 1657 1081 1716 item
1095 1673 1148 1714 cun

93 1794 98 1808 .
166 1739 254 1800 melle
272 1740 423 1818 alopeciis.
892 1769 895 1772 ·

126 1835 158 1886 15
174 1853 180 1858 ·
232 1823 312 1900 (10.)
345 1821 485 1901 cupressi
500 1823 569 1883 lolia
585 1825 652 1882 trita
668 1824 846 1900 serpentium
857 1821 1150 1898 ictibnsinponuntur,

168 1914 198 1965 et
212 1907 299 1982 capiti
313 1905 522 1984 compulsum,
540 1909 563 1965 si
579 1925 596 1965 a
611 1907 675 1966 sole
690 1906 805 1982 doleat,-
822 1907 891 1966 item
911 1907 1023 1981 ramici,
1045 1922 1100 1982 qua
1121 1903 1151 1962 de
1176 1919 1177 1966 f

167 2005 251 2049 causa
263 1996 294 2047 et
307 1988 451 2048 bibuntur.
485 1991 601 2050 testium
616 2007 731 2066 quoque
746 1990 850 2048 tumori
865 2006 928 2046 cum
947 2005 1017 2048 cera
1038 1973 1177 2070 iulium-ff

167 2069 231 2146 tur,
253 2071 385 2149 capillum
407 2072 559 2149 denigrant
576 2092 614 2133 ex
635 2082 728 2132 aceto.
759 2072 860 2132 eadem
881 2072 1026 2130 tritacum
1049 2069 1150 2129 duabm
1175 2071 1177 2088 '

168 2153 299 2233 partibus
314 2155 395 2232 panis
413 2155 525 2231 mollis,
539 2175 556 2215 e
571 2158 639 2217 vino
654 2156 778 2216 Amineo
794 2155 914 2214 subacta
926 2154 1033 2232 pedum
1048 2171 1150 2213 acuer-

167 2254 269 2297 vorum
283 2237 402 2297 dolores
418 2238 527 2298 sedant.
560 2240 668 2318 pilulae
682 2240 821 2298 adversus
836 2240 1017 2314 serpentium
1030 2239 1104 2296 ictus
1116 2237 1150 2298 bi·

168 2321 290 2399 bnntur‚
316 2329 364 2381 aut
391 2323 415 2380 si
437 2324 558 2382 eiciatur
580 2325 713 2400 sanguis,
742 2321 967 2381 collectionibus
991 2321 1148 2380 inlinuntur.

168 2405 260 2464 ramiti
283 2422 398 2483 quoque
414 2413 533 2466 tenerae
549 2415 650 2466 tunsae
666 2425 728 2466 cum
743 2406 867 2482 axungia
883 2413 913 2463 et
937 2404 1069 2464 lomento
1090 2420 1177 2482 pro-a

169 2496 242 2549 sunt.
273 2489 409 2550 bibuntur
422 2507 460 2548 ex
479 2488 579 2548 eadem
593 2509 686 2549 causa.
712 2487 837 2567 parotidi
849 2495 881 2546 et
895 2495 1025 2548 strumae
1040 2505 1102 2548 cum
1116 2486 1149 2546 ia·

129 2584 162 2638 16
171 2574 233 2632 rina
261 2575 442 2652 inponuntur.
473 2574 641 2650 exprimitur
666 2591 750 2632 sucus
779 2572 870 2632 tunsis
893 2589 956 2630 cum
974 2573 1087 2632 semine
1108 2569 1148 2646 qui

168 2658 273 2718 mixtus
289 2657 357 2718 oleo
376 2656 529 2733 caliginem
544 2655 692 2716 oculorum
706 2655 809 2721 aufert.
838 2655 908 2720 itenn
922 2655 1072 2714 victoriati
1088 2670 1148 2730 pon·

169 2739 241 2810 dere
255 2743 285 2800 in
299 2742 466 2818 vino'potus
478 2737 633 2816 inlitusque
645 2740 708 2798 onim
723 2739 778 2798 lico
789 2738 866 2796 sicca
877 2738 997 2814 pingui,
1014 2736 1148 2812 exemptis

169 2824 284 2898 granis,
306 2825 375 2883 vitia
395 2824 511 2906 testium
533 2829 630 2898 sanat,
663 2831 790 2881 tumores
810 2821 927 2879 discutit
949 2828 979 2880 et
1009 2833 1074 2880 cum
1100 2821 1177 2878 ier-tn

169 2912 267 2963 mento
292 2914 422 2966 strumas.
455 2906 536 2966 radix
564 2923 626 2964 cum
645 2905 724 2965 loliis
750 2905 817 2963 trita
839 2912 967 2982 potaque
986 2905 1103 2964 vesicae
1124 2908 1150 2960 et

171 2989 351 3062 stranguriae
361 2991 509 3065 medetur,
524 2997 553 3047 et
569 2997 668 3047 contra
682 2986 841 3064 phalangia.
857 2996 986 3046 ramenta
1000 2996 1072 3066 pota
1082 3003 1149 3046 men·

171 3087 220 3131 ses
234 3071 328 3142 cient,
347 3076 531 3150 scorpionum
546 3071 651 3132 ictibus
666 3070 862 3130 adversantur.

130 3164 162 3218 17
238 3152 319 3231 (ll.)
350 3151 459 3213 Cedros
484 3171 603 3231 magna,
625 3170 708 3231 quam
721 3153 890 3216 cedrelaten
905 3162 1033 3229 vocant,
1052 3153 1097 3213 dat
1113 3153 1147 3230 pi·

171 3255 234 3298 cem
262 3251 334 3313 quae
360 3236 456 3296 cedria
474 3246 610 3313 vocatur,
646 3236 772 3296 dentium
793 3235 944 3296 doloribus
967 3236 1171 3296 utilissimamu

171 3301 277 3396 irarigit
291 3319 366 3378 enim
380 3335 432 3376 eos
448 3327 478 3378 et
493 3321 634 3398 extrahit,
659 3319 779 3381 dolores
795 3319 884 3380 sedat.
921 3320 1000 3378 cedri
1019 3337 1102 3378 sucus
1116 3333 1148 3376 ex

72 3435 81 3447 .
131 3424 158 3462 rs.
173 3423 196 3457 m
214 3420 248 3462 ca
265 3400 408 3478 quomodo
424 3401 509 3460 lieret
523 3403 659 3480 diximus,
682 3405 776 3480 magni
799 3403 835 3462 ad
855 3402 999 3462 volumina
1014 3421 1097 3478 usus,
1122 3401 1145 3458 ri

171 3487 257 3562 capiti
273 3483 404 3543 dolorem
419 3484 549 3546 interret.
582 3486 716 3552 defuncta
738 3504 864 3566 corpora
883 3488 1052 3564 incorrupta
1073 3485 1144 3544 aeris

115 3573 125 3604 l
