2370 3922
194 247 238 310 tt
540 260 571 309 c.
587 260 683 310 ecum
700 261 848 316 uacuum

193 411 543 556 lecimayclacmpormn,
572 433 635 476 cum
652 415 706 474 alia
725 431 778 476 auo
794 424 825 476 at
846 417 959 476 nomiae
981 415 1097 492 ederet,
1118 419 1181 493 quis

193 497 296 558 credat

149 591 206 646 lio
268 579 373 664 (toa.)
404 581 563 642 Democriti
578 591 660 642 certe
675 581 851 642 chirocmeta
873 601 942 642 arse
956 589 1073 642 constat.
1110 589 1140 639 at
1153 583 1182 640 in

192 664 238 722 his
262 665 313 738 ille
336 674 405 744 post
433 664 624 742 Pythagoram
650 663 799 743 Magorum
826 666 1050 724 studiosissimus
1074 672 1183 740 qnmtc

191 750 416 825 portentosiora
433 748 534 808 tradit!
551 747 748 826 aglaophotim
766 749 895 825 herbam,
907 765 980 825 quae
994 747 1182 807 admiratione

193 829 340 890 horricum
353 839 477 909 propter
494 833 628 891 eximium
641 831 770 892 colorem
784 835 932 909 acceperit
945 849 1059 906 nomen,
1073 832 1174 888 inmas

192 914 323 974 moribus
338 915 468 974 Arabiae
486 923 654 975 nascentem
667 913 787 974 Persico
804 915 914 990 latere,
932 932 988 991 qua
1002 914 1142 973 decausa
1157 922 1184 973 et

192 998 377 1056 marmaritim
404 999 512 1057 uocari.
554 998 608 1057 hnc
621 995 724 1074 hlagos
746 1000 805 1074 uti,
835 1015 899 1057 cum
921 996 1013 1058 velint
1026 997 1102 1056 deos
1119 1013 1183 1055 evo-

46 1062 50 1071 *
151 1090 292 1144 161cnre.
322 1078 538 1140 Achaemenide
552 1079 654 1141 colore
670 1081 773 1140 electri
788 1083 853 1141 sine
868 1081 942 1141 lolio
962 1082 1043 1140 nasci
1067 1082 1099 1138 in
1122 1078 1182 1138 Prn-

192 1162 305 1222 dastilis
328 1161 443 1239 Indiae,
470 1165 552 1222 cuius
577 1165 674 1224 radice
689 1165 719 1223 in
736 1165 870 1241 pastillos
891 1164 1006 1240 digesta
1027 1165 1057 1222 in
1079 1164 1181 1246 dicque

194 1253 263 1322 pota
285 1247 314 1304 in
337 1248 406 1305 vino
424 1248 508 1305 'noxii
534 1263 587 1325 per
602 1248 751 1306 cruciatus
775 1255 861 1307 nocte
881 1247 1075 1306 confiteantur
1097 1249 1184 1306 omnia

39 1335 42 1351 '
91 1336 94 1341 “
194 1330 358 1405 pervarias
382 1331 526 1388 numinum
554 1332 792 1407 imaginationes,
819 1331 940 1390 eandem
961 1327 1183 1408 hippophobada

150 1411 350 1489 louappellat,
366 1415 501 1489 quoniam
515 1427 610 1490 equae
627 1417 784 1492 praecipue
807 1421 928 1473 careant
943 1431 1015 1473 eam.
1036 1411 1183 1473 Theohro

194 1497 256 1553 tion
286 1493 371 1553 XXX
393 1495 530 1577 schoenis
552 1514 569 1554 a
590 1495 726 1574 Choaspe
741 1499 831 1573 nasci,
845 1513 989 1575 pauonum
1007 1498 1134 1574 picturis
1153 1498 1184 1555 si·

191 1577 306 1654 milem,
331 1578 424 1638 odore
439 1581 556 1639 eximio.
576 1578 648 1638 hanc
662 1588 757 1640 autem
774 1597 790 1639 a
806 1580 928 1656 regibus
940 1578 1101 1640 Persarum
1115 1597 1184 1638 con-

192 1662 240 1722 edi
263 1669 312 1720 aut
333 1661 395 1721 bibi
417 1671 519 1722 contra
537 1665 630 1722 omnia
641 1680 797 1741 corporum
812 1663 1004 1740 incommoda,
1020 1663 1184 1724 instabilita-

193 1753 252 1804 tem
268 1747 391 1821 mcntis,
409 1746 530 1806 eandem
546 1748 678 1805 semnion
701 1765 718 1805 a
739 1749 889 1825 potentiae
910 1747 1068 1806 maiestate
1092 1745 1181 1824 appel·

192 1827 255 1886 lari.
292 1828 388 1888 Aliam
415 1829 518 1889 deiude
548 1829 721 1889 adamantida
742 1831 897 1889 Armeniae
924 1827 1183 1908 Cappadociaeque

192 1911 343 1971 alumnam.
361 1911 415 1971 hac
430 1913 542 1972 admota
559 1912 663 1972 leones
680 1913 841 1990 resupinari
857 1930 919 1972 cum
937 1912 1017 1974 hiatu
1030 1913 1124 1972 lasso.
1142 1927 1183 1971 ao

191 1996 277 2052 minis
291 2013 406 2052 caesam
422 2013 489 2055 esse
506 1997 582 2073 quod
597 1998 710 2057 conteri
727 2004 860 2073 nequeat.
894 1997 1035 2056 Arianida
1057 1999 1087 2055 in
1111 1997 1184 2056 Aria*

192 2079 238 2134 nis
253 2079 335 2152 gigni
352 2080 467 2153 igneam
480 2079 599 2155 colore,
620 2079 735 2156 colligi,
756 2095 819 2140 curn
834 2079 879 2138 sol
900 2081 929 2136 in
950 2079 1042 2140 laone
1065 2083 1114 2139 sit.
1143 2079 1181 2137 hu·

149 2169 203 2224 163
215 2161 259 2216 ius
280 2167 356 2218 tactu
371 2170 512 2237 peruncta
527 2161 595 2222 oleo
612 2162 689 2239 ligna
703 2162 828 2224 accendi.
858 2162 1047 2224 Pheronarca
1072 2166 1106 2221 in
1122 2160 1182 2238 Cap·

192 2242 314 2319 padocie
329 2250 359 2302 et
377 2241 470 2318 llysia
486 2255 625 2306 nascente
642 2249 732 2305 omnis
753 2246 831 2305 ieras
852 2253 1028 2324 torpescere
1052 2264 1112 2306 nec
1137 2244 1180 2304 nid

191 2325 421 2400 hyaenaeurina
437 2327 577 2405 adspersa
592 2332 732 2404 recreari,
747 2329 923 2407 Aethiopida
935 2331 964 2388 in
975 2327 1083 2390 hieroe
1100 2329 1178 2402 nasci,

73 2409 74 2414 ’
192 2410 231 2468 ob
247 2409 277 2468 id
294 2416 324 2469 et
340 2407 473 2471 hleroida
489 2408 641 2489 appellari,
658 2413 732 2474 lolio
749 2412 896 2488 lactucae,
911 2412 1085 2490 hydropicis
1098 2412 1184 2472 utilia

191 2494 290 2552 simam
305 2494 429 2553 emulso
444 2502 550 2572 potam.
575 2494 723 2572 ophiusam
738 2493 966 2574 inElephantine
983 2495 1121 2556 eiusdem
1131 2495 1178 2554 Ac·

192 2577 339 2654 thiopiac,
357 2577 472 2637 lividam
489 2577 692 2656 difficilemque
708 2578 862 2656 adspectu,
877 2597 934 2655 qua
951 2588 1024 2656 pota
1042 2587 1179 2639 terrorem

191 2662 340 2738 minasque
358 2663 535 2739 serpentium
554 2662 704 2720 obversari
719 2664 759 2720 ita
777 2670 807 2722 ut
823 2670 946 2722 mortem
964 2663 1023 2722 sibi
1050 2679 1089 2722 eo
1111 2669 1178 2722 mett

190 2747 391 2820 consciscant,
413 2744 451 2804 ob
471 2743 500 2803 id
520 2746 586 2820 cogi
608 2744 769 2821 sacrilegos
794 2744 872 2803 illam
886 2744 1011 2821 bibere,
1036 2741 1177 2805 adversari

148 2834 202 2887 lea
213 2834 309 2885 autern
320 2830 348 2888 ei
361 2828 503 2906 palmeum
514 2830 617 2886 viuum.
634 2825 860 2904 Thalassaeglen
871 2830 948 2887 circa
960 2828 1064 2888 ludum
1075 2843 1183 2890 amnem

190 2909 327 2984 inveniri,
343 2929 416 2987 quae
433 2911 471 2971 ob
486 2911 516 2971 id
531 2912 647 2970 nomine
664 2911 720 2970 alio
736 2913 916 2988 potamaugis
931 2912 1120 2989 appellatur,
1135 2912 1177 2972 luc

191 2995 262 3067 pota
285 2990 425 3069 lymphari
450 2995 580 3054 homines
603 2993 825 3054 obversantibus
844 2993 1001 3054 miraculis.
1032 2993 1176 3072 Theange

191 3070 248 3131 lida
271 3073 301 3131 iu
322 3073 431 3136 bibano
448 3078 565 3153 Syriae,
582 3075 667 3136 Dicte
683 3075 789 3136 Cretae
805 3079 950 3137 montibus
978 3086 1011 3136 et
1033 3078 1175 3154 babylone

190 3163 222 3215 et
240 3154 322 3213 Susis
338 3155 465 3218 Persidis
478 3162 572 3236 nasci,
589 3177 643 3237 qua
657 3168 727 3238 pota
742 3159 818 3237 blagi
834 3161 979 3238 divinent,
994 3161 1175 3240 gelotophyl

189 3238 247 3297 lida
261 3240 291 3296 in
308 3237 419 3298 Bactris
439 3250 468 3300 et
490 3246 566 3302 circa
587 3243 799 3318 Borysthenen.
831 3243 903 3303 hacc
925 3247 950 3303 si
975 3245 1095 3304 bibatur
1120 3259 1182 3306 canl

188 3334 285 3380 murra
303 3329 334 3379 ct
354 3323 441 3398 rino,
467 3329 561 3384 varias
584 3325 738 3386 'obversari
761 3329 876 3405 species
901 3327 1077 3405 ridendique
1097 3329 1174 3388 linem

190 3421 249 3463 non
263 3405 328 3462 lieri
342 3406 397 3462 nisi
412 3409 489 3481 potis
506 3407 617 3468 nucleis
632 3411 736 3487 pineae
753 3411 833 3470 urreis
850 3427 913 3470 cum
928 3413 1036 3489 pipere
1053 3420 1083 3472 et
1094 3412 1173 3472 mella

145 3497 198 3550 165
209 3488 240 3545 in
262 3489 331 3546 vino
351 3485 473 3564 palmeo.
501 3489 695 3552 hestiaterida
715 3511 731 3552 a
749 3496 882 3554 condeta
902 3496 1045 3554 naminari
1069 3499 1098 3555 in
1112 3497 1172 3556 Per·
