<?xml version="1.0" encoding="UTF-8"?>
<!DOCTYPE html PUBLIC "-//W3C//DTD XHTML 1.0 Transitional//EN"
    "http://www.w3.org/TR/xhtml1/DTD/xhtml1-transitional.dtd">
<html xmlns="http://www.w3.org/1999/xhtml" xml:lang="en" lang="en">
 <head>
  <title>
</title>
<meta http-equiv="Content-Type" content="text/html;charset=utf-8" />
  <meta name='ocr-system' content='tesseract 3.04.00' />
  <meta name='ocr-capabilities' content='ocr_page ocr_carea ocr_par ocr_line ocrx_word'/>
</head>
<body>
  <div class='ocr_page' id='page_1' title='image "./naturalishistor00plingoog_0296.png"; bbox 0 0 2406 3914; ppageno 0'>
   <div class='ocr_carea' id='block_1_1' title="bbox 132 242 790 338">
    <p class='ocr_par' dir='ltr' id='par_1_1' title="bbox 132 242 790 338">
     <span class='ocr_line' id='line_1_1' title="bbox 132 242 790 338; baseline -0.009 -34"><span class='ocrx_word' id='word_1_1' title='bbox 132 242 194 304; x_wconf 81' lang='lat'>240</span> <span class='ocrx_word' id='word_1_2' title='bbox 479 253 509 302; x_wconf 88' lang='lat' dir='ltr'>o.</span> <span class='ocrx_word' id='word_1_3' title='bbox 521 253 623 338; x_wconf 33' lang='lat' dir='ltr'>&#39;nunu</span> <span class='ocrx_word' id='word_1_4' title='bbox 640 251 790 301; x_wconf 84' lang='lat' dir='ltr'>sncunuu</span> 
     </span>
    </p>
   </div>
   <div class='ocr_carea' id='block_1_2' title="bbox 89 403 1197 3103">
    <p class='ocr_par' dir='ltr' id='par_1_2' title="bbox 133 403 1149 488">
     <span class='ocr_line' id='line_1_2' title="bbox 133 403 1149 488; baseline -0.009 -15"><span class='ocrx_word' id='word_1_5' title='bbox 133 410 278 473; x_wconf 89' lang='lat' dir='ltr'>Pannonia</span> <span class='ocrx_word' id='word_1_6' title='bbox 302 407 376 469; x_wconf 90' lang='lat' dir='ltr'>hanc</span> <span class='ocrx_word' id='word_1_7' title='bbox 401 409 494 488; x_wconf 74' lang='lat' dir='ltr'>gignit</span> <span class='ocrx_word' id='word_1_8' title='bbox 515 417 544 468; x_wconf 91' lang='lat' dir='ltr'>et</span> <span class='ocrx_word' id='word_1_9' title='bbox 571 407 670 468; x_wconf 82' lang='lat' dir='ltr'><strong>Norici</strong></span> <span class='ocrx_word' id='word_1_10' title='bbox 688 407 863 487; x_wconf 78' lang='lat' dir='ltr'>Alpiumque</span> <span class='ocrx_word' id='word_1_11' title='bbox 887 406 1006 486; x_wconf 86' lang='lat' dir='ltr'>aprica,</span> <span class='ocrx_word' id='word_1_12' title='bbox 1032 403 1149 465; x_wconf 89' lang='lat' dir='ltr'>nrhlum</span> 
     </span>
    </p>

    <p class='ocr_par' dir='ltr' id='par_1_3' title="bbox 90 490 1188 1316">
     <span class='ocr_line' id='line_1_3' title="bbox 90 490 1149 576; baseline -0.008 -17"><span class='ocrx_word' id='word_1_13' title='bbox 90 495 300 576; x_wconf 74' lang='lat' dir='ltr'>llEporedia‚</span> <span class='ocrx_word' id='word_1_14' title='bbox 327 501 424 554; x_wconf 88' lang='lat' dir='ltr'>tantae</span> <span class='ocrx_word' id='word_1_15' title='bbox 445 494 595 554; x_wconf 84' lang='lat' dir='ltr'>suauitatis</span> <span class='ocrx_word' id='word_1_16' title='bbox 615 501 646 552; x_wconf 88' lang='lat' dir='ltr'>nt</span> <span class='ocrx_word' id='word_1_17' title='bbox 665 492 812 552; x_wconf 88' lang='lat' dir='ltr'>metallum</span> <span class='ocrx_word' id='word_1_18' title='bbox 832 509 901 552; x_wconf 89' lang='lat' dir='ltr'>essc</span> <span class='ocrx_word' id='word_1_19' title='bbox 919 490 1064 570; x_wconf 83' lang='lat' dir='ltr'>coeperit.</span> <span class='ocrx_word' id='word_1_20' title='bbox 1094 509 1149 550; x_wconf 88' lang='lat' dir='ltr'>ve·</span> 
     </span>
     <span class='ocr_line' id='line_1_4' title="bbox 133 572 1149 660; baseline -0.006 -20"><span class='ocrx_word' id='word_1_21' title='bbox 133 581 225 642; x_wconf 88' lang='lat' dir='ltr'>stibus</span> <span class='ocrx_word' id='word_1_22' title='bbox 242 579 388 656; x_wconf 90' lang='lat' dir='ltr'>interponi</span> <span class='ocrx_word' id='word_1_23' title='bbox 409 595 473 638; x_wconf 87' lang='lat' dir='ltr'>cam</span> <span class='ocrx_word' id='word_1_24' title='bbox 490 578 702 656; x_wconf 76' lang='lat' dir='ltr'>gratissimum,</span> <span class='ocrx_word' id='word_1_25' title='bbox 725 575 810 660; x_wconf 87' lang='grc'>(21.)</span> <span class='ocrx_word' id='word_1_26' title='bbox 829 577 903 636; x_wconf 90' lang='lat' dir='ltr'>sicut</span> <span class='ocrx_word' id='word_1_27' title='bbox 919 575 997 655; x_wconf 89' lang='lat' dir='ltr'>apud</span> <span class='ocrx_word' id='word_1_28' title='bbox 1014 572 1149 636; x_wconf 78' lang='lat' dir='ltr'>Graecos</span> 
     </span>
     <span class='ocr_line' id='line_1_5' title="bbox 134 659 1149 744; baseline -0.006 -20"><span class='ocrx_word' id='word_1_29' title='bbox 134 665 242 744; x_wconf 92' lang='lat' dir='ltr'>polium</span> <span class='ocrx_word' id='word_1_30' title='bbox 258 662 394 739; x_wconf 83' lang='lat' dir='ltr'>herbam,</span> <span class='ocrx_word' id='word_1_31' title='bbox 422 662 557 722; x_wconf 89' lang='lat' dir='ltr'>inclutam</span> <span class='ocrx_word' id='word_1_32' title='bbox 571 660 681 722; x_wconf 76' lang='lat' dir='ltr'>Musaei</span> <span class='ocrx_word' id='word_1_33' title='bbox 699 670 729 722; x_wconf 92' lang='lat' dir='ltr'>et</span> <span class='ocrx_word' id='word_1_34' title='bbox 743 661 864 722; x_wconf 81' lang='lat' dir='ltr'>Hesiodi</span> <span class='ocrx_word' id='word_1_35' title='bbox 882 659 1016 721; x_wconf 74' lang='lat' dir='ltr'><strong>laudibus</strong></span> <span class='ocrx_word' id='word_1_36' title='bbox 1032 659 1070 720; x_wconf 91' lang='lat' dir='ltr'>ad</span> <span class='ocrx_word' id='word_1_37' title='bbox 1087 676 1149 718; x_wconf 89' lang='lat' dir='ltr'>om·</span> 
     </span>
     <span class='ocr_line' id='line_1_6' title="bbox 133 744 1171 826; baseline -0.007 -17"><span class='ocrx_word' id='word_1_38' title='bbox 133 751 179 809; x_wconf 89' lang='lat' dir='ltr'>uia</span> <span class='ocrx_word' id='word_1_39' title='bbox 202 748 302 809; x_wconf 90' lang='lat' dir='ltr'>utilem</span> <span class='ocrx_word' id='word_1_40' title='bbox 323 748 549 826; x_wconf 76' lang='lat' dir='ltr'><strong>praedicantium</strong></span> <span class='ocrx_word' id='word_1_41' title='bbox 578 764 726 826; x_wconf 79' lang='lat' dir='ltr'>superque</span> <span class='ocrx_word' id='word_1_42' title='bbox 751 754 850 806; x_wconf 90' lang='lat' dir='ltr'>cetera</span> <span class='ocrx_word' id='word_1_43' title='bbox 875 746 912 806; x_wconf 92' lang='lat' dir='ltr'>ad</span> <span class='ocrx_word' id='word_1_44' title='bbox 932 745 1037 806; x_wconf 85' lang='lat' dir='ltr'>lamam</span> <span class='ocrx_word' id='word_1_45' title='bbox 1060 744 1171 804; x_wconf 77' lang='lat' dir='ltr'>etiamn</span> 
     </span>
     <span class='ocr_line' id='line_1_7' title="bbox 133 829 1149 911; baseline -0.006 -17"><span class='ocrx_word' id='word_1_46' title='bbox 133 851 168 894; x_wconf 87' lang='lat' dir='ltr'>ac</span> <span class='ocrx_word' id='word_1_47' title='bbox 185 833 356 911; x_wconf 75' lang='lat' dir='ltr'>dignitates,</span> <span class='ocrx_word' id='word_1_48' title='bbox 383 847 563 910; x_wconf 77' lang='lat' dir='ltr'>prorsusque</span> <span class='ocrx_word' id='word_1_49' title='bbox 578 833 692 908; x_wconf 86' lang='lat' dir='ltr'>miram,</span> <span class='ocrx_word' id='word_1_50' title='bbox 719 831 744 890; x_wconf 90' lang='lat' dir='ltr'>si</span> <span class='ocrx_word' id='word_1_51' title='bbox 759 831 863 906; x_wconf 90' lang='lat' dir='ltr'>modo,</span> <span class='ocrx_word' id='word_1_52' title='bbox 891 839 922 890; x_wconf 92' lang='lat' dir='ltr'>ut</span> <span class='ocrx_word' id='word_1_53' title='bbox 937 829 1070 904; x_wconf 85' lang='lat' dir='ltr'>tradunt,</span> <span class='ocrx_word' id='word_1_54' title='bbox 1101 829 1149 888; x_wconf 86' lang='lat' dir='ltr'>io·</span> 
     </span>
     <span class='ocr_line' id='line_1_8' title="bbox 133 912 1150 996; baseline -0.006 -18"><span class='ocrx_word' id='word_1_55' title='bbox 133 918 172 979; x_wconf 92' lang='lat' dir='ltr'>lia</span> <span class='ocrx_word' id='word_1_56' title='bbox 190 919 253 978; x_wconf 87' lang='lat' dir='ltr'>eius</span> <span class='ocrx_word' id='word_1_57' title='bbox 277 933 361 976; x_wconf 91' lang='lat' dir='ltr'>mane</span> <span class='ocrx_word' id='word_1_58' title='bbox 386 915 523 993; x_wconf 87' lang='lat' dir='ltr'>candida,</span> <span class='ocrx_word' id='word_1_59' title='bbox 553 915 674 976; x_wconf 90' lang='lat' dir='ltr'>meridie</span> <span class='ocrx_word' id='word_1_60' title='bbox 701 932 864 996; x_wconf 84' lang='lat' dir='ltr'>purpurea,</span> <span class='ocrx_word' id='word_1_61' title='bbox 897 914 963 974; x_wconf 88' lang='lat' dir='ltr'>sole</span> <span class='ocrx_word' id='word_1_62' title='bbox 991 912 1150 974; x_wconf 86' lang='lat' dir='ltr'>occidente</span> 
     </span>
     <span class='ocr_line' id='line_1_9' title="bbox 135 1000 1149 1079; baseline -0.004 -18"><span class='ocrx_word' id='word_1_63' title='bbox 135 1001 271 1062; x_wconf 91' lang='lat' dir='ltr'>caerulea</span> <span class='ocrx_word' id='word_1_64' title='bbox 292 1001 497 1078; x_wconf 70' lang='lat' dir='ltr'>adspiciuntur.</span> <span class='ocrx_word' id='word_1_65' title='bbox 534 1000 591 1061; x_wconf 89' lang='lat' dir='ltr'>dno</span> <span class='ocrx_word' id='word_1_66' title='bbox 608 1017 719 1079; x_wconf 81' lang='lat' dir='ltr'>genere</span> <span class='ocrx_word' id='word_1_67' title='bbox 744 1001 820 1061; x_wconf 89' lang='lat' dir='ltr'>eins:</span> <span class='ocrx_word' id='word_1_68' title='bbox 853 1007 1020 1078; x_wconf 79' lang='lat' dir='ltr'>campestre</span> <span class='ocrx_word' id='word_1_69' title='bbox 1042 1000 1149 1074; x_wconf 86' lang='lat' dir='ltr'>mains,</span> 
     </span>
     <span class='ocr_line' id='line_1_10' title="bbox 134 1081 1150 1164; baseline -0.004 -18"><span class='ocrx_word' id='word_1_70' title='bbox 134 1085 271 1146; x_wconf 86' lang='lat' dir='ltr'>silvestre</span> <span class='ocrx_word' id='word_1_71' title='bbox 299 1084 491 1164; x_wconf 91' lang='lat' dir='ltr'>quodminus</span> <span class='ocrx_word' id='word_1_72' title='bbox 518 1093 573 1144; x_wconf 92' lang='lat' dir='ltr'>est.</span> <span class='ocrx_word' id='word_1_73' title='bbox 609 1084 725 1162; x_wconf 89' lang='lat' dir='ltr'>qnidam</span> <span class='ocrx_word' id='word_1_74' title='bbox 750 1083 896 1146; x_wconf 80' lang='lat' dir='ltr'>teuthrion</span> <span class='ocrx_word' id='word_1_75' title='bbox 920 1090 1038 1145; x_wconf 83' lang='lat' dir='ltr'>vocant.</span> <span class='ocrx_word' id='word_1_76' title='bbox 1075 1081 1150 1142; x_wconf 84' lang='lat' dir='ltr'>lolia</span> 
     </span>
     <span class='ocr_line' id='line_1_11' title="bbox 120 1167 1188 1248; baseline -0.003 -22"><span class='ocrx_word' id='word_1_77' title='bbox 120 1171 213 1229; x_wconf 73' lang='lat' dir='ltr'>,cauis</span> <span class='ocrx_word' id='word_1_78' title='bbox 234 1169 356 1230; x_wconf 90' lang='lat' dir='ltr'>hominis</span> <span class='ocrx_word' id='word_1_79' title='bbox 382 1169 500 1245; x_wconf 87' lang='lat' dir='ltr'>similia,</span> <span class='ocrx_word' id='word_1_80' title='bbox 528 1168 665 1228; x_wconf 83' lang='lat' dir='ltr'>uredine</span> <span class='ocrx_word' id='word_1_81' title='bbox 690 1170 837 1248; x_wconf 86' lang='lat' dir='ltr'>protinus,</span> <span class='ocrx_word' id='word_1_82' title='bbox 867 1185 1022 1248; x_wconf 77' lang='lat' dir='ltr'>numquam</span> <span class='ocrx_word' id='word_1_83' title='bbox 1048 1167 1150 1246; x_wconf 90' lang='lat' dir='ltr'>palmo</span> <span class='ocrx_word' id='word_1_84' title='bbox 1161 1181 1188 1222; x_wconf 84' lang='lat' dir='ltr'>ts</span> 
     </span>
     <span class='ocr_line' id='line_1_12' title="bbox 133 1254 245 1316; baseline 0.027 -3"><span class='ocrx_word' id='word_1_85' title='bbox 133 1254 245 1316; x_wconf 92' lang='lat' dir='ltr'>altiora.</span> 
     </span>
    </p>

    <p class='ocr_par' dir='ltr' id='par_1_4' title="bbox 90 1333 1184 1838">
     <span class='ocr_line' id='line_1_13' title="bbox 90 1333 1152 1416; baseline -0.007 -15"><span class='ocrx_word' id='word_1_86' title='bbox 90 1347 125 1401; x_wconf 77' lang='lat'>45</span> <span class='ocrx_word' id='word_1_87' title='bbox 201 1336 231 1398; x_wconf 90' lang='lat'>8.</span> <span class='ocrx_word' id='word_1_88' title='bbox 256 1335 341 1416; x_wconf 92' lang='grc'>(22.)</span> <span class='ocrx_word' id='word_1_89' title='bbox 364 1335 401 1396; x_wconf 83' lang='lat' dir='ltr'>Et</span> <span class='ocrx_word' id='word_1_90' title='bbox 418 1336 455 1396; x_wconf 94' lang='lat' dir='ltr'>de</span> <span class='ocrx_word' id='word_1_91' title='bbox 471 1338 601 1397; x_wconf 88' lang='lat' dir='ltr'>odoratis</span> <span class='ocrx_word' id='word_1_92' title='bbox 620 1336 742 1398; x_wconf 84' lang='lat' dir='ltr'>horihus</span> <span class='ocrx_word' id='word_1_93' title='bbox 756 1338 978 1413; x_wconf 88' lang='lat' dir='ltr'>satis·dictum‚·</span> <span class='ocrx_word' id='word_1_94' title='bbox 997 1337 1027 1396; x_wconf 90' lang='lat' dir='ltr'>in</span> <span class='ocrx_word' id='word_1_95' title='bbox 1043 1333 1152 1415; x_wconf 90' lang='lat' dir='ltr'>quihus</span> 
     </span>
     <span class='ocr_line' id='line_1_14' title="bbox 133 1420 1150 1501; baseline -0.001 -20"><span class='ocrx_word' id='word_1_96' title='bbox 133 1430 281 1498; x_wconf 84' lang='lat' dir='ltr'>unguento</span> <span class='ocrx_word' id='word_1_97' title='bbox 303 1423 411 1480; x_wconf 87' lang='lat' dir='ltr'>vicisse</span> <span class='ocrx_word' id='word_1_98' title='bbox 436 1430 564 1481; x_wconf 90' lang='lat' dir='ltr'>naturam</span> <span class='ocrx_word' id='word_1_99' title='bbox 587 1422 719 1500; x_wconf 76' lang='lat' dir='ltr'>gaudens</span> <span class='ocrx_word' id='word_1_100' title='bbox 745 1420 857 1482; x_wconf 80' lang='lat' dir='ltr'>luxuria</span> <span class='ocrx_word' id='word_1_101' title='bbox 876 1420 1008 1482; x_wconf 87' lang='lat' dir='ltr'>vestibus</span> <span class='ocrx_word' id='word_1_102' title='bbox 1028 1437 1150 1501; x_wconf 88' lang='lat' dir='ltr'>quoqne</span> 
     </span>
     <span class='ocr_line' id='line_1_15' title="bbox 134 1504 1150 1585; baseline 0 -21"><span class='ocrx_word' id='word_1_103' title='bbox 134 1507 307 1585; x_wconf 85' lang='lat' dir='ltr'>provocavit</span> <span class='ocrx_word' id='word_1_104' title='bbox 333 1522 386 1566; x_wconf 88' lang='lat' dir='ltr'>eos</span> <span class='ocrx_word' id='word_1_105' title='bbox 413 1504 502 1565; x_wconf 84' lang='lat' dir='ltr'>hores</span> <span class='ocrx_word' id='word_1_106' title='bbox 531 1506 578 1584; x_wconf 93' lang='lat' dir='ltr'>qni</span> <span class='ocrx_word' id='word_1_107' title='bbox 605 1506 707 1566; x_wconf 88' lang='lat' dir='ltr'>colore</span> <span class='ocrx_word' id='word_1_108' title='bbox 734 1507 981 1568; x_wconf 81' lang='lat' dir='ltr'>commendantur.</span> <span class='ocrx_word' id='word_1_109' title='bbox 1010 1507 1067 1566; x_wconf 90' lang='lat' dir='ltr'>hos</span> <span class='ocrx_word' id='word_1_110' title='bbox 1087 1507 1150 1565; x_wconf 95' lang='lat' dir='ltr'>ani·</span> 
     </span>
     <span class='ocr_line' id='line_1_16' title="bbox 133 1589 1184 1669; baseline -0.001 -21"><span class='ocrx_word' id='word_1_111' title='bbox 133 1589 283 1650; x_wconf 89' lang='lat' dir='ltr'>madverto</span> <span class='ocrx_word' id='word_1_112' title='bbox 298 1591 349 1650; x_wconf 91' lang='lat' dir='ltr'>tris</span> <span class='ocrx_word' id='word_1_113' title='bbox 368 1607 435 1650; x_wconf 88' lang='lat' dir='ltr'>esse</span> <span class='ocrx_word' id='word_1_114' title='bbox 451 1590 633 1669; x_wconf 84' lang='lat' dir='ltr'>principalis,</span> <span class='ocrx_word' id='word_1_115' title='bbox 654 1598 684 1649; x_wconf 94' lang='lat' dir='ltr'>nt</span> <span class='ocrx_word' id='word_1_116' title='bbox 707 1590 859 1652; x_wconf 87' lang='lat' dir='ltr'>rubentem</span> <span class='ocrx_word' id='word_1_117' title='bbox 875 1592 904 1650; x_wconf 95' lang='lat' dir='ltr'>in</span> <span class='ocrx_word' id='word_1_118' title='bbox 925 1607 1038 1666; x_wconf 91' lang='lat' dir='ltr'>cocco,</span> <span class='ocrx_word' id='word_1_119' title='bbox 1063 1590 1114 1669; x_wconf 93' lang='lat' dir='ltr'>qni</span> <span class='ocrx_word' id='word_1_120' title='bbox 1133 1607 1184 1649; x_wconf 81' lang='lat' dir='ltr'>ane</span> 
     </span>
     <span class='ocr_line' id='line_1_17' title="bbox 133 1674 1151 1755; baseline -0.002 -22"><span class='ocrx_word' id='word_1_121' title='bbox 133 1675 210 1733; x_wconf 91' lang='lat' dir='ltr'>rosis</span> <span class='ocrx_word' id='word_1_122' title='bbox 225 1675 366 1751; x_wconf 76' lang='lat' dir='ltr'>migrante</span> <span class='ocrx_word' id='word_1_123' title='bbox 382 1675 474 1752; x_wconf 78' lang='lat' dir='ltr'>gratia</span> <span class='ocrx_word' id='word_1_124' title='bbox 497 1674 625 1734; x_wconf 93' lang='lat' dir='ltr'>nonnihil</span> <span class='ocrx_word' id='word_1_125' title='bbox 646 1674 766 1734; x_wconf 90' lang='lat' dir='ltr'>trahitur</span> <span class='ocrx_word' id='word_1_126' title='bbox 779 1684 917 1755; x_wconf 90' lang='lat' dir='ltr'>suspectu</span> <span class='ocrx_word' id='word_1_127' title='bbox 938 1684 968 1736; x_wconf 88' lang='lat' dir='ltr'>et</span> <span class='ocrx_word' id='word_1_128' title='bbox 989 1677 1019 1735; x_wconf 95' lang='lat' dir='ltr'>in</span> <span class='ocrx_word' id='word_1_129' title='bbox 1040 1691 1151 1753; x_wconf 87' lang='lat' dir='ltr'>pnrpu-</span> 
     </span>
     <span class='ocr_line' id='line_1_18' title="bbox 133 1757 1151 1838; baseline 0 -21"><span class='ocrx_word' id='word_1_130' title='bbox 133 1757 296 1833; x_wconf 76' lang='lat' dir='ltr'>rasl&#39;yrias</span> <span class='ocrx_word' id='word_1_131' title='bbox 322 1758 522 1838; x_wconf 86' lang='lat' dir='ltr'>dibaphasque</span> <span class='ocrx_word' id='word_1_132' title='bbox 550 1776 585 1818; x_wconf 92' lang='lat' dir='ltr'>ac</span> <span class='ocrx_word' id='word_1_133' title='bbox 611 1757 786 1836; x_wconf 85' lang='lat' dir='ltr'>Laconicas,</span> <span class='ocrx_word' id='word_1_134' title='bbox 815 1760 1039 1835; x_wconf 78' lang='lat' dir='ltr'>amethystinnm</span> <span class='ocrx_word' id='word_1_135' title='bbox 1061 1759 1151 1837; x_wconf 88' lang='lat' dir='ltr'>qnia</span> 
     </span>
    </p>

    <p class='ocr_par' dir='ltr' id='par_1_5' title="bbox 102 1841 1150 2007">
     <span class='ocr_line' id='line_1_19' title="bbox 102 1841 1150 1924; baseline 0.005 -29"><span class='ocrx_word' id='word_1_136' title='bbox 102 1841 212 1902; x_wconf 66' lang='lat' dir='ltr'>saviola</span> <span class='ocrx_word' id='word_1_137' title='bbox 228 1851 257 1901; x_wconf 92' lang='lat' dir='ltr'>et</span> <span class='ocrx_word' id='word_1_138' title='bbox 272 1843 379 1920; x_wconf 88' lang='lat' dir='ltr'>ipsein</span> <span class='ocrx_word' id='word_1_139' title='bbox 397 1860 573 1922; x_wconf 89' lang='lat' dir='ltr'>purpureum</span> <span class='ocrx_word' id='word_1_140' title='bbox 587 1861 731 1922; x_wconf 90' lang='lat' dir='ltr'>quemque</span> <span class='ocrx_word' id='word_1_141' title='bbox 748 1845 903 1905; x_wconf 86' lang='lat' dir='ltr'>ianthinum</span> <span class='ocrx_word' id='word_1_142' title='bbox 921 1843 1150 1924; x_wconf 85' lang='lat' dir='ltr'>appellavimus.</span> 
     </span>
     <span class='ocr_line' id='line_1_20' title="bbox 134 1927 1150 2007; baseline 0.006 -23"><span class='ocrx_word' id='word_1_143' title='bbox 134 1943 244 2003; x_wconf 81' lang='lat' dir='ltr'>genera</span> <span class='ocrx_word' id='word_1_144' title='bbox 272 1927 346 1985; x_wconf 92' lang='lat' dir='ltr'>enirn</span> <span class='ocrx_word' id='word_1_145' title='bbox 372 1935 528 1987; x_wconf 88' lang='lat' dir='ltr'>tractamus</span> <span class='ocrx_word' id='word_1_146' title='bbox 557 1929 584 1986; x_wconf 91' lang='lat' dir='ltr'>in</span> <span class='ocrx_word' id='word_1_147' title='bbox 610 1929 726 2006; x_wconf 85' lang='lat' dir='ltr'>species</span> <span class='ocrx_word' id='word_1_148' title='bbox 748 1928 852 1989; x_wconf 88' lang='lat' dir='ltr'>ruultas</span> <span class='ocrx_word' id='word_1_149' title='bbox 872 1947 941 1989; x_wconf 90' lang='lat' dir='ltr'>sese</span> <span class='ocrx_word' id='word_1_150' title='bbox 965 1927 1150 2007; x_wconf 72' lang='lat' dir='ltr'>spargentia.</span> 
     </span>
    </p>

    <p class='ocr_par' dir='ltr' id='par_1_6' title="bbox 90 2009 1183 2684">
     <span class='ocr_line' id='line_1_21' title="bbox 90 2009 1183 2092; baseline -0.001 -21"><span class='ocrx_word' id='word_1_151' title='bbox 90 2009 239 2071; x_wconf 80' lang='lat' dir='ltr'>ldtcrtius</span> <span class='ocrx_word' id='word_1_152' title='bbox 261 2017 306 2068; x_wconf 90' lang='lat' dir='ltr'>est</span> <span class='ocrx_word' id='word_1_153' title='bbox 330 2012 378 2088; x_wconf 93' lang='lat' dir='ltr'>qui</span> <span class='ocrx_word' id='word_1_154' title='bbox 397 2013 517 2090; x_wconf 91' lang='lat' dir='ltr'>proprie</span> <span class='ocrx_word' id='word_1_155' title='bbox 540 2011 675 2087; x_wconf 77' lang='lat' dir='ltr'>conchyli</span> <span class='ocrx_word' id='word_1_156' title='bbox 692 2011 887 2092; x_wconf 81' lang='lat' dir='ltr'>intellegitur,</span> <span class='ocrx_word' id='word_1_157' title='bbox 914 2013 1014 2073; x_wconf 89' lang='lat' dir='ltr'>multis</span> <span class='ocrx_word' id='word_1_158' title='bbox 1035 2011 1183 2072; x_wconf 63' lang='lat' dir='ltr'>modium</span> 
     </span>
     <span class='ocr_line' id='line_1_22' title="bbox 133 2093 1150 2176; baseline 0.002 -24"><span class='ocrx_word' id='word_1_159' title='bbox 133 2110 205 2152; x_wconf 89' lang='lat' dir='ltr'>nnus</span> <span class='ocrx_word' id='word_1_160' title='bbox 219 2093 248 2150; x_wconf 95' lang='lat' dir='ltr'>in</span> <span class='ocrx_word' id='word_1_161' title='bbox 265 2093 440 2174; x_wconf 92' lang='lat' dir='ltr'>heliotropio</span> <span class='ocrx_word' id='word_1_162' title='bbox 458 2105 487 2155; x_wconf 90' lang='lat' dir='ltr'>et</span> <span class='ocrx_word' id='word_1_163' title='bbox 510 2097 538 2155; x_wconf 94' lang='lat' dir='ltr'>iu</span> <span class='ocrx_word' id='word_1_164' title='bbox 559 2096 655 2174; x_wconf 91' lang='lat' dir='ltr'>aliquo</span> <span class='ocrx_word' id='word_1_165' title='bbox 672 2115 710 2156; x_wconf 90' lang='lat' dir='ltr'>ex</span> <span class='ocrx_word' id='word_1_166' title='bbox 725 2096 770 2156; x_wconf 90' lang='lat' dir='ltr'>his</span> <span class='ocrx_word' id='word_1_167' title='bbox 786 2096 958 2176; x_wconf 90' lang='lat' dir='ltr'>plerumque</span> <span class='ocrx_word' id='word_1_168' title='bbox 977 2097 1150 2172; x_wconf 87' lang='lat' dir='ltr'>saturatior‚</span> 
     </span>
     <span class='ocr_line' id='line_1_23' title="bbox 133 2176 1151 2259; baseline 0.003 -23"><span class='ocrx_word' id='word_1_169' title='bbox 133 2176 206 2236; x_wconf 90' lang='lat' dir='ltr'>alins</span> <span class='ocrx_word' id='word_1_170' title='bbox 222 2178 251 2236; x_wconf 95' lang='lat' dir='ltr'>in</span> <span class='ocrx_word' id='word_1_171' title='bbox 272 2177 366 2238; x_wconf 86' lang='lat' dir='ltr'>malva</span> <span class='ocrx_word' id='word_1_172' title='bbox 381 2178 416 2238; x_wconf 92' lang='lat' dir='ltr'>ad</span> <span class='ocrx_word' id='word_1_173' title='bbox 433 2197 587 2259; x_wconf 88' lang='lat' dir='ltr'>purpuram</span> <span class='ocrx_word' id='word_1_174' title='bbox 609 2181 765 2258; x_wconf 87' lang='lat' dir='ltr'>inclinans,</span> <span class='ocrx_word' id='word_1_175' title='bbox 784 2181 858 2241; x_wconf 93' lang='lat' dir='ltr'>alins</span> <span class='ocrx_word' id='word_1_176' title='bbox 873 2182 901 2241; x_wconf 95' lang='lat' dir='ltr'>in</span> <span class='ocrx_word' id='word_1_177' title='bbox 921 2180 1003 2241; x_wconf 85' lang='lat' dir='ltr'>viola</span> <span class='ocrx_word' id='word_1_178' title='bbox 1017 2180 1151 2241; x_wconf 88' lang='lat' dir='ltr'>serotina</span> 
     </span>
     <span class='ocr_line' id='line_1_24' title="bbox 133 2260 1150 2346; baseline 0.006 -28"><span class='ocrx_word' id='word_1_179' title='bbox 133 2260 350 2335; x_wconf 77' lang='lat' dir='ltr'>conchyliorum</span> <span class='ocrx_word' id='word_1_180' title='bbox 372 2265 586 2341; x_wconf 80' lang='lat' dir='ltr'>vegetissimns.</span> <span class='ocrx_word' id='word_1_181' title='bbox 625 2267 705 2343; x_wconf 88' lang='lat' dir='ltr'>paria</span> <span class='ocrx_word' id='word_1_182' title='bbox 725 2283 800 2326; x_wconf 90' lang='lat' dir='ltr'>nnnc</span> <span class='ocrx_word' id='word_1_183' title='bbox 824 2274 1030 2346; x_wconf 91' lang='lat' dir='ltr'>conponuntur</span> <span class='ocrx_word' id='word_1_184' title='bbox 1047 2274 1078 2326; x_wconf 89' lang='lat' dir='ltr'>et</span> <span class='ocrx_word' id='word_1_185' title='bbox 1099 2281 1150 2324; x_wconf 91' lang='lat' dir='ltr'>na-</span> 
     </span>
     <span class='ocr_line' id='line_1_25' title="bbox 133 2346 1151 2428; baseline 0.005 -26"><span class='ocrx_word' id='word_1_186' title='bbox 133 2353 196 2404; x_wconf 89' lang='lat' dir='ltr'>tura</span> <span class='ocrx_word' id='word_1_187' title='bbox 212 2354 299 2423; x_wconf 90' lang='lat' dir='ltr'>atque</span> <span class='ocrx_word' id='word_1_188' title='bbox 314 2346 426 2407; x_wconf 88' lang='lat' dir='ltr'>luxuria</span> <span class='ocrx_word' id='word_1_189' title='bbox 442 2348 616 2426; x_wconf 85' lang='lat' dir='ltr'>depugnant.</span> <span class='ocrx_word' id='word_1_190' title='bbox 650 2349 720 2410; x_wconf 90' lang='lat' dir='ltr'>lutei</span> <span class='ocrx_word' id='word_1_191' title='bbox 733 2351 821 2411; x_wconf 85' lang='lat' dir='ltr'>video</span> <span class='ocrx_word' id='word_1_192' title='bbox 838 2350 981 2410; x_wconf 87' lang='lat' dir='ltr'>honorem</span> <span class='ocrx_word' id='word_1_193' title='bbox 1007 2350 1151 2428; x_wconf 89' lang='lat' dir='ltr'>antiquis-</span> 
     </span>
     <span class='ocr_line' id='line_1_26' title="bbox 134 2429 1181 2510; baseline 0.003 -22"><span class='ocrx_word' id='word_1_194' title='bbox 134 2429 250 2504; x_wconf 88' lang='lat' dir='ltr'>simum,</span> <span class='ocrx_word' id='word_1_195' title='bbox 278 2431 306 2488; x_wconf 94' lang='lat' dir='ltr'>in</span> <span class='ocrx_word' id='word_1_196' title='bbox 322 2431 496 2509; x_wconf 88' lang='lat' dir='ltr'>nuptialibus</span> <span class='ocrx_word' id='word_1_197' title='bbox 513 2432 651 2493; x_wconf 82' lang='lat' dir='ltr'>flammeis</span> <span class='ocrx_word' id='word_1_198' title='bbox 666 2443 755 2494; x_wconf 87' lang='lat' dir='ltr'>totum</span> <span class='ocrx_word' id='word_1_199' title='bbox 771 2435 884 2496; x_wconf 89' lang='lat' dir='ltr'>lerninis</span> <span class='ocrx_word' id='word_1_200' title='bbox 899 2451 1097 2510; x_wconf 85' lang='lat' dir='ltr'>concessum,</span> <span class='ocrx_word' id='word_1_201' title='bbox 1123 2441 1181 2493; x_wconf 76' lang='lat' dir='ltr'>etta</span> 
     </span>
     <span class='ocr_line' id='line_1_27' title="bbox 132 2513 1151 2599; baseline 0.006 -27"><span class='ocrx_word' id='word_1_202' title='bbox 132 2513 266 2573; x_wconf 80' lang='lat' dir='ltr'>fortassis</span> <span class='ocrx_word' id='word_1_203' title='bbox 282 2514 350 2575; x_wconf 92' lang='lat' dir='ltr'>ideo</span> <span class='ocrx_word' id='word_1_204' title='bbox 361 2533 419 2575; x_wconf 94' lang='lat' dir='ltr'>non</span> <span class='ocrx_word' id='word_1_205' title='bbox 433 2519 577 2576; x_wconf 90' lang='lat' dir='ltr'>numerari</span> <span class='ocrx_word' id='word_1_206' title='bbox 591 2517 666 2577; x_wconf 90' lang='lat' dir='ltr'>inter</span> <span class='ocrx_word' id='word_1_207' title='bbox 682 2519 868 2599; x_wconf 86' lang='lat' dir='ltr'>principalis,</span> <span class='ocrx_word' id='word_1_208' title='bbox 886 2520 945 2581; x_wconf 92' lang='lat' dir='ltr'>hoc</span> <span class='ocrx_word' id='word_1_209' title='bbox 961 2529 1008 2580; x_wconf 90' lang='lat' dir='ltr'>est</span> <span class='ocrx_word' id='word_1_210' title='bbox 1021 2535 1151 2580; x_wconf 91' lang='lat' dir='ltr'>commn-</span> 
     </span>
     <span class='ocr_line' id='line_1_28' title="bbox 132 2597 1139 2684; baseline 0.004 -28"><span class='ocrx_word' id='word_1_211' title='bbox 132 2598 175 2657; x_wconf 92' lang='lat' dir='ltr'>nis</span> <span class='ocrx_word' id='word_1_212' title='bbox 191 2597 318 2659; x_wconf 90' lang='lat' dir='ltr'>marihns</span> <span class='ocrx_word' id='word_1_213' title='bbox 335 2616 371 2660; x_wconf 85' lang='lat' dir='ltr'>ac</span> <span class='ocrx_word' id='word_1_214' title='bbox 385 2600 514 2676; x_wconf 86' lang='lat' dir='ltr'>lerninis,</span> <span class='ocrx_word' id='word_1_215' title='bbox 540 2602 672 2679; x_wconf 91' lang='lat' dir='ltr'>quoniam</span> <span class='ocrx_word' id='word_1_216' title='bbox 689 2605 817 2663; x_wconf 88' lang='lat' dir='ltr'>societas</span> <span class='ocrx_word' id='word_1_217' title='bbox 833 2605 1029 2684; x_wconf 90' lang='lat' dir='ltr'>principatum</span> <span class='ocrx_word' id='word_1_218' title='bbox 1046 2603 1139 2664; x_wconf 88' lang='lat' dir='ltr'>dedit.</span> 
     </span>
    </p>

    <p class='ocr_par' dir='ltr' id='par_1_7' title="bbox 89 2680 1197 3103">
     <span class='ocr_line' id='line_1_29' title="bbox 89 2680 1153 2766; baseline 0.003 -23"><span class='ocrx_word' id='word_1_219' title='bbox 89 2687 124 2743; x_wconf 77' lang='lat'>47</span> <span class='ocrx_word' id='word_1_220' title='bbox 198 2680 282 2760; x_wconf 88' lang='grc'>(23.)</span> <span class='ocrx_word' id='word_1_221' title='bbox 306 2682 462 2744; x_wconf 81' lang='lat' dir='ltr'>Amaranto</span> <span class='ocrx_word' id='word_1_222' title='bbox 486 2701 543 2743; x_wconf 91' lang='lat' dir='ltr'>non</span> <span class='ocrx_word' id='word_1_223' title='bbox 569 2685 656 2745; x_wconf 89' lang='lat' dir='ltr'>dubie</span> <span class='ocrx_word' id='word_1_224' title='bbox 682 2687 830 2747; x_wconf 86' lang='lat' dir='ltr'>vincimur.</span> <span class='ocrx_word' id='word_1_225' title='bbox 872 2697 917 2748; x_wconf 90' lang='lat' dir='ltr'>est</span> <span class='ocrx_word' id='word_1_226' title='bbox 944 2697 1042 2750; x_wconf 89' lang='lat' dir='ltr'>autern</span> <span class='ocrx_word' id='word_1_227' title='bbox 1068 2689 1153 2766; x_wconf 90' lang='lat' dir='ltr'>spica</span> 
     </span>
     <span class='ocr_line' id='line_1_30' title="bbox 132 2767 1152 2851; baseline 0.009 -29"><span class='ocrx_word' id='word_1_228' title='bbox 132 2782 276 2843; x_wconf 89' lang='lat' dir='ltr'>purpurea</span> <span class='ocrx_word' id='word_1_229' title='bbox 294 2767 391 2826; x_wconf 87' lang='lat' dir='ltr'>verius</span> <span class='ocrx_word' id='word_1_230' title='bbox 414 2768 568 2846; x_wconf 86' lang='lat' dir='ltr'>qnam‘hos</span> <span class='ocrx_word' id='word_1_231' title='bbox 590 2769 709 2847; x_wconf 86' lang='lat' dir='ltr'>aliquis,</span> <span class='ocrx_word' id='word_1_232' title='bbox 737 2779 767 2831; x_wconf 94' lang='lat' dir='ltr'>et</span> <span class='ocrx_word' id='word_1_233' title='bbox 788 2773 852 2851; x_wconf 88' lang='lat' dir='ltr'>ipse</span> <span class='ocrx_word' id='word_1_234' title='bbox 871 2773 934 2832; x_wconf 89' lang='lat' dir='ltr'>sine</span> <span class='ocrx_word' id='word_1_235' title='bbox 957 2772 1065 2833; x_wconf 92' lang='lat' dir='ltr'>odore.</span> <span class='ocrx_word' id='word_1_236' title='bbox 1099 2773 1152 2831; x_wconf 92' lang='lat' dir='ltr'>rni-</span> 
     </span>
     <span class='ocr_line' id='line_1_31' title="bbox 131 2847 1181 2935; baseline 0.005 -28"><span class='ocrx_word' id='word_1_237' title='bbox 131 2864 192 2907; x_wconf 91' lang='lat' dir='ltr'>rnm</span> <span class='ocrx_word' id='word_1_238' title='bbox 208 2847 236 2906; x_wconf 95' lang='lat' dir='ltr'>ln</span> <span class='ocrx_word' id='word_1_239' title='bbox 258 2866 294 2908; x_wconf 92' lang='lat' dir='ltr'>eo</span> <span class='ocrx_word' id='word_1_240' title='bbox 313 2850 443 2927; x_wconf 84' lang='lat' dir='ltr'>gaudere</span> <span class='ocrx_word' id='word_1_241' title='bbox 458 2852 578 2932; x_wconf 91' lang='lat' dir='ltr'>decerpi</span> <span class='ocrx_word' id='word_1_242' title='bbox 600 2861 630 2912; x_wconf 88' lang='lat' dir='ltr'>et</span> <span class='ocrx_word' id='word_1_243' title='bbox 650 2852 754 2915; x_wconf 87' lang='lat' dir='ltr'>laetius</span> <span class='ocrx_word' id='word_1_244' title='bbox 770 2858 897 2916; x_wconf 90' lang='lat' dir='ltr'>renasci.</span> <span class='ocrx_word' id='word_1_245' title='bbox 931 2859 1074 2935; x_wconf 84' lang='lat' dir='ltr'>provenit</span> <span class='ocrx_word' id='word_1_246' title='bbox 1089 2855 1181 2915; x_wconf 82' lang='lat' dir='ltr'>An-st</span> 
     </span>
     <span class='ocr_line' id='line_1_32' title="bbox 131 2936 1197 3022; baseline 0.01 -34"><span class='ocrx_word' id='word_1_247' title='bbox 131 2939 217 3009; x_wconf 80' lang='lat' dir='ltr'>gusto</span> <span class='ocrx_word' id='word_1_248' title='bbox 238 2949 354 3008; x_wconf 87' lang='lat' dir='ltr'>mense,</span> <span class='ocrx_word' id='word_1_249' title='bbox 383 2936 465 2996; x_wconf 86' lang='lat' dir='ltr'>durat</span> <span class='ocrx_word' id='word_1_250' title='bbox 485 2937 513 2995; x_wconf 95' lang='lat' dir='ltr'>in</span> <span class='ocrx_word' id='word_1_251' title='bbox 534 2946 704 2997; x_wconf 87' lang='lat' dir='ltr'>autumnum.</span> <span class='ocrx_word' id='word_1_252' title='bbox 740 2939 940 3001; x_wconf 87' lang='lat' dir='ltr'>Alexandrino</span> <span class='ocrx_word' id='word_1_253' title='bbox 965 2941 1082 3022; x_wconf 86' lang='lat' dir='ltr'>palma,</span> <span class='ocrx_word' id='word_1_254' title='bbox 1102 2940 1153 3020; x_wconf 91' lang='lat' dir='ltr'>qui</span> <span class='ocrx_word' id='word_1_255' title='bbox 1196 2969 1197 2972; x_wconf 35' lang='lat'>¹</span> 
     </span>
     <span class='ocr_line' id='line_1_33' title="bbox 133 3015 1196 3103; baseline 0.009 -28"><span class='ocrx_word' id='word_1_256' title='bbox 133 3015 288 3094; x_wconf 88' lang='lat' dir='ltr'>decerptus</span> <span class='ocrx_word' id='word_1_257' title='bbox 307 3015 495 3098; x_wconf 86' lang='lat' dir='ltr'>adservatur,</span> <span class='ocrx_word' id='word_1_258' title='bbox 532 3022 679 3099; x_wconf 88' lang='lat' dir='ltr'>mireque,</span> <span class='ocrx_word' id='word_1_259' title='bbox 710 3033 864 3103; x_wconf 89' lang='lat' dir='ltr'>postquam</span> <span class='ocrx_word' id='word_1_260' title='bbox 887 3024 1033 3086; x_wconf 89' lang='lat' dir='ltr'>deiecere</span> <span class='ocrx_word' id='word_1_261' title='bbox 1056 3025 1153 3085; x_wconf 89' lang='lat' dir='ltr'>cuncti</span> <span class='ocrx_word' id='word_1_262' title='bbox 1194 3031 1196 3100; x_wconf 76' lang='lat' dir='ltr'>f</span> 
     </span>
    </p>
   </div>
   <div class='ocr_carea' id='block_1_3' title="bbox 87 3098 1196 3614">
    <p class='ocr_par' dir='ltr' id='par_1_8' title="bbox 87 3098 1196 3614">
     <span class='ocr_line' id='line_1_34' title="bbox 132 3098 1196 3196; baseline 0.011 -38"><span class='ocrx_word' id='word_1_263' title='bbox 132 3098 237 3174; x_wconf 84' lang='lat' dir='ltr'>hores,</span> <span class='ocrx_word' id='word_1_264' title='bbox 265 3099 443 3162; x_wconf 79' lang='lat' dir='ltr'>madefactus</span> <span class='ocrx_word' id='word_1_265' title='bbox 460 3121 534 3184; x_wconf 90' lang='lat' dir='ltr'>aqna</span> <span class='ocrx_word' id='word_1_266' title='bbox 549 3105 708 3167; x_wconf 86' lang='lat' dir='ltr'>revivescit</span> <span class='ocrx_word' id='word_1_267' title='bbox 723 3116 752 3167; x_wconf 90' lang='lat' dir='ltr'>et</span> <span class='ocrx_word' id='word_1_268' title='bbox 766 3108 905 3169; x_wconf 84' lang='lat' dir='ltr'>hibernas</span> <span class='ocrx_word' id='word_1_269' title='bbox 922 3127 1054 3170; x_wconf 89' lang='lat' dir='ltr'>coronas</span> <span class='ocrx_word' id='word_1_270' title='bbox 1069 3111 1149 3170; x_wconf 86' lang='lat' dir='ltr'>lacit.</span> <span class='ocrx_word' id='word_1_271' title='bbox 1193 3111 1196 3196; x_wconf 55' lang='grc' dir='ltr'>ξ</span> 
     </span>
     <span class='ocr_line' id='line_1_35' title="bbox 132 3188 1195 3274; baseline 0.012 -33"><span class='ocrx_word' id='word_1_272' title='bbox 132 3199 239 3242; x_wconf 89' lang='lat' dir='ltr'>summa</span> <span class='ocrx_word' id='word_1_273' title='bbox 261 3192 361 3242; x_wconf 87' lang='lat' dir='ltr'>natura</span> <span class='ocrx_word' id='word_1_274' title='bbox 385 3188 446 3245; x_wconf 90' lang='lat' dir='ltr'>eins</span> <span class='ocrx_word' id='word_1_275' title='bbox 471 3190 499 3247; x_wconf 90' lang='lat' dir='ltr'>in</span> <span class='ocrx_word' id='word_1_276' title='bbox 523 3189 637 3248; x_wconf 91' lang='lat' dir='ltr'>nomine</span> <span class='ocrx_word' id='word_1_277' title='bbox 661 3199 706 3250; x_wconf 86' lang='lat' dir='ltr'>est</span> <span class='ocrx_word' id='word_1_278' title='bbox 728 3192 905 3273; x_wconf 88' lang='lat' dir='ltr'>appellatio,</span> <span class='ocrx_word' id='word_1_279' title='bbox 929 3196 1071 3274; x_wconf 88' lang='lat' dir='ltr'>qnoniam</span> <span class='ocrx_word' id='word_1_280' title='bbox 1091 3211 1151 3254; x_wconf 94' lang='lat' dir='ltr'>non</span> <span class='ocrx_word' id='word_1_281' title='bbox 1193 3203 1195 3238; x_wconf 83' lang='lat'><strong>¹</strong></span> 
     </span>
     <span class='ocr_line' id='line_1_36' title="bbox 130 3275 1194 3342; baseline 0.013 -17"><span class='ocrx_word' id='word_1_282' title='bbox 130 3275 301 3326; x_wconf 88' lang='lat' dir='ltr'>marcescat.</span> <span class='ocrx_word' id='word_1_283' title='bbox 1027 3289 1030 3292; x_wconf 86' lang='grc'><em>·</em></span> <span class='ocrx_word' id='word_1_284' title='bbox 1157 3296 1194 3342; x_wconf 68' lang='lat' dir='ltr'>as.</span> 
     </span>
     <span class='ocr_line' id='line_1_37' title="bbox 87 3349 1148 3438; baseline 0.01 -27"><span class='ocrx_word' id='word_1_285' title='bbox 87 3355 124 3411; x_wconf 81' lang='lat' dir='ltr'>ta</span> <span class='ocrx_word' id='word_1_286' title='bbox 197 3349 282 3428; x_wconf 87' lang='grc'>(24.)</span> <span class='ocrx_word' id='word_1_287' title='bbox 306 3349 338 3409; x_wconf 95' lang='lat' dir='ltr'>ln</span> <span class='ocrx_word' id='word_1_288' title='bbox 352 3352 467 3413; x_wconf 91' lang='lat' dir='ltr'>nominc</span> <span class='ocrx_word' id='word_1_289' title='bbox 483 3363 512 3414; x_wconf 89' lang='lat' dir='ltr'>ct</span> <span class='ocrx_word' id='word_1_290' title='bbox 528 3357 611 3431; x_wconf 78' lang='lat' dir='ltr'>cyani</span> <span class='ocrx_word' id='word_1_291' title='bbox 627 3357 719 3438; x_wconf 88' lang='lat' dir='ltr'>colos,</span> <span class='ocrx_word' id='word_1_292' title='bbox 741 3360 809 3420; x_wconf 89' lang='lat' dir='ltr'>item</span> <span class='ocrx_word' id='word_1_293' title='bbox 826 3359 1011 3438; x_wconf 82' lang='lat' dir='ltr'>holochrysi.</span> <span class='ocrx_word' id='word_1_294' title='bbox 1045 3381 1148 3424; x_wconf 89' lang='lat' dir='ltr'>ornnes</span> 
     </span>
     <span class='ocr_line' id='line_1_38' title="bbox 130 3432 1147 3526; baseline 0.017 -35"><span class='ocrx_word' id='word_1_295' title='bbox 130 3441 225 3493; x_wconf 87' lang='lat' dir='ltr'>autem</span> <span class='ocrx_word' id='word_1_296' title='bbox 250 3432 392 3495; x_wconf 85' lang='lat' dir='ltr'>hillones</span> <span class='ocrx_word' id='word_1_297' title='bbox 417 3455 474 3497; x_wconf 93' lang='lat' dir='ltr'>non</span> <span class='ocrx_word' id='word_1_298' title='bbox 500 3439 582 3500; x_wconf 89' lang='lat' dir='ltr'>luere</span> <span class='ocrx_word' id='word_1_299' title='bbox 604 3441 632 3499; x_wconf 90' lang='lat' dir='ltr'>in</span> <span class='ocrx_word' id='word_1_300' title='bbox 657 3459 710 3500; x_wconf 91' lang='lat' dir='ltr'>usu</span> <span class='ocrx_word' id='word_1_301' title='bbox 730 3441 891 3506; x_wconf 78' lang='lat' dir='ltr'>Alexandri</span> <span class='ocrx_word' id='word_1_302' title='bbox 913 3445 1014 3526; x_wconf 79' lang='lat' dir='ltr'>Magni</span> <span class='ocrx_word' id='word_1_303' title='bbox 1038 3458 1147 3525; x_wconf 85' lang='lat' dir='ltr'>aetate,</span> 
     </span>
     <span class='ocr_line' id='line_1_39' title="bbox 131 3517 1146 3614; baseline 0.02 -40"><span class='ocrx_word' id='word_1_304' title='bbox 131 3517 264 3596; x_wconf 89' lang='lat' dir='ltr'>quoniam</span> <span class='ocrx_word' id='word_1_305' title='bbox 283 3522 414 3592; x_wconf 88' lang='lat' dir='ltr'>proxumi</span> <span class='ocrx_word' id='word_1_306' title='bbox 429 3537 444 3580; x_wconf 91' lang='lat' dir='ltr'>a</span> <span class='ocrx_word' id='word_1_307' title='bbox 459 3532 552 3583; x_wconf 89' lang='lat' dir='ltr'>morte</span> <span class='ocrx_word' id='word_1_308' title='bbox 568 3525 629 3584; x_wconf 88' lang='lat' dir='ltr'>eius</span> <span class='ocrx_word' id='word_1_309' title='bbox 645 3535 780 3589; x_wconf 87' lang='lat' dir='ltr'>auctores</span> <span class='ocrx_word' id='word_1_310' title='bbox 799 3531 908 3592; x_wconf 92' lang='lat' dir='ltr'>siluere</span> <span class='ocrx_word' id='word_1_311' title='bbox 926 3530 964 3593; x_wconf 92' lang='lat' dir='ltr'>de</span> <span class='ocrx_word' id='word_1_312' title='bbox 984 3533 1063 3611; x_wconf 88' lang='lat' dir='ltr'>illis,</span> <span class='ocrx_word' id='word_1_313' title='bbox 1089 3552 1146 3614; x_wconf 93' lang='lat' dir='ltr'>qno</span> 
     </span>
    </p>
   </div>
   <div class='ocr_carea' id='block_1_4' title="bbox 0 0 1208 3914">
    <p class='ocr_par' dir='ltr' id='par_1_9' title="bbox 0 0 1208 3914">
     <span class='ocr_line' id='line_1_40' title="bbox 0 0 1208 3914; baseline 0 0"><span class='ocrx_word' id='word_1_314' title='bbox 0 0 1208 3914; x_wconf 95' lang='lat' dir='ltr'> </span> 
     </span>
    </p>
   </div>
  </div>
 </body>
</html>
