2504 3930
156 234 218 300 302
498 247 528 298 c.
544 229 640 297 ehrru
658 248 807 298 securum

154 412 288 466 autumno
302 411 331 464 et
344 402 491 466 ubimulta
505 405 599 464 dulcis
614 421 687 482 aqua
702 401 839 467 miscetur
852 405 934 480 mari,
950 401 988 464 ob
1003 403 1031 462 id
1048 404 1077 462 in
1089 401 1147 464 he

153 498 244 566 gypto
264 487 461 548 laudatissimi.
486 487 665 567 procedente
685 487 779 546 hieme
800 488 1014 548 amaritudinem
1034 486 1150 546 trahunt

109 579 144 634 96
155 572 342 650 coloremque
358 572 483 632 rubrum.
506 571 607 631 horum
620 573 664 630 ius
678 570 799 634 traditur
812 572 907 632 alvom
923 581 953 631 et
962 572 1077 630 vesicas
1089 572 1148 631 exi·

64 663 68 670 ·
152 656 267 732 uenire,
287 657 437 716 interanea
455 655 655 733 destringere,
681 656 773 714 omnia
795 655 965 734 adaperire,
986 657 1065 714 renis
1082 673 1148 732 pur-

150 757 239 815 gare,
261 739 428 816 sanguinem
449 739 620 817 adipemque
640 739 778 798 minuere.
809 740 905 816 itaque
922 738 1063 798 utilissimi
1085 745 1175 797 suntt

150 821 329 900 hydropicis,
344 824 493 882 mulierum
506 820 733 902 purgationibus,
745 821 847 882 morbo
860 823 955 899 regio,
971 821 1149 897 articulario,

149 905 359 983 inflationibus,
384 908 452 966 item
468 905 568 966 obesis
588 903 667 965 iellis
682 905 873 984 pituitaeque,
898 905 1060 985 pulmonis,
1078 907 1149 964 ioci·

150 991 237 1066 neris,
253 990 336 1049 lienis
347 991 435 1066 uitiis,
450 989 667 1050 rheumatismis.
690 988 783 1050 faucis
794 998 901 1050 tantum
913 997 1019 1058 vexant
1030 1006 1149 1048 vocenr-

106 1077 139 1136 ot
152 1090 208 1150 que
223 1072 391 1134 obtundunt.
412 1074 512 1134 ulcera
524 1091 599 1152 quae
614 1083 734 1152 serpent
748 1083 795 1132 aut
810 1075 865 1132 sint
877 1072 1025 1152 purganda
1035 1081 1148 1146 sanant,

149 1157 218 1216 item
249 1158 459 1233 carcinomata,
492 1157 610 1216 cremati
637 1166 667 1216 ut
694 1157 820 1229 murices
849 1165 879 1216 et
902 1175 1016 1216 morsus
1045 1167 1184 1215 cauumto

148 1239 350 1318 hominumque
363 1258 426 1300 cum
438 1239 536 1316 melle,
551 1239 661 1318 lepras,
680 1241 843 1316 lentigines.
867 1241 939 1300 cinis
955 1257 1056 1300 eorum
1070 1239 1151 1300 lotus
1242 1285 1246 1300 .

149 1324 281 1384 emendat
299 1324 456 1401 caligines,
476 1322 643 1399 scabritias,
660 1323 822 1401 albugines,
838 1324 1018 1400 gingivarum
1035 1333 1064 1382 et
1079 1322 1150 1382 den-

147 1408 216 1466 tium
231 1409 310 1484 vitia,
327 1409 496 1487 eruptiones
512 1409 643 1485 pituitae,
664 1417 694 1467 et
708 1416 808 1466 contra
826 1408 994 1482 dorycnium
1008 1415 1057 1466 aut
1076 1425 1149 1485 epo-

104 1500 139 1556 98
150 1491 309 1568 carpathon
320 1491 439 1552 antidoti
448 1493 541 1550 vicem
550 1491 687 1570 optinent.
704 1491 883 1568 degenerant
894 1493 922 1550 in
931 1490 1001 1550 duas
1014 1492 1149 1570 species:

18 1602 35 1626 s
85 1599 88 1613 .
146 1575 262 1634 mitulos
274 1577 323 1652 qui
336 1576 424 1635 salem
437 1577 573 1654 virusque
585 1575 736 1653 resipiunt,
748 1576 873 1648 myiscas
886 1593 960 1652 quae
971 1573 1149 1634 rotunditate
1160 1589 1187 1630 ts

147 1657 296 1733 differunt,
314 1659 441 1718 minores
459 1658 605 1737 aliquanto
627 1668 713 1736 atque
730 1656 840 1733 hirtae,
857 1658 1036 1718 tenuioribus
1051 1659 1150 1733 testis,

148 1759 234 1802 carne
250 1741 407 1802 dulciores.
437 1743 529 1804 Mituli
543 1759 660 1820 qnoque
679 1751 710 1800 ut
723 1743 839 1803 muricis
860 1743 974 1801 cineres
991 1743 1150 1802 causticam

145 1827 203 1884 vim
217 1825 324 1885 habent
342 1835 371 1886 et
387 1825 423 1885 ad
438 1826 547 1904 lepras,
570 1824 741 1902 lentigines,
763 1825 900 1885 maculas.
932 1825 1062 1885 lavantur
1078 1843 1149 1903 qno-

147 1926 203 1986 que
221 1908 328 1987 plumbi
343 1909 430 1970 modo
451 1910 487 1971 ud
504 1927 643 1986 genarum
659 1908 865 1969 crassitudines
888 1917 916 1968 et
937 1908 1087 1968 oculorum
1108 1907 1149 1968 al-

146 1991 269 2069 bugines
285 1993 502 2072 caliginesque,
527 2002 612 2071 atque
634 1994 664 2051 in
685 1993 749 2052 aliis
768 1990 898 2068 partibus
913 1991 1030 2052 sordida
1046 1993 1187 2054 ulcerato

147 2077 308 2153 capitisque
334 2077 462 2155 pusulas.
492 2094 595 2136 carnes
622 2093 721 2138 eorum
750 2074 787 2135 ad
816 2077 895 2134 canis
924 2093 1037 2135 morsus
1065 2077 1149 2154 inpo-

102 2168 260 2224 99nuntur.
289 2167 317 2218 at
334 2158 483 2236 pelorides
500 2158 649 2218 emolliunt
663 2151 773 2235 alvom,
792 2159 860 2218 item
881 2168 1014 2219 castorea
1029 2160 1057 2218 in
1075 2177 1167 2237 aqua⁴

145 2241 238 2302 mulsa
254 2241 397 2302 drachmis
418 2239 502 2302 binis.
533 2243 581 2319 qui
599 2240 798 2302 vehementius
815 2243 915 2303 velunt
935 2243 1042 2302 addunt
1062 2261 1149 2302 cneu-

59 2360 66 2371 »
144 2327 231 2384 meris
244 2327 328 2385 sativi
339 2326 446 2385 radicis
460 2328 587 2386 siccatae
599 2326 763 2386 drachmam
779 2335 808 2385 et
819 2325 976 2404 aphronitri
989 2327 1071 2390 duas.
1093 2325 1148 2386 'l'e-

144 2410 210 2469 theu
232 2409 402 2470 torminibus
424 2419 452 2468 et
472 2408 665 2469 inflationibus
682 2419 847 2470 occurrunt.
878 2410 1060 2470 inveniuntur
1074 2409 1187 2470 haecne

145 2495 174 2552 in
188 2494 268 2552 toliis
284 2493 400 2553 marinis
415 2495 563 2570 sugentis,
586 2493 740 2570 fungorum
755 2494 853 2553 verius
867 2495 986 2570 generis
1003 2511 1090 2572 quam
1106 2495 1149 2570 pi·

103 2589 154 2641 100
164 2579 265 2638 scium.
289 2576 436 2637 eademst
452 2587 613 2638 tenesmum
624 2576 787 2639 dissolvent
803 2578 972 2654 reniumque
987 2578 1066 2644 vitia
1090 2575 1149 2637 Na·

145 2663 235 2720 scitur
258 2670 286 2721 et
310 2663 338 2720 in
358 2664 428 2720 mari
446 2660 631 2740 apsinthium,
655 2660 733 2738 quod
755 2661 842 2738 aliqui
866 2661 1012 2740 seriphum
1028 2671 1149 2738 vocant,

145 2747 223 2806 circa
232 2745 394 2823 Taposirim
407 2763 539 2805 maxume
547 2745 688 2824 Aegypti,
702 2744 805 2804 exilius
817 2746 958 2804 terrestri.
978 2743 1076 2804 alvom
1090 2745 1148 2804 sol·

145 2830 226 2888 vitet
241 2829 336 2888 noxiis
347 2828 513 2888 animalibus
527 2830 660 2888 intestina
674 2827 962 2904 liberat,--solvont
974 2837 1003 2888 et
1015 2829 1147 2908 saepiae,
1156 2849 1185 2892 ao

104 2925 208 2976 101—-
223 2913 252 2971 in
271 2911 337 2972 cibo
354 2913 436 2972 datur
454 2931 518 2972 cum
539 2912 652 2975 oleo'et
667 2911 729 2970 sale
746 2921 779 2972 et
789 2912 878 2972 farina
895 2922 1019 2972 coctum.
1042 2912 1148 2974 Menae

145 2995 241 3056 salsae
252 2995 512 3056 cumielletanrino
524 2996 622 3056 inlitae
631 2995 768 3056 umbilico
778 2995 1007 3056 alromsolvont.
1024 2998 1149 3074 piscium

144 3083 189 3140 ius
203 3080 232 3138 in
243 3080 338 3158 patina
354 3089 503 3139 coctorum
519 3098 580 3139 cum
598 3079 719 3139 lactucis
734 3089 894 3140 tenesmum
904 3079 1029 3138 discutit.
1048 3079 1150 3140 cancri

145 3162 298 3223 fluviatiles
317 3163 374 3222 triti
392 3172 421 3223 et
443 3181 480 3223 ex
503 3181 576 3241 aqua
592 3164 654 3242 poti
681 3163 776 3222 alvom
798 3163 916 3239 sistunt,
938 3164 1046 3224 urinam
1070 3167 1149 3224 cient

144 3249 173 3306 in
184 3248 251 3306 vino
263 3245 342 3306 albo.
364 3246 508 3324 ademptis
521 3246 666 3306 bracchiis
678 3246 807 3308 calculos
819 3245 930 3326 pellunt
942 3245 1034 3306 tribus
1050 3247 1183 3308 obolisae

145 3348 209 3390 cunr
216 3347 311 3390 murra
324 3330 394 3390 etiri
403 3330 448 3407 de,
458 3331 579 3406 singulis
589 3347 686 3390 earum
694 3330 847 3406 drachmis,
857 3331 931 3392 ileos
944 3339 974 3389 et
984 3329 1148 3390 inilationes

145 3423 279 3473 castorea
296 3431 360 3474 cum
375 3413 458 3474 dauci
473 3415 583 3475 semine
601 3423 631 3473 et
650 3414 832 3493 petroselino
849 3423 982 3492 quantum
998 3415 1089 3472 ternis
1105 3413 1146 3473 di·

145 3497 215 3571 gitis
231 3505 372 3573 sumatur,
392 3516 430 3556 ex
449 3497 533 3557 mulsi
550 3497 624 3558 caldi
643 3499 754 3574 cyathis
772 3507 920 3578 quattuor,
936 3497 1145 3558 terminavere
1242 3501 1246 3512 '
