2504 3930
167 235 231 297 238
519 247 550 298 c.
567 249 825 298 aurursncnunr

167 411 225 464 tum
240 402 357 464 faciunt.
390 403 448 464 hoc
468 402 542 464 idern
563 391 698 478 hystricis
716 405 797 482 spina
817 403 925 462 fecisse
946 403 982 462 ad
998 401 1162 461 firmitatem

67 557 72 566 ⁵
166 488 302 566 pertinet.
333 488 449 564 linguae
465 488 563 547 ulcera
581 497 610 546 et
624 487 768 547 labrorum
779 487 944 547 hirundines
958 487 987 544 ιιι
1001 484 1093 544 mulso
1109 483 1161 544 de-

168 580 271 630 coctae
284 581 394 646 serant,
410 571 492 649 adips
507 573 618 630 anseris
634 581 680 630 ant
692 570 818 648 gallinae
831 572 927 645 rimas,
940 585 1082 646 oesypum
1094 582 1162 626 cnm

167 653 260 731 galla,
280 671 448 714 araneorum
464 655 541 714 telae
557 654 695 714 candidae
717 664 746 713 et
761 671 833 732 quae
857 655 885 712 ιιι
900 651 1027 712 trabibus
1048 667 1161 730 parvae

165 745 310 797 texuntur.
333 739 358 797 si
371 738 513 798 terrentia
530 755 564 796 cs
578 738 652 796 intus
667 740 840 815 exusserint,
855 737 931 796 lactc
945 737 1047 795 canino
1063 735 1161 794 statim
1175 749 1192 790 a

161 820 348 897 sanabuntur.

123 915 158 970 28
219 905 301 984 (10.)
323 904 450 965 Maculas
467 907 496 965 in
510 904 583 964 facie
601 920 741 983 oesypum
757 922 820 964 oum
833 903 919 965 melle
938 901 1060 962 Corsico
1081 899 1163 979 quod

165 989 352 1065 asperrimum
366 987 487 1048 habetur
502 983 646 1063 extenuat,
660 990 726 1046 item
742 987 862 1048 scobem
877 988 949 1047 cutis
963 987 991 1045 in
1005 985 1081 1044 facie
1095 1001 1162 1044 cum

163 1088 290 1130 rosaceo
305 1073 458 1150 inpositum
473 1071 594 1147 vellere,
609 1103 652 1118 --
668 1072 781 1148 quidam
796 1079 825 1130 et
837 1071 968 1145 butyrum
985 1067 1101 1144 addant,
1117 1099 1163 1114 -
1183 1123 1188 1134 ,

165 1157 189 1214 si
206 1172 278 1214 vero
293 1155 449 1232 vitiligines
465 1158 529 1230 sint,
545 1153 586 1213 fel
602 1155 730 1215 caninum
746 1156 825 1232 prins
842 1173 896 1214 acu
911 1154 1107 1249 conpunctas,
1132 1159 1199 1210 utro

164 1237 282 1298 liventia
298 1248 327 1297 et
342 1239 496 1315 suggillata
511 1239 663 1315 pulmones
678 1239 796 1299 arietum
809 1235 1033 1314 pecudumque
1024 1253 1053 1294 ιιι
1064 1235 1162 1294 tenuis

166 1322 296 1381 consecti
313 1322 492 1382 membranas
513 1320 619 1380 calidi
611 1321 744 1400 inpositi,
766 1321 814 1380 vel
837 1320 1029 1381 columbinum
1053 1319 1161 1378 limum.

122 1413 156 1468 29
169 1403 292 1465 Cutem
284 1423 312 1464 m
329 1406 419 1466 facie
424 1404 548 1464 custodit
565 1405 646 1483 adips
667 1407 778 1465 anseris
799 1404 847 1463 val
864 1394 1002 1502 gallinae:
1028 1401 1161 1462 lichenas

166 1497 195 1548 et
208 1490 319 1548 murino
338 1490 403 1548 limo
423 1508 460 1548 ex
481 1497 565 1548 aceto
581 1489 699 1548 inlinunt
719 1497 748 1547 et
763 1488 861 1548 cinere
875 1487 1003 1546 irenacei
1026 1505 1064 1545 er
1078 1485 1159 1544 oleo.

164 1575 194 1631 in
212 1573 267 1631 hac
283 1573 430 1632 curatione
450 1574 531 1650 prius
550 1573 624 1630 nitro
639 1591 676 1630 ex
696 1580 782 1631 aceto
800 1571 904 1631 faciem
925 1570 1019 1629 foveri
1043 1570 1160 1648 praeci·
1172 1582 1199 1623 m

165 1657 254 1733 piunt.
281 1656 358 1715 tollit
372 1675 410 1715 cr
424 1655 498 1716 lucio
513 1654 581 1714 vitia
598 1665 627 1714 et
650 1656 813 1715 coclearum
828 1673 902 1733 quae
922 1654 998 1714 latae
1018 1662 1048 1711 et
1068 1655 1160 1712 minu·

165 1749 211 1798 tue
235 1740 343 1818 passim
370 1741 550 1800 inveniuntur
572 1757 634 1798 cum
661 1739 755 1798 melle.
776 1740 857 1798 cinis.
901 1739 1024 1798 omniurn
1043 1735 1161 1814 quidem

166 1822 330 1882 coclearum
347 1824 419 1883 cinis
435 1826 552 1900 spissat,
570 1823 695 1898 calfacit,
712 1823 847 1880 smectica
864 1821 908 1898 ri,
930 1830 959 1880 ct
972 1820 1038 1878 ideo
1054 1820 1160 1878 causti·

165 1907 207 1965 cis
222 1909 368 1982 miscetur,
384 1907 538 1984 psorisque
555 1915 584 1964 et
598 1906 687 1983 lepris
700 1915 729 1964 et
740 1905 869 1981 lentigini
879 1904 1014 1963 inlinitur.
1041 1903 1157 1960 invenio

166 1999 195 2048 et
210 1989 345 2048 formicas
363 1989 560 2050 Herculaneas
581 1989 722 2066 appellari
742 1988 845 2066 quibus
863 1988 938 2046 tritis
957 1985 1071 2047 adiecto
1093 1985 1157 2044 sale
1169 1998 1197 2039 m

122 2083 157 2138 30
169 2074 274 2148 exiguo
287 2073 353 2132 talia
368 2074 434 2131 vitia
447 2081 591 2130 sanentur.
623 2071 767 2149 buprestis
783 2071 885 2130 animal
901 2079 945 2130 est
956 2085 1050 2130 rarum
1065 2068 1159 2128 inita-

166 2156 221 2230 lia,
238 2155 408 2214 simillimum
432 2154 592 2214 scarabaeo
607 2153 767 2232 longipedi.
797 2153 870 2214 fallit
891 2155 964 2212 inter
984 2151 1089 2212 herbas
1104 2151 1159 2210 hc-

163 2255 229 2296 rem
248 2255 396 2313 maxume,
414 2237 489 2296 unde
511 2246 541 2296 ct
561 2253 665 2296 nornen
680 2238 803 2312 invenit,
829 2237 1053 2313 devoratumque
1077 2243 1159 2294 tacto

164 2321 235 2380 felle
250 2323 289 2380 ita
306 2321 458 2380 inllammat
473 2330 505 2379 ut
519 2330 640 2398 rumpat.
670 2320 745 2380 haec
765 2338 828 2380 eum
848 2319 959 2379 hircino
981 2319 1053 2378 sebo
1075 2318 1160 2378 inlita

121 2425 151 2467 aa,
163 2425 185 2458 ss
205 2405 333 2464 lichenas
348 2423 385 2464 ex
396 2403 471 2464 facie
487 2403 563 2463 tollit
577 2405 686 2482 septica
700 2405 740 2480 vi,
757 2413 787 2463 ut
804 2403 1009 2481 supradictum
1024 2411 1077 2460 est.
1093 2401 1197 2460 vol-ec

163 2490 272 2548 turinus
294 2489 412 2566 sanguis
431 2507 493 2548 curn
510 2487 722 2548 chamaeleonis
740 2487 840 2563 albae,
857 2504 941 2564 quam
955 2485 1072 2544 herbam
1088 2503 1160 2544 asse

122 2592 151 2637 aa,
163 2591 186 2630 sc
193 2573 324 2648 diximus,
336 2573 434 2632 radice
447 2581 476 2632 et
489 2571 586 2631 cedria
600 2573 683 2630 tritus
698 2579 905 2646 contectusque
917 2569 1045 2628 brassica
1057 2567 1161 2646 lepras

164 2666 260 2734 sanat,
282 2657 349 2714 item
371 2656 462 2733 pedes
479 2657 654 2715 locustarum
671 2673 734 2714 cum
754 2653 827 2713 sebo
842 2653 953 2712 hircino
972 2653 1038 2710 triti.
1068 2668 1160 2712 varos

163 2740 245 2814 adips
273 2739 452 2816 gallinaceus
474 2757 536 2800 cum
558 2755 632 2816 cepa
652 2737 796 2796 subactus.
834 2735 1039 2795 utilissimum
1030 2751 1059 2792 ιιι
1080 2734 1159 2794 facie

162 2822 244 2882 mel
235 2837 264 2881 ιιι
279 2839 336 2900 quo
351 2841 424 2901 apes
436 2825 492 2882 sint
506 2824 675 2900 inmortuae,
691 2823 846 2898 praecipue
861 2829 956 2878 tamen
969 2819 1073 2879 taciem
1088 2837 1156 2894 pur·
1170 2825 1198 2868 ³⁰

164 2914 215 2983 gat
231 2913 259 2964 et
280 2916 382 2982 erugat
395 2923 480 2983 cygni
474 2906 587 2984 'adips
614 2907 746 2982 stigmata
759 2900 890 2963 delentur
909 2901 1073 2962 columbino
1089 2902 1158 2960 fimo

163 3003 201 3048 ex
214 2997 309 3047 aceto.

121 3083 154 3137 31
219 3070 553 3149 (tamremutham
544 3071 660 3130 invenio
682 3071 772 3146 liniri,
795 3071 819 3129 si
841 3070 904 3147 quis
930 3069 1007 3128 naris
1033 3067 1158 3128 mulinas

164 3153 320 3214 osculatur
336 3172 391 3213 uva
405 3164 433 3214 et
444 3155 568 3215 lancium
579 3153 664 3214 dolor
676 3155 838 3238 mitigatur
834 3155 899 3212 limo
912 3169 1050 3228 agnorum
1063 3153 1157 3230 prins

163 3255 246 3315 quam
257 3237 376 3296 herbam
388 3240 586 3314 gustaverint
578 3258 605 3297 m
617 3238 715 3297 umbra
724 3224 869 3336 arefacto,
884 3253 939 3296 uva
949 3252 1020 3296 suco
1033 3235 1197 3296 cocleaeac

162 3339 215 3379 acu
232 3322 410 3380 transfossae
428 3321 524 3394 inlita
544 3330 573 3380 ut
596 3321 731 3380 coclea
722 3339 785 3399 ipsa
807 3321 929 3380 intumo
952 3312 1156 3418 suspendatur,

161 3402 338 3463 hirundinum
355 3405 453 3463 cinere
469 3421 530 3462 cunr
542 3405 637 3463 melle.
655 3406 698 3463 sic
711 3414 739 3464 et
750 3403 873 3464 tonsillis
885 3404 1068 3462 succurritur.
1092 3410 1156 3461 ton·

119 3483 242 3548 basillae
264 3497 294 3547 et
314 3487 406 3548 faucis
429 3487 512 3546 lactis
534 3487 613 3547 ovilli
637 3488 829 3564 gargarizatio
845 3487 966 3546 adiuvat.
998 3483 1156 3562 multipeda
