<?xml version="1.0" encoding="UTF-8"?>
<!DOCTYPE html PUBLIC "-//W3C//DTD XHTML 1.0 Transitional//EN"
    "http://www.w3.org/TR/xhtml1/DTD/xhtml1-transitional.dtd">
<html xmlns="http://www.w3.org/1999/xhtml" xml:lang="en" lang="en">
 <head>
  <title>
</title>
<meta http-equiv="Content-Type" content="text/html;charset=utf-8" />
  <meta name='ocr-system' content='tesseract 3.04.00' />
  <meta name='ocr-capabilities' content='ocr_page ocr_carea ocr_par ocr_line ocrx_word'/>
</head>
<body>
  <div class='ocr_page' id='page_1' title='image "./naturalishistor00plingoog_0604.png"; bbox 0 0 2508 3924; ppageno 0'>
   <div class='ocr_carea' id='block_1_1' title="bbox 229 243 875 308">
    <p class='ocr_par' dir='ltr' id='par_1_1' title="bbox 229 243 875 308">
     <span class='ocr_line' id='line_1_1' title="bbox 229 243 875 308; baseline -0.002 -4"><span class='ocrx_word' id='word_1_1' title='bbox 229 243 289 305; x_wconf 75' lang='lat'>192</span> <span class='ocrx_word' id='word_1_2' title='bbox 571 253 601 304; x_wconf 86' lang='lat' dir='ltr'>o.</span> <span class='ocrx_word' id='word_1_3' title='bbox 617 255 875 308; x_wconf 73' lang='lat' dir='ltr'>cumanensem</span> 
     </span>
    </p>
   </div>
   <div class='ocr_carea' id='block_1_2' title="bbox 185 407 1228 3559">
    <p class='ocr_par' dir='ltr' id='par_1_2' title="bbox 185 407 1199 820">
     <span class='ocr_line' id='line_1_2' title="bbox 185 407 1183 486; baseline -0.002 -18"><span class='ocrx_word' id='word_1_4' title='bbox 185 419 241 476; x_wconf 78' lang='lat'>196</span> <span class='ocrx_word' id='word_1_5' title='bbox 301 409 349 471; x_wconf 87' lang='grc'>13.</span> <span class='ocrx_word' id='word_1_6' title='bbox 371 407 452 486; x_wconf 85' lang='grc'>(54.)</span> <span class='ocrx_word' id='word_1_7' title='bbox 475 409 656 469; x_wconf 82' lang='lat' dir='ltr'>Stomachum</span> <span class='ocrx_word' id='word_1_8' title='bbox 681 407 874 470; x_wconf 78' lang='lat' dir='ltr'>exulceratam</span> <span class='ocrx_word' id='word_1_9' title='bbox 900 407 983 470; x_wconf 85' lang='lat' dir='ltr'>lactis</span> <span class='ocrx_word' id='word_1_10' title='bbox 1001 407 1097 468; x_wconf 85' lang='lat' dir='ltr'>asinini</span> <span class='ocrx_word' id='word_1_11' title='bbox 1112 415 1183 485; x_wconf 84' lang='lat' dir='ltr'>patus</span> 
     </span>
     <span class='ocr_line' id='line_1_3' title="bbox 226 490 1183 569; baseline -0.001 -17"><span class='ocrx_word' id='word_1_12' title='bbox 226 491 331 568; x_wconf 86' lang='lat' dir='ltr'>reiicit,</span> <span class='ocrx_word' id='word_1_13' title='bbox 347 494 413 551; x_wconf 88' lang='lat' dir='ltr'>item</span> <span class='ocrx_word' id='word_1_14' title='bbox 426 491 534 569; x_wconf 90' lang='lat' dir='ltr'>bubuli,</span> <span class='ocrx_word' id='word_1_15' title='bbox 555 495 687 552; x_wconf 77' lang='lat' dir='ltr'>rosiones</span> <span class='ocrx_word' id='word_1_16' title='bbox 704 493 766 551; x_wconf 89' lang='lat' dir='ltr'>eius</span> <span class='ocrx_word' id='word_1_17' title='bbox 780 509 849 552; x_wconf 81' lang='lat' dir='ltr'>cere</span> <span class='ocrx_word' id='word_1_18' title='bbox 863 491 969 552; x_wconf 88' lang='lat' dir='ltr'>huhuia</span> <span class='ocrx_word' id='word_1_19' title='bbox 983 490 1102 551; x_wconf 82' lang='lat' dir='ltr'>admixto</span> <span class='ocrx_word' id='word_1_20' title='bbox 1115 499 1183 551; x_wconf 90' lang='lat' dir='ltr'>aceto</span> 
     </span>
     <span class='ocr_line' id='line_1_4' title="bbox 227 574 1183 650; baseline -0.002 -16"><span class='ocrx_word' id='word_1_21' title='bbox 227 584 257 634; x_wconf 87' lang='lat' dir='ltr'>et</span> <span class='ocrx_word' id='word_1_22' title='bbox 270 577 336 634; x_wconf 81' lang='lat' dir='ltr'>v&#39;nnu</span> <span class='ocrx_word' id='word_1_23' title='bbox 353 583 454 650; x_wconf 81' lang='lat' dir='ltr'>coeto,</span> <span class='ocrx_word' id='word_1_24' title='bbox 473 574 691 636; x_wconf 79' lang='lat' dir='ltr'><strong>rheumatismos</strong></span> <span class='ocrx_word' id='word_1_25' title='bbox 707 591 811 634; x_wconf 87' lang='lat' dir='ltr'>coruus</span> <span class='ocrx_word' id='word_1_26' title='bbox 827 576 936 634; x_wconf 82' lang='lat' dir='ltr'>cervini</span> <span class='ocrx_word' id='word_1_27' title='bbox 950 575 1040 649; x_wconf 87' lang='lat' dir='ltr'>cinis,</span> <span class='ocrx_word' id='word_1_28' title='bbox 1060 575 1183 649; x_wconf 72' lang='lat' dir='ltr'>sanguinis</span> 
     </span>
     <span class='ocr_line' id='line_1_5' title="bbox 228 657 1181 732; baseline -0.002 -14"><span class='ocrx_word' id='word_1_29' title='bbox 228 659 445 723; x_wconf 75' lang='lat' dir='ltr'>exscreationes</span> <span class='ocrx_word' id='word_1_30' title='bbox 462 657 599 719; x_wconf 88' lang='lat' dir='ltr'>haedinus</span> <span class='ocrx_word' id='word_1_31' title='bbox 614 676 717 720; x_wconf 90' lang='lat' dir='ltr'>recens</span> <span class='ocrx_word' id='word_1_32' title='bbox 729 657 765 718; x_wconf 89' lang='lat' dir='ltr'>ad</span> <span class='ocrx_word' id='word_1_33' title='bbox 785 659 905 732; x_wconf 76' lang='lat' dir='ltr'>cyathos</span> <span class='ocrx_word' id='word_1_34' title='bbox 920 666 1020 717; x_wconf 85' lang='lat' dir='ltr'>ternos</span> <span class='ocrx_word' id='word_1_35' title='bbox 1042 673 1100 716; x_wconf 90' lang='lat' dir='ltr'>cun</span> <span class='ocrx_word' id='word_1_36' title='bbox 1117 664 1181 716; x_wconf 80' lang='lat' dir='ltr'>aceto</span> 
     </span>
     <span class='ocr_line' id='line_1_6' title="bbox 228 739 1199 820; baseline -0.004 -19"><span class='ocrx_word' id='word_1_37' title='bbox 228 744 288 802; x_wconf 89' lang='lat' dir='ltr'>aori</span> <span class='ocrx_word' id='word_1_38' title='bbox 313 741 480 819; x_wconf 87' lang='lat' dir='ltr'>parimodo</span> <span class='ocrx_word' id='word_1_39' title='bbox 509 741 626 800; x_wconf 87' lang='lat' dir='ltr'>ierveus</span> <span class='ocrx_word' id='word_1_40' title='bbox 649 750 749 820; x_wconf 89' lang='lat' dir='ltr'>potus,</span> <span class='ocrx_word' id='word_1_41' title='bbox 779 739 930 816; x_wconf 76' lang='lat' dir='ltr'>coagulum</span> <span class='ocrx_word' id='word_1_42' title='bbox 959 741 1043 799; x_wconf 88' lang='lat' dir='ltr'>tertia</span> <span class='ocrx_word' id='word_1_43' title='bbox 1064 748 1133 817; x_wconf 87' lang='lat' dir='ltr'>parte</span> <span class='ocrx_word' id='word_1_44' title='bbox 1151 757 1199 798; x_wconf 82' lang='lat' dir='ltr'>eus</span> 
     </span>
    </p>

    <p class='ocr_par' dir='ltr' id='par_1_3' title="bbox 189 821 1210 1568">
     <span class='ocr_line' id='line_1_7' title="bbox 189 821 1183 903; baseline -0.007 -15"><span class='ocrx_word' id='word_1_45' title='bbox 189 833 334 890; x_wconf 83' lang='lat' dir='ltr'>197aceto</span> <span class='ocrx_word' id='word_1_46' title='bbox 357 832 465 903; x_wconf 87' lang='lat' dir='ltr'>potum.</span> <span class='ocrx_word' id='word_1_47' title='bbox 498 825 583 902; x_wconf 86' lang='grc'>(55.)</span> <span class='ocrx_word' id='word_1_48' title='bbox 612 824 749 884; x_wconf 87' lang='lat' dir='ltr'>iocineris</span> <span class='ocrx_word' id='word_1_49' title='bbox 770 823 889 884; x_wconf 87' lang='lat' dir='ltr'>dolores</span> <span class='ocrx_word' id='word_1_50' title='bbox 912 824 972 900; x_wconf 86' lang='lat' dir='ltr'>lapi</span> <span class='ocrx_word' id='word_1_51' title='bbox 999 825 1079 882; x_wconf 88' lang='lat' dir='ltr'>iocur</span> <span class='ocrx_word' id='word_1_52' title='bbox 1100 821 1183 881; x_wconf 87' lang='lat' dir='ltr'>aridun</span> 
     </span>
     <span class='ocr_line' id='line_1_8' title="bbox 227 903 1184 985; baseline -0.003 -18"><span class='ocrx_word' id='word_1_53' title='bbox 227 907 387 984; x_wconf 87' lang='lat' dir='ltr'>exmuiso,</span> <span class='ocrx_word' id='word_1_54' title='bbox 415 907 486 966; x_wconf 87' lang='lat' dir='ltr'>asini</span> <span class='ocrx_word' id='word_1_55' title='bbox 512 909 594 968; x_wconf 90' lang='lat' dir='ltr'>iocur</span> <span class='ocrx_word' id='word_1_56' title='bbox 609 907 716 967; x_wconf 87' lang='lat' dir='ltr'>aridum</span> <span class='ocrx_word' id='word_1_57' title='bbox 732 923 794 966; x_wconf 86' lang='lat' dir='ltr'>cnm</span> <span class='ocrx_word' id='word_1_58' title='bbox 812 905 983 985; x_wconf 75' lang='lat' dir='ltr'>petroselini</span> <span class='ocrx_word' id='word_1_59' title='bbox 999 903 1120 983; x_wconf 79' lang='lat' dir='ltr'>partibus</span> <span class='ocrx_word' id='word_1_60' title='bbox 1133 903 1184 964; x_wconf 82' lang='lat' dir='ltr'>dna·</span> 
     </span>
     <span class='ocr_line' id='line_1_9' title="bbox 225 986 1186 1064; baseline -0.003 -15"><span class='ocrx_word' id='word_1_61' title='bbox 225 989 278 1050; x_wconf 89' lang='lat' dir='ltr'>hus</span> <span class='ocrx_word' id='word_1_62' title='bbox 299 999 329 1050; x_wconf 92' lang='lat' dir='ltr'>et</span> <span class='ocrx_word' id='word_1_63' title='bbox 348 990 468 1050; x_wconf 88' lang='lat' dir='ltr'>nucibus</span> <span class='ocrx_word' id='word_1_64' title='bbox 492 989 581 1050; x_wconf 88' lang='lat' dir='ltr'>trihus</span> <span class='ocrx_word' id='word_1_65' title='bbox 605 995 643 1050; x_wconf 70' lang='lat' dir='ltr'>ei</span> <span class='ocrx_word' id='word_1_66' title='bbox 663 989 749 1050; x_wconf 91' lang='lat' dir='ltr'>melle</span> <span class='ocrx_word' id='word_1_67' title='bbox 771 992 867 1050; x_wconf 90' lang='lat' dir='ltr'>tritum</span> <span class='ocrx_word' id='word_1_68' title='bbox 888 999 918 1048; x_wconf 87' lang='lat' dir='ltr'>et</span> <span class='ocrx_word' id='word_1_69' title='bbox 933 990 962 1049; x_wconf 94' lang='lat' dir='ltr'>iu</span> <span class='ocrx_word' id='word_1_70' title='bbox 976 986 1045 1048; x_wconf 89' lang='lat' dir='ltr'>cibo</span> <span class='ocrx_word' id='word_1_71' title='bbox 1061 995 1186 1064; x_wconf 86' lang='lat' dir='ltr'>sumptum,</span> 
     </span>
     <span class='ocr_line' id='line_1_10' title="bbox 227 1070 1187 1152; baseline -0.004 -18"><span class='ocrx_word' id='word_1_72' title='bbox 227 1075 342 1150; x_wconf 84' lang='lat' dir='ltr'>sanguis</span> <span class='ocrx_word' id='word_1_73' title='bbox 357 1073 481 1133; x_wconf 89' lang='lat' dir='ltr'>hircinus</span> <span class='ocrx_word' id='word_1_74' title='bbox 496 1073 561 1132; x_wconf 87' lang='lat' dir='ltr'>cibo</span> <span class='ocrx_word' id='word_1_75' title='bbox 577 1083 699 1152; x_wconf 88' lang='lat' dir='ltr'>aptatus.</span> <span class='ocrx_word' id='word_1_76' title='bbox 728 1074 895 1150; x_wconf 89' lang='lat' dir='ltr'>suspiriosis</span> <span class='ocrx_word' id='word_1_77' title='bbox 909 1080 976 1134; x_wconf 88' lang='lat' dir='ltr'>ante</span> <span class='ocrx_word' id='word_1_78' title='bbox 992 1071 1085 1131; x_wconf 85' lang='lat' dir='ltr'>omnia</span> <span class='ocrx_word' id='word_1_79' title='bbox 1104 1070 1187 1130; x_wconf 83' lang='lat' dir='ltr'>eiicau</span> 
     </span>
     <span class='ocr_line' id='line_1_11' title="bbox 227 1154 1210 1234; baseline -0.007 -17"><span class='ocrx_word' id='word_1_80' title='bbox 227 1165 272 1217; x_wconf 89' lang='lat' dir='ltr'>est</span> <span class='ocrx_word' id='word_1_81' title='bbox 289 1166 374 1234; x_wconf 94' lang='lat' dir='ltr'>potus</span> <span class='ocrx_word' id='word_1_82' title='bbox 393 1157 585 1232; x_wconf 82' lang='lat' dir='ltr'>equiferorum</span> <span class='ocrx_word' id='word_1_83' title='bbox 601 1157 763 1232; x_wconf 83' lang='lat' dir='ltr'>sanguinis,</span> <span class='ocrx_word' id='word_1_84' title='bbox 780 1173 919 1234; x_wconf 84' lang='lat' dir='ltr'>proxume</span> <span class='ocrx_word' id='word_1_85' title='bbox 936 1155 1023 1214; x_wconf 89' lang='lat' dir='ltr'>lactis</span> <span class='ocrx_word' id='word_1_86' title='bbox 1046 1154 1137 1214; x_wconf 88' lang='lat' dir='ltr'>asinini</span> <span class='ocrx_word' id='word_1_87' title='bbox 1155 1161 1185 1212; x_wconf 85' lang='lat' dir='ltr'>te·</span> <span class='ocrx_word' id='word_1_88' title='bbox 1192 1170 1210 1210; x_wconf 90' lang='grc' dir='ltr'>ιι</span> 
     </span>
     <span class='ocr_line' id='line_1_12' title="bbox 226 1235 1188 1318; baseline -0.004 -20"><span class='ocrx_word' id='word_1_89' title='bbox 226 1239 298 1318; x_wconf 92' lang='lat' dir='ltr'>pidi,</span> <span class='ocrx_word' id='word_1_90' title='bbox 309 1238 406 1298; x_wconf 90' lang='lat' dir='ltr'>bubuli</span> <span class='ocrx_word' id='word_1_91' title='bbox 422 1239 537 1298; x_wconf 89' lang='lat' dir='ltr'>decocti</span> <span class='ocrx_word' id='word_1_92' title='bbox 552 1242 590 1299; x_wconf 87' lang='lat' dir='ltr'>ita</span> <span class='ocrx_word' id='word_1_93' title='bbox 607 1248 637 1299; x_wconf 90' lang='lat' dir='ltr'>ut</span> <span class='ocrx_word' id='word_1_94' title='bbox 654 1257 748 1300; x_wconf 88' lang='lat' dir='ltr'>serum</span> <span class='ocrx_word' id='word_1_95' title='bbox 760 1257 798 1298; x_wconf 82' lang='lat' dir='ltr'>ex</span> <span class='ocrx_word' id='word_1_96' title='bbox 813 1256 850 1299; x_wconf 90' lang='lat' dir='ltr'>eo</span> <span class='ocrx_word' id='word_1_97' title='bbox 866 1238 989 1314; x_wconf 86' lang='lat' dir='ltr'>bibatur,</span> <span class='ocrx_word' id='word_1_98' title='bbox 1005 1235 1098 1296; x_wconf 86' lang='lat' dir='ltr'>addito</span> <span class='ocrx_word' id='word_1_99' title='bbox 1112 1239 1137 1296; x_wconf 92' lang='lat' dir='ltr'>iu</span> <span class='ocrx_word' id='word_1_100' title='bbox 1150 1236 1188 1294; x_wconf 86' lang='lat' dir='ltr'>tris</span> 
     </span>
     <span class='ocr_line' id='line_1_13' title="bbox 225 1319 1188 1400; baseline -0.005 -17"><span class='ocrx_word' id='word_1_101' title='bbox 225 1323 352 1383; x_wconf 86' lang='lat' dir='ltr'>heminas</span> <span class='ocrx_word' id='word_1_102' title='bbox 368 1321 471 1396; x_wconf 78' lang='lat' dir='ltr'>cyatho</span> <span class='ocrx_word' id='word_1_103' title='bbox 487 1323 605 1383; x_wconf 89' lang='lat' dir='ltr'>nasturti</span> <span class='ocrx_word' id='word_1_104' title='bbox 617 1323 726 1398; x_wconf 80' lang='lat' dir='ltr'>perfusi</span> <span class='ocrx_word' id='word_1_105' title='bbox 741 1340 824 1400; x_wconf 87' lang='lat' dir='ltr'>aqua,</span> <span class='ocrx_word' id='word_1_106' title='bbox 840 1322 906 1383; x_wconf 91' lang='lat' dir='ltr'>dein</span> <span class='ocrx_word' id='word_1_107' title='bbox 920 1321 1010 1380; x_wconf 88' lang='lat' dir='ltr'>melle</span> <span class='ocrx_word' id='word_1_108' title='bbox 1024 1319 1109 1380; x_wconf 88' lang='lat' dir='ltr'>diluti.</span> <span class='ocrx_word' id='word_1_109' title='bbox 1127 1320 1188 1379; x_wconf 90' lang='lat' dir='ltr'>iocur</span> 
     </span>
     <span class='ocr_line' id='line_1_14' title="bbox 226 1401 1187 1484; baseline -0.004 -20"><span class='ocrx_word' id='word_1_110' title='bbox 226 1421 341 1483; x_wconf 84' lang='lat' dir='ltr'>quoque</span> <span class='ocrx_word' id='word_1_111' title='bbox 358 1404 503 1483; x_wconf 86' lang='lat' dir='ltr'>volpinum</span> <span class='ocrx_word' id='word_1_112' title='bbox 520 1415 568 1466; x_wconf 89' lang='lat' dir='ltr'>aut</span> <span class='ocrx_word' id='word_1_113' title='bbox 582 1405 678 1484; x_wconf 88' lang='lat' dir='ltr'>pulmo</span> <span class='ocrx_word' id='word_1_114' title='bbox 693 1407 721 1464; x_wconf 94' lang='lat' dir='ltr'>in</span> <span class='ocrx_word' id='word_1_115' title='bbox 737 1408 805 1465; x_wconf 85' lang='lat' dir='ltr'>vino</span> <span class='ocrx_word' id='word_1_116' title='bbox 820 1407 905 1482; x_wconf 87' lang='lat' dir='ltr'>nigro</span> <span class='ocrx_word' id='word_1_117' title='bbox 924 1413 971 1466; x_wconf 86' lang='lat' dir='ltr'>aut</span> <span class='ocrx_word' id='word_1_118' title='bbox 987 1402 1031 1464; x_wconf 86' lang='lat' dir='ltr'>iel</span> <span class='ocrx_word' id='word_1_119' title='bbox 1046 1401 1187 1462; x_wconf 84' lang='lat' dir='ltr'>ursinuniu</span> 
     </span>
     <span class='ocr_line' id='line_1_15' title="bbox 226 1488 965 1568; baseline -0.004 -20"><span class='ocrx_word' id='word_1_120' title='bbox 226 1505 299 1568; x_wconf 82' lang='lat' dir='ltr'>aqua</span> <span class='ocrx_word' id='word_1_121' title='bbox 316 1488 394 1548; x_wconf 87' lang='grc' dir='ltr'>Ιιιιιι</span> <span class='ocrx_word' id='word_1_122' title='bbox 409 1498 519 1548; x_wconf 86' lang='lat' dir='ltr'>meatus</span> <span class='ocrx_word' id='word_1_123' title='bbox 534 1489 670 1568; x_wconf 91' lang='lat' dir='ltr'>spirandi</span> <span class='ocrx_word' id='word_1_124' title='bbox 962 1517 965 1523; x_wconf 93' lang='lat'><em>·</em></span> 
     </span>
    </p>

    <p class='ocr_par' dir='ltr' id='par_1_4' title="bbox 185 1568 1228 2231">
     <span class='ocr_line' id='line_1_16' title="bbox 185 1568 1209 1650; baseline -0.006 -20"><span class='ocrx_word' id='word_1_125' title='bbox 185 1581 235 1638; x_wconf 77' lang='lat'>198</span> <span class='ocrx_word' id='word_1_126' title='bbox 296 1571 381 1648; x_wconf 81' lang='grc'>(56.)</span> <span class='ocrx_word' id='word_1_127' title='bbox 403 1568 1209 1669; x_wconf 27' lang='lat' dir='ltr'>Lumborumdoiurcsettquaecumquealiamolliricpuo</span> 
     </span>
     <span class='ocr_line' id='line_1_17' title="bbox 227 1649 1187 1732; baseline -0.006 -18"><span class='ocrx_word' id='word_1_128' title='bbox 227 1657 263 1714; x_wconf 87' lang='lat' dir='ltr'>sit</span> <span class='ocrx_word' id='word_1_129' title='bbox 277 1655 375 1714; x_wconf 89' lang='lat' dir='ltr'>ursino</span> <span class='ocrx_word' id='word_1_130' title='bbox 394 1655 478 1732; x_wconf 87' lang='lat' dir='ltr'>adipe</span> <span class='ocrx_word' id='word_1_131' title='bbox 501 1655 599 1716; x_wconf 87' lang='lat' dir='ltr'>iricari</span> <span class='ocrx_word' id='word_1_132' title='bbox 623 1656 773 1731; x_wconf 87' lang='lat' dir='ltr'>convenit,</span> <span class='ocrx_word' id='word_1_133' title='bbox 795 1655 919 1714; x_wconf 89' lang='lat' dir='ltr'>cinerem</span> <span class='ocrx_word' id='word_1_134' title='bbox 943 1654 1048 1732; x_wconf 89' lang='lat' dir='ltr'>apruni</span> <span class='ocrx_word' id='word_1_135' title='bbox 1072 1661 1115 1714; x_wconf 87' lang='lat' dir='ltr'>aut</span> <span class='ocrx_word' id='word_1_136' title='bbox 1132 1649 1187 1711; x_wconf 88' lang='lat' dir='ltr'>suiiii</span> 
     </span>
     <span class='ocr_line' id='line_1_18' title="bbox 227 1735 1188 1838; baseline -0.006 -40"><span class='ocrx_word' id='word_1_137' title='bbox 227 1739 283 1798; x_wconf 88' lang='lat' dir='ltr'>iimi</span> <span class='ocrx_word' id='word_1_138' title='bbox 304 1738 453 1802; x_wconf 70' lang='lat' dir='ltr'>inveterati</span> <span class='ocrx_word' id='word_1_139' title='bbox 475 1739 612 1816; x_wconf 81' lang='lat' dir='ltr'>adspergi</span> <span class='ocrx_word' id='word_1_140' title='bbox 634 1740 742 1838; x_wconf 89' lang='lat' dir='ltr'>potioni</span> <span class='ocrx_word' id='word_1_141' title='bbox 768 1739 835 1798; x_wconf 86' lang='lat' dir='ltr'>vini</span> <span class='ocrx_word' id='word_1_142' title='bbox 867 1737 1012 1796; x_wconf 81' lang='lat' dir='ltr'>Adierunt</span> <span class='ocrx_word' id='word_1_143' title='bbox 1026 1735 1188 1810; x_wconf 71' lang='lat' dir='ltr'>euhagisu</span> 
     </span>
     <span class='ocr_line' id='line_1_19' title="bbox 228 1819 1189 1898; baseline -0.008 -16"><span class='ocrx_word' id='word_1_144' title='bbox 228 1829 402 1882; x_wconf 89' lang='lat' dir='ltr'>commenta:</span> <span class='ocrx_word' id='word_1_145' title='bbox 429 1823 548 1898; x_wconf 90' lang='lat' dir='ltr'>primum</span> <span class='ocrx_word' id='word_1_146' title='bbox 569 1823 691 1882; x_wconf 91' lang='lat' dir='ltr'>omnium</span> <span class='ocrx_word' id='word_1_147' title='bbox 705 1822 813 1882; x_wconf 89' lang='lat' dir='ltr'>rabiem</span> <span class='ocrx_word' id='word_1_148' title='bbox 830 1821 992 1896; x_wconf 89' lang='lat' dir='ltr'>hircorum,</span> <span class='ocrx_word' id='word_1_149' title='bbox 1019 1840 1046 1880; x_wconf 86' lang='lat' dir='ltr'>su</span> <span class='ocrx_word' id='word_1_150' title='bbox 1037 1819 1189 1878; x_wconf 87' lang='lat' dir='ltr'>mulceatur</span> 
     </span>
     <span class='ocr_line' id='line_1_20' title="bbox 226 1901 1228 1983; baseline -0.005 -19"><span class='ocrx_word' id='word_1_151' title='bbox 226 1902 333 1977; x_wconf 88' lang='lat' dir='ltr'>barba,</span> <span class='ocrx_word' id='word_1_152' title='bbox 356 1905 497 1980; x_wconf 90' lang='lat' dir='ltr'>mitigari,</span> <span class='ocrx_word' id='word_1_153' title='bbox 519 1903 619 1964; x_wconf 90' lang='lat' dir='ltr'>eadem</span> <span class='ocrx_word' id='word_1_154' title='bbox 640 1906 771 1983; x_wconf 84' lang='lat' dir='ltr'>praecisa</span> <span class='ocrx_word' id='word_1_155' title='bbox 794 1922 852 1965; x_wconf 87' lang='lat' dir='ltr'>nou</span> <span class='ocrx_word' id='word_1_156' title='bbox 874 1903 954 1964; x_wconf 86' lang='lat' dir='ltr'>abire</span> <span class='ocrx_word' id='word_1_157' title='bbox 976 1921 1032 1963; x_wconf 91' lang='lat' dir='ltr'>eus</span> <span class='ocrx_word' id='word_1_158' title='bbox 1049 1904 1077 1962; x_wconf 91' lang='lat' dir='ltr'>in</span> <span class='ocrx_word' id='word_1_159' title='bbox 1092 1901 1189 1962; x_wconf 82' lang='lat' dir='ltr'>alienun</span> <span class='ocrx_word' id='word_1_160' title='bbox 1227 1947 1228 1976; x_wconf 16' lang='grc' dir='ltr'><strong>ᾗ</strong></span> 
     </span>
     <span class='ocr_line' id='line_1_21' title="bbox 226 1981 1211 2065; baseline -0.007 -19"><span class='ocrx_word' id='word_1_161' title='bbox 226 2003 356 2064; x_wconf 80' lang='lat' dir='ltr'>gregem.</span> <span class='ocrx_word' id='word_1_162' title='bbox 388 1985 455 2045; x_wconf 92' lang='lat' dir='ltr'>huic</span> <span class='ocrx_word' id='word_1_163' title='bbox 475 1987 630 2048; x_wconf 87' lang='lat' dir='ltr'>admiscent</span> <span class='ocrx_word' id='word_1_164' title='bbox 645 1989 737 2048; x_wconf 87' lang='lat' dir='ltr'>iimum</span> <span class='ocrx_word' id='word_1_165' title='bbox 755 1989 900 2065; x_wconf 89' lang='lat' dir='ltr'>caprinum</span> <span class='ocrx_word' id='word_1_166' title='bbox 915 1995 944 2045; x_wconf 86' lang='lat' dir='ltr'>et</span> <span class='ocrx_word' id='word_1_167' title='bbox 958 1985 1077 2048; x_wconf 83' lang='lat' dir='ltr'>subdito</span> <span class='ocrx_word' id='word_1_168' title='bbox 1094 1981 1211 2044; x_wconf 81' lang='lat' dir='ltr'>liutadus</span> 
     </span>
     <span class='ocr_line' id='line_1_22' title="bbox 226 2065 1191 2150; baseline -0.005 -22"><span class='ocrx_word' id='word_1_169' title='bbox 226 2077 313 2128; x_wconf 91' lang='lat' dir='ltr'>uncto</span> <span class='ocrx_word' id='word_1_170' title='bbox 327 2085 397 2128; x_wconf 80' lang='lat' dir='ltr'>cava</span> <span class='ocrx_word' id='word_1_171' title='bbox 408 2084 491 2128; x_wconf 91' lang='lat' dir='ltr'>manu</span> <span class='ocrx_word' id='word_1_172' title='bbox 505 2080 636 2147; x_wconf 82' lang='lat' dir='ltr'>quamam</span> <span class='ocrx_word' id='word_1_173' title='bbox 649 2073 706 2148; x_wconf 84' lang='lat' dir='ltr'>peti</span> <span class='ocrx_word' id='word_1_174' title='bbox 720 2073 812 2150; x_wconf 84' lang='lat' dir='ltr'>possit</span> <span class='ocrx_word' id='word_1_175' title='bbox 824 2071 941 2130; x_wconf 80' lang='lat' dir='ltr'>ferrens</span> <span class='ocrx_word' id='word_1_176' title='bbox 954 2072 1100 2130; x_wconf 85' lang='lat' dir='ltr'>sustinere</span> <span class='ocrx_word' id='word_1_177' title='bbox 1114 2065 1191 2127; x_wconf 88' lang='lat' dir='ltr'>iubent</span> 
     </span>
     <span class='ocr_line' id='line_1_23' title="bbox 226 2151 1191 2231; baseline -0.003 -22"><span class='ocrx_word' id='word_1_178' title='bbox 226 2153 264 2210; x_wconf 88' lang='lat' dir='ltr'>ite</span> <span class='ocrx_word' id='word_1_179' title='bbox 282 2159 326 2226; x_wconf 88' lang='lat' dir='ltr'>ut,</span> <span class='ocrx_word' id='word_1_180' title='bbox 344 2152 368 2210; x_wconf 88' lang='lat' dir='ltr'>si</span> <span class='ocrx_word' id='word_1_181' title='bbox 384 2151 467 2212; x_wconf 87' lang='lat' dir='ltr'>laeva</span> <span class='ocrx_word' id='word_1_182' title='bbox 483 2171 551 2231; x_wconf 87' lang='lat' dir='ltr'>pers</span> <span class='ocrx_word' id='word_1_183' title='bbox 567 2155 679 2231; x_wconf 86' lang='lat' dir='ltr'>doieet,</span> <span class='ocrx_word' id='word_1_184' title='bbox 702 2153 775 2214; x_wconf 92' lang='lat' dir='ltr'>haec</span> <span class='ocrx_word' id='word_1_185' title='bbox 798 2153 965 2212; x_wconf 88' lang='lat' dir='ltr'>medicina</span> <span class='ocrx_word' id='word_1_186' title='bbox 956 2170 986 2212; x_wconf 85' lang='lat' dir='ltr'>un</span> <span class='ocrx_word' id='word_1_187' title='bbox 1008 2153 1111 2213; x_wconf 82' lang='lat' dir='ltr'>dextre</span> <span class='ocrx_word' id='word_1_188' title='bbox 1126 2165 1191 2210; x_wconf 84' lang='lat' dir='ltr'>nanu</span> 
     </span>
    </p>

    <p class='ocr_par' dir='ltr' id='par_1_5' title="bbox 185 2236 1210 2979">
     <span class='ocr_line' id='line_1_24' title="bbox 185 2236 1190 2314; baseline -0.011 -13"><span class='ocrx_word' id='word_1_189' title='bbox 185 2246 235 2301; x_wconf 82' lang='lat'>199</span> <span class='ocrx_word' id='word_1_190' title='bbox 245 2236 293 2294; x_wconf 88' lang='lat' dir='ltr'>fiat</span> <span class='ocrx_word' id='word_1_191' title='bbox 310 2241 356 2294; x_wconf 89' lang='grc' dir='ltr'>ιιιι</span> <span class='ocrx_word' id='word_1_192' title='bbox 370 2251 387 2294; x_wconf 91' lang='lat' dir='ltr'>e</span> <span class='ocrx_word' id='word_1_193' title='bbox 403 2239 557 2296; x_wconf 89' lang='lat' dir='ltr'>contrario.</span> <span class='ocrx_word' id='word_1_194' title='bbox 573 2238 665 2296; x_wconf 79' lang='lat' dir='ltr'>timum</span> <span class='ocrx_word' id='word_1_195' title='bbox 677 2253 791 2314; x_wconf 83' lang='lat' dir='ltr'>quoque</span> <span class='ocrx_word' id='word_1_196' title='bbox 804 2236 840 2296; x_wconf 89' lang='lat' dir='ltr'>ad</span> <span class='ocrx_word' id='word_1_197' title='bbox 853 2253 917 2296; x_wconf 88' lang='lat' dir='ltr'>cum</span> <span class='ocrx_word' id='word_1_198' title='bbox 928 2254 1011 2296; x_wconf 85' lang='lat' dir='ltr'>usum</span> <span class='ocrx_word' id='word_1_199' title='bbox 1024 2253 1094 2296; x_wconf 87' lang='lat' dir='ltr'>aeus</span> <span class='ocrx_word' id='word_1_200' title='bbox 1108 2249 1190 2293; x_wconf 83' lang='lat' dir='ltr'>aereae</span> 
     </span>
     <span class='ocr_line' id='line_1_25' title="bbox 227 2316 1189 2397; baseline -0.003 -20"><span class='ocrx_word' id='word_1_201' title='bbox 227 2326 333 2395; x_wconf 87' lang='lat' dir='ltr'>punctu</span> <span class='ocrx_word' id='word_1_202' title='bbox 345 2317 408 2377; x_wconf 90' lang='lat' dir='ltr'>tolli</span> <span class='ocrx_word' id='word_1_203' title='bbox 421 2317 529 2378; x_wconf 84' lang='lat' dir='ltr'>iubent.</span> <span class='ocrx_word' id='word_1_204' title='bbox 552 2319 653 2380; x_wconf 89' lang='lat' dir='ltr'>modus</span> <span class='ocrx_word' id='word_1_205' title='bbox 666 2328 711 2380; x_wconf 82' lang='lat' dir='ltr'>est</span> <span class='ocrx_word' id='word_1_206' title='bbox 724 2319 877 2380; x_wconf 85' lang='lat' dir='ltr'>curationis</span> <span class='ocrx_word' id='word_1_207' title='bbox 884 2319 978 2378; x_wconf 86' lang='lat' dir='ltr'>donec</span> <span class='ocrx_word' id='word_1_208' title='bbox 990 2337 1084 2397; x_wconf 86' lang='lat' dir='ltr'>uapor</span> <span class='ocrx_word' id='word_1_209' title='bbox 1095 2316 1128 2377; x_wconf 89' lang='lat' dir='ltr'>ad</span> <span class='ocrx_word' id='word_1_210' title='bbox 1139 2316 1189 2374; x_wconf 79' lang='lat' dir='ltr'>lua·</span> 
     </span>
     <span class='ocr_line' id='line_1_26' title="bbox 226 2399 1210 2482; baseline -0.002 -22"><span class='ocrx_word' id='word_1_211' title='bbox 226 2400 281 2462; x_wconf 90' lang='lat' dir='ltr'>bos</span> <span class='ocrx_word' id='word_1_212' title='bbox 298 2402 467 2480; x_wconf 87' lang='lat' dir='ltr'>pervenisse</span> <span class='ocrx_word' id='word_1_213' title='bbox 483 2404 629 2482; x_wconf 85' lang='lat' dir='ltr'>sentiatur,</span> <span class='ocrx_word' id='word_1_214' title='bbox 645 2412 748 2482; x_wconf 91' lang='lat' dir='ltr'>postea</span> <span class='ocrx_word' id='word_1_215' title='bbox 761 2421 871 2462; x_wconf 87' lang='lat' dir='ltr'>manum</span> <span class='ocrx_word' id='word_1_216' title='bbox 884 2412 1072 2481; x_wconf 79' lang='lat' dir='ltr'>porrutuuse</span> <span class='ocrx_word' id='word_1_217' title='bbox 1083 2399 1210 2470; x_wconf 68' lang='lat' dir='ltr'>iuliuuutt</span> 
     </span>
     <span class='ocr_line' id='line_1_27' title="bbox 227 2482 1188 2564; baseline -0.006 -20"><span class='ocrx_word' id='word_1_218' title='bbox 227 2486 293 2544; x_wconf 85' lang='lat' dir='ltr'>item</span> <span class='ocrx_word' id='word_1_219' title='bbox 309 2484 420 2544; x_wconf 90' lang='lat' dir='ltr'>lumbos</span> <span class='ocrx_word' id='word_1_220' title='bbox 440 2487 504 2564; x_wconf 92' lang='lat' dir='ltr'>ipso</span> <span class='ocrx_word' id='word_1_221' title='bbox 523 2488 587 2546; x_wconf 87' lang='lat' dir='ltr'>hmo</span> <span class='ocrx_word' id='word_1_222' title='bbox 604 2505 667 2546; x_wconf 91' lang='lat' dir='ltr'>curn</span> <span class='ocrx_word' id='word_1_223' title='bbox 682 2485 783 2560; x_wconf 88' lang='lat' dir='ltr'>melle,</span> <span class='ocrx_word' id='word_1_224' title='bbox 807 2485 985 2563; x_wconf 80' lang='lat' dir='ltr'>suadentque</span> <span class='ocrx_word' id='word_1_225' title='bbox 1006 2487 1036 2544; x_wconf 90' lang='lat' dir='ltr'>iu</span> <span class='ocrx_word' id='word_1_226' title='bbox 1058 2501 1093 2544; x_wconf 91' lang='lat' dir='ltr'>eo</span> <span class='ocrx_word' id='word_1_227' title='bbox 1109 2482 1188 2542; x_wconf 83' lang='lat' dir='ltr'>dolore</span> 
     </span>
     <span class='ocr_line' id='line_1_28' title="bbox 228 2567 1188 2646; baseline -0.004 -20"><span class='ocrx_word' id='word_1_228' title='bbox 228 2578 257 2627; x_wconf 88' lang='lat' dir='ltr'>ct</span> <span class='ocrx_word' id='word_1_229' title='bbox 272 2568 354 2626; x_wconf 87' lang='lat' dir='ltr'>testis</span> <span class='ocrx_word' id='word_1_230' title='bbox 370 2568 480 2646; x_wconf 90' lang='lat' dir='ltr'>leporis</span> <span class='ocrx_word' id='word_1_231' title='bbox 498 2569 648 2629; x_wconf 89' lang='lat' dir='ltr'>devorare.</span> <span class='ocrx_word' id='word_1_232' title='bbox 678 2569 841 2629; x_wconf 83' lang='lat' dir='ltr'>ischiadicis</span> <span class='ocrx_word' id='word_1_233' title='bbox 861 2569 953 2630; x_wconf 83' lang='lat' dir='ltr'>omum</span> <span class='ocrx_word' id='word_1_234' title='bbox 973 2567 1110 2628; x_wconf 83' lang='lat' dir='ltr'>huhuiunr</span> <span class='ocrx_word' id='word_1_235' title='bbox 1127 2567 1188 2641; x_wconf 88' lang='lat' dir='ltr'>inpo-</span> 
     </span>
     <span class='ocr_line' id='line_1_29' title="bbox 227 2647 1189 2728; baseline -0.006 -18"><span class='ocrx_word' id='word_1_236' title='bbox 227 2660 296 2711; x_wconf 89' lang='lat' dir='ltr'>nunt</span> <span class='ocrx_word' id='word_1_237' title='bbox 311 2651 480 2712; x_wconf 87' lang='lat' dir='ltr'>calefactum</span> <span class='ocrx_word' id='word_1_238' title='bbox 499 2655 527 2711; x_wconf 94' lang='lat' dir='ltr'>iu</span> <span class='ocrx_word' id='word_1_239' title='bbox 549 2652 627 2712; x_wconf 79' lang='lat' dir='ltr'>foliis</span> <span class='ocrx_word' id='word_1_240' title='bbox 649 2653 746 2712; x_wconf 90' lang='lat' dir='ltr'>cinere</span> <span class='ocrx_word' id='word_1_241' title='bbox 765 2653 904 2728; x_wconf 78' lang='lat' dir='ltr'>ferventi,</span> <span class='ocrx_word' id='word_1_242' title='bbox 927 2653 1089 2711; x_wconf 78' lang='lat' dir='ltr'>inueniunt</span> <span class='ocrx_word' id='word_1_243' title='bbox 1111 2647 1189 2708; x_wconf 79' lang='lat' dir='ltr'>dolore</span> 
     </span>
     <span class='ocr_line' id='line_1_30' title="bbox 227 2734 1188 2813; baseline -0.007 -19"><span class='ocrx_word' id='word_1_244' title='bbox 227 2735 335 2813; x_wconf 87' lang='lat' dir='ltr'>leporis</span> <span class='ocrx_word' id='word_1_245' title='bbox 350 2738 427 2795; x_wconf 89' lang='lat' dir='ltr'>renis</span> <span class='ocrx_word' id='word_1_246' title='bbox 443 2736 546 2796; x_wconf 89' lang='lat' dir='ltr'>crudos</span> <span class='ocrx_word' id='word_1_247' title='bbox 559 2735 691 2796; x_wconf 87' lang='lat' dir='ltr'>devorari</span> <span class='ocrx_word' id='word_1_248' title='bbox 712 2734 825 2812; x_wconf 88' lang='lat' dir='ltr'>iubent,</span> <span class='ocrx_word' id='word_1_249' title='bbox 843 2745 890 2795; x_wconf 89' lang='lat' dir='ltr'>aut</span> <span class='ocrx_word' id='word_1_250' title='bbox 904 2744 985 2795; x_wconf 88' lang='lat' dir='ltr'>certe</span> <span class='ocrx_word' id='word_1_251' title='bbox 1001 2743 1104 2794; x_wconf 86' lang='lat' dir='ltr'>coctos</span> <span class='ocrx_word' id='word_1_252' title='bbox 1117 2734 1149 2790; x_wconf 89' lang='lat' dir='ltr'>ita</span> <span class='ocrx_word' id='word_1_253' title='bbox 1164 2745 1188 2786; x_wconf 84' lang='lat' dir='ltr'>uc</span> 
     </span>
     <span class='ocr_line' id='line_1_31' title="bbox 227 2817 1210 2897; baseline 0 -21"><span class='ocrx_word' id='word_1_254' title='bbox 227 2819 311 2877; x_wconf 88' lang='lat' dir='ltr'>dente</span> <span class='ocrx_word' id='word_1_255' title='bbox 335 2819 539 2896; x_wconf 84' lang='lat' dir='ltr'>contingantur.</span> <span class='ocrx_word' id='word_1_256' title='bbox 567 2819 675 2879; x_wconf 72' lang='lat' dir='ltr'>venais</span> <span class='ocrx_word' id='word_1_257' title='bbox 694 2818 807 2896; x_wconf 82' lang='lat' dir='ltr'>quidem</span> <span class='ocrx_word' id='word_1_258' title='bbox 827 2819 929 2880; x_wconf 87' lang='lat' dir='ltr'>dolore</span> <span class='ocrx_word' id='word_1_259' title='bbox 950 2817 1085 2897; x_wconf 84' lang='lat' dir='ltr'>temptari</span> <span class='ocrx_word' id='word_1_260' title='bbox 1105 2817 1210 2890; x_wconf 65' lang='lat' dir='ltr'>regnis</span> 
     </span>
     <span class='ocr_line' id='line_1_32' title="bbox 228 2900 596 2979; baseline 0.003 -20"><span class='ocrx_word' id='word_1_261' title='bbox 228 2900 314 2960; x_wconf 87' lang='lat' dir='ltr'>talum</span> <span class='ocrx_word' id='word_1_262' title='bbox 333 2900 442 2979; x_wconf 90' lang='lat' dir='ltr'>leporis</span> <span class='ocrx_word' id='word_1_263' title='bbox 455 2903 596 2963; x_wconf 86' lang='lat' dir='ltr'>habentis.</span> 
     </span>
    </p>

    <p class='ocr_par' dir='ltr' id='par_1_6' title="bbox 185 2975 1228 3544">
     <span class='ocr_line' id='line_1_33' title="bbox 185 2975 1188 3064; baseline -0.009 -18"><span class='ocrx_word' id='word_1_264' title='bbox 185 2993 237 3046; x_wconf 77' lang='lat'>200</span> <span class='ocrx_word' id='word_1_265' title='bbox 300 2981 383 3061; x_wconf 83' lang='grc'>(57.)</span> <span class='ocrx_word' id='word_1_266' title='bbox 405 2983 521 3048; x_wconf 88' lang='lat' dir='ltr'>Lienem</span> <span class='ocrx_word' id='word_1_267' title='bbox 542 2985 623 3046; x_wconf 88' lang='lat' dir='ltr'>sedat</span> <span class='ocrx_word' id='word_1_268' title='bbox 642 2983 682 3044; x_wconf 92' lang='lat' dir='ltr'>iel</span> <span class='ocrx_word' id='word_1_269' title='bbox 704 2987 768 3064; x_wconf 92' lang='lat' dir='ltr'>apri</span> <span class='ocrx_word' id='word_1_270' title='bbox 782 2983 830 3044; x_wconf 86' lang='lat' dir='ltr'>vei</span> <span class='ocrx_word' id='word_1_271' title='bbox 845 2985 904 3044; x_wconf 91' lang='lat' dir='ltr'>suis</span> <span class='ocrx_word' id='word_1_272' title='bbox 920 2992 1020 3062; x_wconf 86' lang='lat' dir='ltr'>potum</span> <span class='ocrx_word' id='word_1_273' title='bbox 1041 2982 1090 3044; x_wconf 79' lang='lat' dir='ltr'>vei</span> <span class='ocrx_word' id='word_1_274' title='bbox 1103 2975 1188 3042; x_wconf 79' lang='lat' dir='ltr'>cercini</span> 
     </span>
     <span class='ocr_line' id='line_1_34' title="bbox 228 3063 1187 3144; baseline -0.005 -20"><span class='ocrx_word' id='word_1_275' title='bbox 228 3081 333 3124; x_wconf 86' lang='lat' dir='ltr'>eoruus</span> <span class='ocrx_word' id='word_1_276' title='bbox 355 3067 425 3124; x_wconf 87' lang='lat' dir='ltr'>ciuis</span> <span class='ocrx_word' id='word_1_277' title='bbox 446 3070 474 3127; x_wconf 88' lang='lat' dir='ltr'>in</span> <span class='ocrx_word' id='word_1_278' title='bbox 496 3078 598 3144; x_wconf 91' lang='lat' dir='ltr'>aceto,</span> <span class='ocrx_word' id='word_1_279' title='bbox 622 3068 823 3128; x_wconf 85' lang='lat' dir='ltr'>efficacissime</span> <span class='ocrx_word' id='word_1_280' title='bbox 844 3075 939 3127; x_wconf 88' lang='lat' dir='ltr'>tamen</span> <span class='ocrx_word' id='word_1_281' title='bbox 955 3069 1128 3127; x_wconf 76' lang='lat' dir='ltr'>inveteratus</span> <span class='ocrx_word' id='word_1_282' title='bbox 1146 3063 1187 3120; x_wconf 89' lang='lat' dir='ltr'>lieu</span> 
     </span>
     <span class='ocr_line' id='line_1_35' title="bbox 226 3145 1187 3231; baseline -0.004 -25"><span class='ocrx_word' id='word_1_283' title='bbox 226 3145 299 3206; x_wconf 88' lang='lat' dir='ltr'>asini</span> <span class='ocrx_word' id='word_1_284' title='bbox 321 3147 359 3206; x_wconf 92' lang='lat' dir='ltr'>ita</span> <span class='ocrx_word' id='word_1_285' title='bbox 382 3152 441 3208; x_wconf 91' lang='lat' dir='ltr'>ut</span> <span class='ocrx_word' id='word_1_286' title='bbox 433 3169 462 3210; x_wconf 86' lang='lat' dir='ltr'>un</span> <span class='ocrx_word' id='word_1_287' title='bbox 483 3152 576 3212; x_wconf 89' lang='lat' dir='ltr'>triduo</span> <span class='ocrx_word' id='word_1_288' title='bbox 601 3153 737 3211; x_wconf 87' lang='lat' dir='ltr'>sentiatur</span> <span class='ocrx_word' id='word_1_289' title='bbox 752 3150 871 3210; x_wconf 74' lang='lat' dir='ltr'>utilitas.</span> <span class='ocrx_word' id='word_1_290' title='bbox 905 3151 1008 3231; x_wconf 81' lang='lat' dir='ltr'>asinini</span> <span class='ocrx_word' id='word_1_291' title='bbox 1030 3149 1099 3228; x_wconf 85' lang='lat' dir='ltr'>polii</span> <span class='ocrx_word' id='word_1_292' title='bbox 1115 3149 1187 3206; x_wconf 80' lang='lat' dir='ltr'>imunt</span> 
     </span>
     <span class='ocr_line' id='line_1_36' title="bbox 227 3228 1228 3312; baseline -0.004 -24"><span class='ocrx_word' id='word_1_293' title='bbox 227 3228 306 3308; x_wconf 86' lang='lat' dir='ltr'>quod</span> <span class='ocrx_word' id='word_1_294' title='bbox 319 3231 438 3308; x_wconf 91' lang='lat' dir='ltr'>primum</span> <span class='ocrx_word' id='word_1_295' title='bbox 453 3233 596 3294; x_wconf 83' lang='lat' dir='ltr'>edidit—-</span> <span class='ocrx_word' id='word_1_296' title='bbox 610 3233 724 3312; x_wconf 86' lang='lat' dir='ltr'>poleam</span> <span class='ocrx_word' id='word_1_297' title='bbox 737 3243 843 3294; x_wconf 86' lang='lat' dir='ltr'>vocant</span> <span class='ocrx_word' id='word_1_298' title='bbox 860 3233 984 3308; x_wconf 74' lang='lat' dir='ltr'>Sgri—</span> <span class='ocrx_word' id='word_1_299' title='bbox 1002 3233 1091 3292; x_wconf 83' lang='lat' dir='ltr'>dant&#39;</span> <span class='ocrx_word' id='word_1_300' title='bbox 1081 3249 1108 3290; x_wconf 89' lang='lat' dir='ltr'>m</span> <span class='ocrx_word' id='word_1_301' title='bbox 1121 3233 1209 3288; x_wconf 73' lang='lat' dir='ltr'>actuo</span> <span class='ocrx_word' id='word_1_302' title='bbox 1227 3259 1228 3284; x_wconf 67' lang='grc' dir='ltr'>ι</span> 
     </span>
     <span class='ocr_line' id='line_1_37' title="bbox 227 3311 1228 3394; baseline -0.002 -24"><span class='ocrx_word' id='word_1_303' title='bbox 227 3311 336 3386; x_wconf 91' lang='lat' dir='ltr'>mulso,</span> <span class='ocrx_word' id='word_1_304' title='bbox 360 3312 441 3372; x_wconf 92' lang='lat' dir='ltr'>datur</span> <span class='ocrx_word' id='word_1_305' title='bbox 461 3317 527 3392; x_wconf 86' lang='lat' dir='ltr'>equi</span> <span class='ocrx_word' id='word_1_306' title='bbox 547 3317 663 3394; x_wconf 84' lang='lat' dir='ltr'>lingua</span> <span class='ocrx_word' id='word_1_307' title='bbox 664 3318 820 3377; x_wconf 86' lang='lat' dir='ltr'>inveterata</span> <span class='ocrx_word' id='word_1_308' title='bbox 849 3333 886 3376; x_wconf 84' lang='lat' dir='ltr'>en</span> <span class='ocrx_word' id='word_1_309' title='bbox 912 3319 978 3376; x_wconf 87' lang='lat' dir='ltr'>vino</span> <span class='ocrx_word' id='word_1_310' title='bbox 1000 3320 1228 3393; x_wconf 80' lang='lat' dir='ltr'>praesentaneo</span> 
     </span>
     <span class='ocr_line' id='line_1_38' title="bbox 228 3391 1186 3471; baseline -0.002 -22"><span class='ocrx_word' id='word_1_311' title='bbox 228 3391 451 3471; x_wconf 86' lang='lat' dir='ltr'>medicamento,</span> <span class='ocrx_word' id='word_1_312' title='bbox 466 3406 496 3455; x_wconf 93' lang='lat' dir='ltr'>ut</span> <span class='ocrx_word' id='word_1_313' title='bbox 509 3398 644 3459; x_wconf 86' lang='lat' dir='ltr'>didicisse</span> <span class='ocrx_word' id='word_1_314' title='bbox 659 3419 691 3458; x_wconf 91' lang='lat' dir='ltr'>se</span> <span class='ocrx_word' id='word_1_315' title='bbox 708 3417 746 3458; x_wconf 85' lang='lat' dir='ltr'>ex</span> <span class='ocrx_word' id='word_1_316' title='bbox 761 3399 891 3460; x_wconf 88' lang='lat' dir='ltr'>barbaris</span> <span class='ocrx_word' id='word_1_317' title='bbox 910 3398 1053 3459; x_wconf 83' lang='lat' dir='ltr'>Caecilius</span> <span class='ocrx_word' id='word_1_318' title='bbox 1067 3397 1186 3456; x_wconf 88' lang='lat' dir='ltr'>Bioutra·</span> 
     </span>
     <span class='ocr_line' id='line_1_39' title="bbox 229 3469 1187 3559; baseline 0.006 -27"><span class='ocrx_word' id='word_1_319' title='bbox 229 3471 314 3547; x_wconf 86' lang='lat' dir='ltr'>didit,</span> <span class='ocrx_word' id='word_1_320' title='bbox 339 3484 368 3533; x_wconf 90' lang='lat' dir='ltr'>et</span> <span class='ocrx_word' id='word_1_321' title='bbox 388 3475 446 3536; x_wconf 89' lang='lat' dir='ltr'>lien</span> <span class='ocrx_word' id='word_1_322' title='bbox 466 3477 588 3541; x_wconf 82' lang='lat' dir='ltr'>bubulus</span> <span class='ocrx_word' id='word_1_323' title='bbox 600 3482 685 3543; x_wconf 81' lang='lat' dir='ltr'>simili</span> <span class='ocrx_word' id='word_1_324' title='bbox 701 3481 805 3559; x_wconf 86' lang='lat' dir='ltr'>modo,</span> <span class='ocrx_word' id='word_1_325' title='bbox 828 3499 933 3542; x_wconf 87' lang='lat' dir='ltr'>recens</span> <span class='ocrx_word' id='word_1_326' title='bbox 955 3490 1049 3542; x_wconf 89' lang='lat' dir='ltr'>autern</span> <span class='ocrx_word' id='word_1_327' title='bbox 1064 3495 1138 3540; x_wconf 83' lang='lat' dir='ltr'>assus</span> <span class='ocrx_word' id='word_1_328' title='bbox 1150 3469 1187 3532; x_wconf 79' lang='lat' dir='ltr'>vtl</span> 
     </span>
    </p>
   </div>
   <div class='ocr_carea' id='block_1_3' title="bbox 0 0 1258 3924">
    <p class='ocr_par' dir='ltr' id='par_1_7' title="bbox 0 0 1258 3924">
     <span class='ocr_line' id='line_1_40' title="bbox 0 0 1258 3924; baseline 0 0"><span class='ocrx_word' id='word_1_329' title='bbox 0 0 1258 3924; x_wconf 95' lang='lat' dir='ltr'> </span> 
     </span>
    </p>
   </div>
  </div>
 </body>
</html>
