2504 3930
183 237 246 301 284
526 251 557 298 c.
574 252 669 298 rums
686 251 837 300 saeuum

105 437 108 442 ·
183 405 260 484 quod
281 406 365 465 lause
388 405 552 482 emolliunt,
582 421 731 483 spongeae
756 414 894 465 coercent
914 405 1082 483 rapiuntque
1102 405 1160 464 uitia

141 489 343 554 128ulcerum.
376 489 608 564 circumligantur
625 498 655 548 et
671 487 840 566 hydropicis
860 489 959 547 siccae
972 488 1021 546 vel
1041 505 1078 546 ex
1097 505 1160 564 aqua

182 573 280 650 tepida
296 590 424 650 poscauc
436 582 589 650 utcumque
605 571 727 631 blandiri
739 589 814 649 opus
827 581 872 630 cst
886 573 1042 648 operireve
1057 579 1102 630 aut
1116 572 1159 629 sic

182 673 250 716 care
267 665 371 716 cutem.
403 657 576 733 inponuntur
586 666 616 715 et
628 655 673 714 his
684 655 795 714 morbis
810 671 883 733 quos
895 655 1032 732 vaporari
1043 661 1162 731 oporteat

181 740 306 798 ierventi
322 757 396 817 aqua
411 739 548 818 perfusae
565 756 783 817 expressaeque
797 739 873 797 inter
886 738 957 797 duas
979 737 1099 798 tabulas.
1126 739 1182 794 sicr

181 832 210 882 ct
225 825 254 881 in
269 823 418 882 stomacho
433 832 553 901 prosunt
566 831 595 881 et
608 823 637 881 in
659 821 734 881 lebri
747 831 848 881 contra
863 823 966 880 nimios
986 821 1120 894 ardores,
1139 828 1165 877 ct

180 907 318 984 splenicis
337 925 354 964 e
369 924 475 984 posca,
489 906 604 982 ignibus
619 907 711 966 sacris
726 924 764 964 ex
778 914 881 982 aceto,
897 905 1082 964 efficaciores
1092 921 1166 982 qnam

93 988 97 997 '
139 1000 190 1054 129
202 991 288 1050 aliud.
315 992 414 1068 inponi
435 999 553 1068 oportet
573 991 617 1048 sic
637 999 669 1048 ut
691 1007 777 1048 sanas
797 1007 914 1066 quoque
934 989 1026 1067 portis
1048 987 1165 1065 spatiose

180 1074 322 1151 operiant.
353 1075 500 1150 sanguinis
522 1072 692 1151 profluvium
709 1074 813 1132 sistunt
827 1091 865 1131 ex
883 1081 970 1132 aceto
992 1081 1041 1131 aut
1061 1069 1165 1147 frigide,

178 1158 300 1216 livorem
315 1157 351 1217 ab
363 1159 422 1217 ictu
436 1151 585 1216 recentem
595 1175 634 1216 ex
649 1173 722 1233 aqua
737 1155 816 1216 salsa
831 1156 925 1216 calida
937 1156 1054 1233 saepius
1068 1163 1164 1214 mutata
1173 1169 1193 1210 rc

178 1240 301 1314 tollunt,
317 1243 431 1300 testium
445 1248 586 1298 tumorem
607 1239 797 1318 doloremque
821 1258 860 1298 ex
880 1257 982 1318 posca.
1019 1238 1056 1298 ad
1077 1254 1167 1298 canum

179 1341 294 1384 morsus
307 1323 415 1382 utiliter
432 1323 570 1383 concisae
592 1324 767 1402 inponuntur
782 1341 819 1382 ex
834 1332 920 1383 aceto
936 1331 984 1384 aut
1001 1321 1106 1398 frigida
1126 1327 1169 1379 aut

178 1407 283 1483 melle,
309 1407 432 1466 subinde
452 1406 650 1466 umectandae.
681 1407 838 1466 Africanae
860 1407 933 1465 cinis
951 1424 1015 1466 cum
1037 1407 1115 1488 porri
1128 1421 1167 1462 se·

179 1493 248 1551 clivi
260 1508 331 1551 suco
345 1492 514 1566 sanguinem
525 1490 711 1550 reicientibus
723 1490 823 1550 haustu
836 1490 907 1549 salis
918 1508 956 1548 ex
968 1489 1074 1566 frigida
1090 1486 1168 1567 prod·

178 1584 231 1634 est.
259 1575 334 1634 idem
350 1575 423 1634 cinis
435 1591 498 1636 curn
510 1574 577 1634 oleo
589 1574 639 1632 rel
653 1591 716 1634 cnm
727 1582 814 1634 aceto
825 1573 914 1633 fronti
925 1574 1024 1633 inlitus
1038 1573 1195 1632 tertianus

137 1671 188 1724 130
208 1659 293 1719 tollit.
330 1660 461 1738 privatim
486 1657 643 1716 Africanae
662 1675 700 1716 cx
723 1674 815 1735 posca
840 1665 982 1716 tumorem
1009 1656 1170 1728 discutiunt,

178 1744 301 1802 omnium
316 1751 411 1802 autem
427 1743 499 1802 cinis
523 1759 586 1800 cum
607 1742 675 1819 pice
700 1749 889 1801 crematarum
913 1742 1083 1817 sanguinem
1103 1739 1170 1798 sistit

177 1827 336 1886 volnerum.
368 1826 457 1905 aliqui
479 1843 560 1884 raras
580 1833 686 1884 tantum
707 1824 743 1884 ad
765 1823 822 1883 hoc
847 1841 910 1884 cum
930 1825 997 1902 pice
1018 1833 1111 1884 urunt.
1144 1829 1170 1878 et

177 1910 327 1970 oculorum
351 1927 437 1970 causo
458 1908 663 1967 comburuntur
688 1909 719 1966 in
738 1908 826 1967 cruda
849 1908 908 1967 olla
930 1907 1042 1984 figulini
1067 1906 1168 1985 operis,

136 2026 140 2034 ·
177 1993 337 2073 plurumum
365 1992 536 2071 proliciente
557 2008 593 2050 eo
618 1991 717 2050 cinere
738 2001 841 2052 contra
867 1990 1019 2051 scabritias
1039 1997 1197 2068 generanti

178 2077 438 2153 excrescentisque
460 2075 555 2134 carnis
571 2082 601 2132 et
622 2073 758 2152 quidquid
775 2091 849 2153 opus
864 2076 901 2133 sit
921 2073 961 2134 ibi
982 2075 1170 2151 destringere,

134 2169 183 2223 131
197 2161 342 2236 spissare,
364 2158 496 2234 explere.
525 2158 621 2216 utilius
636 2158 664 2215 in
679 2174 715 2216 eo
731 2175 784 2216 usu
799 2159 900 2218 lavare
919 2159 1058 2218 cinerem.
1093 2173 1169 2235 prae·

176 2250 252 2300 stant
269 2251 298 2300 et
317 2241 467 2318 strigilium
482 2241 575 2300 uicem
590 2241 833 2319 linteolorumque
850 2240 973 2300 adiectis
990 2238 1169 2320 corporibus.

176 2333 205 2383 et
220 2333 318 2384 contra
335 2325 428 2384 solem
439 2332 507 2402 apte
523 2332 678 2401 protegunt
693 2325 797 2402 capita.
821 2324 927 2384 medici
941 2326 1057 2385 inscitia
1072 2323 1170 2384 adduc

175 2409 288 2467 nomina
305 2425 356 2467 cas
373 2407 527 2484 redegere.
563 2407 733 2484 Africanas,
756 2425 874 2486 quarum
895 2409 1003 2468 firmius
1017 2409 1055 2468 sit
1075 2405 1198 2479 robono

174 2491 398 2569 Rhodiacasque
413 2491 448 2550 ad
464 2490 618 2550 fovendum
635 2491 795 2552 molliores.
830 2509 905 2550 nunc
928 2500 1026 2553 autem
1040 2489 1170 2551 mollissi-

174 2591 239 2634 mae
251 2577 327 2635 circa
343 2592 441 2635 muros
453 2574 612 2650 Antiphelli
628 2574 708 2634 urbis
722 2577 915 2654 reperiuntur.
943 2575 1061 2652 Trogus
1073 2582 1170 2634 auctor
1221 2621 1224 2634 .

176 2668 221 2718 est
236 2659 313 2719 circa
329 2658 444 2734 Lyciam
459 2658 615 2736 penicillos
635 2657 819 2718 mollissimos
841 2660 921 2718 nasci
943 2659 972 2716 in
994 2659 1077 2734 alto,
1100 2656 1170 2718 unde

174 2741 289 2803 ablatae
315 2744 372 2801 sint
395 2757 563 2820 spongeae,
590 2741 727 2815 Polybius
748 2760 838 2820 super
862 2759 982 2819 aegrum
1011 2757 1169 2820 suspensos

175 2828 334 2904 quietiores
348 2825 448 2886 iacere
463 2833 576 2884 noctes.
606 2823 688 2884 Nunc
703 2836 921 2903 praevertemur
935 2826 970 2886 ad
989 2828 1101 2886 marina
1116 2823 1199 2884 uni-st

173 2909 268 2968 melia.
