2458 3906
277 255 359 303 nar.
381 255 472 304 uuor.
495 257 609 304 xv1111.
634 236 719 308 14-2.
733 243 774 327 (1.
790 244 832 329 a.)
985 250 1044 310 157

49 412 115 472 l'mtea
127 417 213 470 veste
232 427 293 470 non
303 411 353 470 uti.
384 410 412 469 in
427 408 578 472 Germania
593 420 686 473 autem
697 411 808 473 defossi
820 422 907 492 atque
921 414 974 476 sub
989 424 1074 482 ter-9

50 515 70 556 n
81 495 105 556 ld
121 511 196 572 opus
212 504 315 571 agunt.
340 493 471 554 similiter
486 497 570 555 etiam
583 496 612 554 in
625 495 708 557 ltalia
723 498 846 574 regione
857 498 961 561 Aliana
971 500 1046 560 inter

49 579 134 642 ladam
146 578 340 656 l'ieinnmque
356 580 460 655 amnis,
483 579 531 638 ubi
546 598 562 640 a
578 579 696 642 Saetabi
710 583 794 642 tertia
810 582 838 642 in
851 581 970 663 Europa
985 583 1044 645 lino

49 665 141 744 palma,
157 663 319 724 seeundum
335 665 453 723 enimin
476 664 572 724 visino
593 664 704 726 Alianis
726 675 883 745 capessunt
902 668 1046 728 Retouina

23 753 68 816 {ret
80 751 104 808 in
117 747 245 807 Aemilia
260 749 308 808 via
325 747 491 810 Faventino.
527 748 654 810 candore
677 749 789 812 Alianis
811 767 928 831 semper
951 750 1046 813 erudis

48 834 187 894 larentina
202 832 417 911 praeferuntur,
430 832 582 893 Retovinis
595 835 719 894 tenuitas
730 851 838 896 summa
848 834 1043 913 domitasque,

23 927 25 988 l
49 917 138 979 eandor
153 917 203 995 qui
219 914 395 994 Ferentinis,
413 916 465 977 sed
480 917 588 996 lanugo
604 918 696 995 nulla,
712 917 789 996 quod
804 918 880 997 apud
895 919 969 979 alios
980 936 1045 996 gra·

23 1009 25 1098 p
48 1005 115 1078 tiam,
130 999 207 1082 apud
225 1001 301 1060 alios
317 1000 507 1061 offensionem
522 1001 619 1062 babet.
651 1004 814 1064 nervositas
830 1002 880 1062 iilo
896 1002 1046 1081 aequalior

23 1101 25 1116 ’
48 1105 126 1166 paene
150 1103 238 1164 quem
258 1085 372 1146 araneis
392 1085 581 1164 tinnitusque,
611 1103 674 1146 oum
696 1091 781 1146 dente
803 1086 892 1146 libeat
908 1088 1045 1166 experiri.

47 1171 99 1232 ideo
115 1171 225 1250 duplex
246 1187 330 1249 quam
343 1171 448 1230 oeteris
464 1173 596 1249 pretium.
625 1170 666 1250 [a]
691 1169 730 1230 Et
745 1169 781 1232 ab
801 1171 845 1231 bis
859 1170 997 1251 Hispania
1010 1171 1090 1234 oi-ro

23 1299 25 1326 .
47 1260 122 1317 terior
135 1254 225 1315 babet
239 1253 424 1333 splendorem
439 1254 489 1314 lini
504 1255 691 1334 praecipuum
709 1257 846 1316 torrentis
866 1257 895 1314 iu
917 1273 973 1335 qno
996 1272 1046 1334 po-

23 1345 26 1428 i
47 1341 102 1402 lim
116 1349 233 1416 natura,
250 1340 299 1417 qui
314 1338 402 1400 adluit
416 1339 620 1400 Tarraconem.
652 1349 682 1400 et
701 1339 823 1401 tenuitas
845 1341 916 1400 mira
936 1339 975 1399 ibi
990 1339 1047 1418 pri-

47 1424 250 1486 numoarbasis
265 1425 400 1503 repertis.
423 1441 481 1484 non
504 1423 607 1484 dudum
630 1441 667 1484 ex
687 1422 787 1484 eadem
801 1425 938 1503 Hispania
952 1422 1046 1485 Zoeli-

48 1528 100 1570 enm
112 1511 190 1570 venit
203 1511 234 1568 in
244 1507 356 1568 ltaliam
368 1507 464 1587 plagis
476 1508 664 1584 utilissimum,
677 1508 778 1568 civitas
790 1527 825 1570 eu
837 1507 1001 1569 Gallaeciae
1018 1515 1048 1566 et

23 1593 146 1676 booeauo
163 1595 338 1674 propinqua.
370 1603 415 1653 est
426 1610 477 1652 suu
491 1593 586 1670 gloria
602 1601 631 1652 et
646 1591 772 1652 Cumano
791 1593 820 1651 in
839 1591 994 1670 Campania
1012 1590 1048 1651 ad

46 1680 153 1760 pisoium
171 1687 201 1738 et
216 1677 313 1738 alitum
334 1687 490 1756 capturam.
520 1677 621 1738 eudem
643 1685 672 1736 et
688 1676 784 1756 plagis
801 1676 928 1737 materia.
954 1687 1090 1753 nequell

23 1829 24 1844 p
46 1766 109 1824 enim
124 1765 254 1823 minores
271 1763 382 1822 eunetis
402 1761 569 1822 animalibus
589 1761 707 1822 insidias
725 1779 808 1838 quam
833 1759 1048 1837 nobismetipsis

45 1848 95 1910 lino
107 1847 258 1909 tendimus.
285 1847 337 1906 sed
352 1845 495 1908 Cumanae
510 1846 616 1925 plagae
632 1844 785 1907 oonoidunt
797 1862 884 1925 apros
896 1852 926 1904 ot
936 1841 1049 1903 'lusoae

23 1937 24 1986 ἶ
47 1934 87 1993 rel
101 1933 170 1994 ierri
199 1932 294 1992 aoiem
311 1933 445 2007 vineunt,
468 1931 648 2008 vidimusque
669 1931 724 1990 iam
747 1938 841 1990 tantae
859 1927 1002 1988 tenuitatis
1021 1934 1050 1986 ut

23 1995 147 2078 barulum
157 2015 283 2078 bominis
296 2033 359 2075 oum
371 2014 527 2094 epidromis
538 2016 693 2075 transirent
705 2031 761 2076 uno
778 2022 911 2094 portante
928 2011 1049 2072 multitu·

49 2102 129 2162 mem
141 2119 196 2180 qua
209 2099 300 2162 saltus
314 2101 611 2177 cingerentur--nee
624 2098 652 2158 id
663 2116 795 2159 maxume
806 2098 915 2174 mirum,
928 2094 980 2155 sed
992 2095 1047 2154 sin-

49 2187 105 2264 gula
116 2205 214 2246 earum
225 2185 347 2245 stamina
360 2193 482 2245 centeno
496 2185 699 2263 quinquageno
711 2183 761 2244 lilo
771 2191 964 2258 constare--‚
977 2182 1051 2239 sicut

49 2271 123 2350 paulo
135 2279 201 2331 ante
207 2268 282 2330 lulio
290 2269 370 2347 Lupo
383 2269 469 2346 quiin
482 2269 667 2348 praeieetura
678 2266 806 2346 Aegypti
818 2266 898 2326 obiit.
914 2267 1050 2325 mirentur
1060 2272 1093 2325 lb

23 2417 24 2422 ,
48 2355 96 2416 loe
102 2357 274 2433 ignorantes
285 2357 313 2413 in
324 2352 463 2432 Aegyptii
475 2352 617 2432 quondam
629 2353 709 2429 regis
719 2369 803 2430 quem
810 2350 936 2411 Amasim
945 2355 1051 2408 voeaut

23 2427 157 2501 btboraoe
169 2442 197 2498 in
206 2437 384 2500 Rhodiorum
394 2437 487 2499 insula
497 2437 579 2498 Lindi
596 2436 745 2516 intemplo
756 2436 904 2496 Minervae
916 2443 1051 2494 occhxv

48 2525 96 2584 ilia
113 2524 226 2602 singula
244 2523 293 2584 iila
316 2531 466 2600 constare,
487 2523 565 2602 quod
577 2541 609 2581 se
628 2530 780 2601 expertum
800 2518 962 2597 nuperrime
984 2531 1050 2592 pro·

49 2608 108 2669 didit
121 2609 271 2670 lluoianus
283 2615 326 2667 ter
338 2607 455 2684 consul,
473 2624 637 2686 parvasque
656 2607 711 2668 iam
729 2605 865 2683 reliquias
877 2603 940 2660 eius
950 2615 1051 2676 super-

49 2712 109 2753 esse
119 2693 172 2754 bae
188 2692 400 2772 experientium
411 2693 522 2751 iniuria.
548 2690 629 2752 ltalia
643 2701 672 2752 et
683 2689 810 2766 Pelignia
824 2687 975 2747 etiamnum
986 2681 1053 2742 linis
1061 2690 1095 2745 13

49 2777 179 2838 bonoram
189 2776 289 2852 habet,
307 2774 359 2836 sed
371 2776 510 2837 lullonum
523 2785 630 2836 tantum
644 2775 673 2835 in
685 2792 748 2834 usu.
782 2771 889 2831 nullum
901 2777 945 2828 est
957 2765 1053 2828 eandi-

23 2841 106 2922 laum
120 2863 243 2924 lanaeve
260 2861 389 2938 similius,
405 2861 480 2921 siout
490 2863 518 2920 in
531 2861 643 2921 ouloitis
663 2859 849 2938 praeeipuam
864 2854 989 2932 glorium
1000 2850 1053 2911 Gu-

52 2945 123 3007 duroi
134 2949 276 3028 optinent.
296 2945 449 3007 Galliarum
461 2946 519 3005 boo
531 2954 560 3006 et
570 2953 697 3004 tomenta
710 2942 818 3022 pariter
828 2941 983 3000 inuentum.
999 2935 1053 2996 lta-

50 3031 100 3090 liae
116 3031 228 3110 quidem
251 3049 316 3092 mos
335 3031 420 3092 etlam
438 3049 513 3090 nuno
531 3029 613 3090 durat
635 3028 664 3087 in
682 3025 879 3107 appellatione
898 3019 1053 3084 stramenti.

53 3115 88 3194 [3]
102 3115 248 3197 Aegyptio
268 3118 329 3177 lino
342 3113 649 3191 minumumsrrmitatis‚
659 3113 819 3190 plurumum
826 3109 908 3170 lueri.
922 3114 1056 3187 quattuor
1064 3109 1098 3165 14

23 3259 24 3262 ,
52 3199 210 3278 ibigenera:
222 3201 383 3262 l'anitieum
394 3217 428 3260 ao
442 3199 633 3275 Pelusiacum,
645 3197 782 3274 buticum
792 3192 998 3269 Tentyritieum
1010 3205 1054 3246 re·

23 3263 159 3361 bgioomn
167 3285 330 3348 nominibus
342 3284 480 3364 inquibus
490 3293 655 3345 naseuntur.
666 3282 800 3361 superior
809 3297 877 3359 pars
886 3271 1016 3352 Aegypti
1028 3272 1056 3330 in

51 3367 176 3433 Arabiam
188 3388 317 3450 uergens
329 3371 423 3448 gignit
438 3369 571 3429 frutioem
583 3385 668 3446 quern
680 3367 767 3444 aliqui
780 3362 933 3442 gossipion
941 3363 1056 3432 vocant,

52 3454 141 3533 plnres
153 3457 244 3533 xylon
256 3465 286 3516 et
296 3455 363 3516 ideo
376 3454 434 3516 lina
444 3453 511 3514 inde
522 3454 600 3514 laeta
612 3451 719 3528 xylina.
743 3465 852 3530 parvos
864 3453 910 3506 est
922 3440 1055 3504 similem-

52 3556 99 3616 que
110 3540 248 3604 barbatae
259 3542 342 3602 nuois
361 3539 457 3601 defert
473 3539 597 3600 fructum
615 3539 693 3596 ouius
711 3554 749 3596 ex
763 3533 902 3593 interiore
913 3525 1056 3602 bombyce
