2396 3922
168 268 248 315 mar.
263 267 352 316 mer.
368 267 521 351 xxvnns.
537 261 610 328 (ot.)
625 289 667 300 -
681 267 789 316 xxvu.
807 268 830 318 1.
845 259 900 331 (1.)
971 256 1047 342 129ι

6 417 89 481 lem
111 421 245 499 tradunt,
270 423 445 498 arsenogoni
466 430 559 481 autem
580 440 678 482 semen
701 424 841 498 geminum
865 441 932 482 esse
952 424 1031 483 testi·

7 503 86 566 bus
112 505 220 564 simile.

93 589 186 668 (92.)
209 589 391 649 blammarum
406 589 483 649 vitiis
495 589 605 648 aizoum
623 590 700 667 quod
717 589 865 666 digitillum
881 590 1010 668 appella·
1023 603 1074 656 163

5 675 126 732 vimus
143 675 228 732 unice
244 672 383 732 medetur.
415 673 551 748 erigeron
572 690 710 751 expanso
725 673 1024 734 mammasuberio·²⁵·
1040 674 1074 708 ¹⁶⁰

6 776 74 817 res
95 758 190 834 lacit,
205 756 343 816 sonohum
359 756 387 815 in
402 755 478 816 farre
494 765 618 814 eootum.
648 774 722 834 quae
737 775 809 817 vero
827 767 934 818 mastos
945 776 1032 818 voea-

9 851 71 902 tur
89 840 179 901 inlita
190 841 266 918 pilos
278 857 469 898 mammarum.
495 839 520 899 Ε
538 849 621 917 partu
637 843 813 900 nascentium
828 842 922 900 aniert
942 849 1032 900 testas

10 926 50 984 in
66 925 157 986 faeie
178 924 291 1014 aliaque
311 925 384 982 eutis
399 924 468 982 vitia
486 923 617 983 emendat
638 927 783 1000 gentiana,
804 924 1032 1002 nymphaealle·

9 1010 122 1068 raelia
141 1007 231 1084 inlita,
252 1007 403 1087 eyelamini
420 1006 503 1066 radix
520 1008 648 1067 maoulas
666 1011 768 1068 omnis.
793 1006 927 1068 cacaliae
943 1027 1032 1084 grana

12 1095 120 1152 mixta
145 1109 234 1150 cerae
256 1090 381 1168 liquidae
402 1089 559 1151 extendunt
580 1101 673 1151 entem
693 1093 722 1150 iu
741 1092 817 1153 faeie
842 1101 1031 1170 erugantque,

1 1177 98 1236 tvitia
118 1177 216 1236 omnia
231 1175 311 1234 aeori
326 1173 408 1233 radix
424 1173 566 1234 emendat.

93 1259 186 1339 (93.)
211 1258 353 1336 Capillum
365 1257 533 1332 lysimacho
548 1257 653 1317 llavom
667 1259 751 1335 iacit,
775 1259 905 1337 denigrat
920 1259 1008 1337 hype·
1021 1268 1072 1324 164
1178 1269 1185 1284 ·

14 1345 142 1419 rieum,
171 1344 248 1420 quod
272 1351 301 1401 et
318 1343 458 1401 corissum
473 1350 611 1418 voeatur,
632 1343 700 1401 item
724 1341 833 1419 ophrys
855 1341 1029 1402 denticulato

14 1427 107 1487 oleri
124 1427 238 1504 similis,
250 1425 328 1486 loliis
341 1425 462 1486 duobus.
486 1426 630 1502 nigritiam
645 1425 692 1485 dat
703 1434 733 1486 et
744 1425 911 1487 Polemonia
923 1427 950 1485 in
963 1427 1030 1486 oleo

17 1511 170 1571 decocta.
202 1509 354 1571 Psilotrum
370 1527 424 1568 nos
443 1508 556 1587 quidem
571 1511 599 1568 iu
614 1509 801 1570 muliebribus
816 1510 1031 1570 medicamentis

17 1603 207 1671 tractamus,
221 1611 321 1653 verum
335 1595 390 1652 iam
406 1600 437 1652 et
451 1593 520 1651 viris
535 1602 580 1652 est
596 1593 626 1652 in
641 1611 702 1652 osu.
733 1593 966 1656 eiiioaoisslmum
980 1611 1030 1652 au·

17 1687 87 1736 tem
116 1677 241 1738 habetur
268 1677 467 1751 archezostis,
498 1676 565 1735 item
588 1676 728 1751 tithymali
749 1694 821 1738 suoo
845 1676 892 1736 vel
914 1677 943 1735 in
966 1676 1029 1736 sole

21 1779 96 1820 enm
114 1761 185 1820 oleo
203 1760 284 1821 inlito
308 1760 424 1820 erebro
435 1757 483 1818 vel
498 1759 608 1818 evolsis
625 1761 701 1839 pitis.
734 1760 948 1841 Quadripedum
968 1777 1030 1819 soa-

21 1843 110 1904 biem
125 1854 209 1904 sanat
227 1845 369 1922 hysopum
383 1862 420 1903 ex
432 1843 510 1919 oleo,
527 1860 608 1902 suom
620 1845 739 1921 anginas
756 1844 941 1924 peculiariter
956 1844 1028 1904 side·

21 1929 104 1988 ritis.
141 1947 240 1989 verum
252 1936 282 1988 et
296 1926 407 2006 reliqua
423 1944 532 2004 genera
550 1927 702 1988 herbarum
716 1927 877 1989 reddamus.

324 2477 529 2562 (ll’bllll
561 2475 789 2562 dlldlllllll

143 2644 961 2742 lllllllilllllllllillilld

382 2825 745 2941 n1euaxxvm.

480 3001 629 3010 ...ιι-...ι-

97 3095 172 3174 Cap.
194 3097 220 3156 1.
242 3097 338 3178 (Seot.
360 3098 404 3176 1.)
436 3095 550 3166 Crescit
566 3098 699 3176 proiecto
715 3096 791 3176 apud
812 3115 859 3156 me
876 3105 956 3157 eerte
974 3104 1058 3158 tra-1

36 3187 111 3240 otatn
128 3181 194 3258 ipso
211 3181 359 3241 admiratio
375 3182 564 3258 antiquitatis,
582 3191 745 3260 quantoque
760 3183 851 3240 maior
863 3181 949 3260 eopia
964 3178 1029 3238 her-

8 3262 134 3324 tsbarum
150 3264 272 3324 dicenda
286 3273 392 3340 restat,
416 3273 494 3324 tanto
510 3267 601 3340 magis
617 3266 739 3325 adorare
755 3266 917 3346 priscorum
939 3264 968 3320 in
988 3262 1028 3320 in·

36 3348 179 3408 veniendo
196 3365 309 3422 euram,
333 3350 361 3407 in
375 3347 515 3408 tradendo
530 3346 733 3424 benignitatem
750 3347 835 3407 subit.
865 3364 922 3405 neo
942 3345 1028 3405 dubie

40 3439 171 3502 senerata
188 3430 246 3491 hoe
262 3431 348 3491 modo
365 3440 468 3508 posset
484 3431 576 3490 rideri
592 3434 677 3491 etiam
692 3449 787 3492 rernm
801 3439 921 3491 naturae
935 3431 1027 3508 ipsius

40 3511 239 3593 munificentia,
254 3517 278 3573 si
290 3515 402 3574 bomani
418 3515 518 3594 operis
534 3525 613 3575 esset
624 3517 759 3576 inventio.
787 3529 944 3575 nunerero
960 3512 1056 3574 deo·2

78 3613 146 3670 putu.
167 3613 230 3658 nur.
247 3619 317 3660 rust.
340 3603 387 3661 lV.
842 3597 861 3657 9
