2430 3896
274 257 355 304 aar.
378 257 468 305 mar.
489 256 561 303 xvr.
583 239 869 325 ro-ao.(tr—4t.)
1024 241 1062 304 21

75 413 143 474 alies
157 411 249 472 dores
271 412 353 473 croci
376 400 475 471 colore
496 412 573 471 circa
588 411 757 485 solstitium,
775 426 875 472 senen
890 409 984 470 reddit
997 417 1065 489 post

74 495 248 574 vergiliarum
262 512 412 556 occasum.
439 495 523 574 pinus
538 503 633 555 autem
649 503 678 554 et
692 495 777 572 picea
793 494 981 572 praeveniunt
996 513 1063 572 ger·

74 581 216 640 minatione
235 579 400 660 quindecim
415 579 478 639 iere
493 578 613 654 dlebus,
635 594 735 638 semen
755 595 828 637 vero
847 586 914 657 post
927 578 1065 655 vergilias

74 674 98 725 et
110 667 187 742 ipsae
204 665 339 724 reddunt.
923 687 927 692 ⁷

61 761 68 798 ι
127 748 212 827 (44.)
242 745 361 808 Gitreae
384 755 413 806 et
433 747 571 826 iunipirus
594 754 623 804 et
642 746 703 806 ilex
724 746 872 806 anniferae
889 745 1107 820 habentur,107

72 849 216 910 novosque
237 832 350 892 fructus
371 832 399 890 in
421 832 464 891 his
487 849 550 890 cum
570 831 706 890 annotino
730 829 846 909 pendet.
884 832 912 890 in
934 847 1065 890 maxuma

71 927 156 976 tamen
171 915 361 976 admiratione
376 917 458 994 pinus
477 924 531 976 est.
564 914 652 975 habet
673 913 794 974 iructnnr
809 921 1063 989 maturescentem,

70 999 150 1060 labet
175 1015 320 1079 proxumo
348 1016 420 1060 anno
448 999 483 1059 ad
508 999 699 1060 maturitatem
725 1007 875 1058 venturum
898 1017 933 1059 ac
959 998 1064 1060 deinde

69 1085 158 1144 tertio.
194 1101 252 1144 uec
272 1083 331 1143 ulla
354 1084 487 1144 arborum
508 1084 617 1143 avidius
646 1101 678 1142 se
701 1083 848 1162 promittit.
885 1098 942 1161 quo
964 1099 1064 1140 mense

51 1185 104 1227 nex
121 1185 156 1228 ea
176 1185 237 1227 nux
257 1167 424 1244 decerpitur
446 1168 550 1228 eodem
565 1168 732 1227 maturescit
753 1166 819 1226 alia.
852 1167 894 1226 sic
916 1165 1063 1244 dispensa·

69 1261 110 1311 tur
123 1261 153 1312 ut
167 1251 250 1312 nullo
266 1267 324 1310 non
338 1267 437 1310 mense
452 1259 652 1312 maturescant.
683 1268 758 1328 quae
780 1267 813 1309 se
836 1251 864 1308 in
879 1249 987 1310 arbore
1001 1251 1065 1326 ipsa

69 1335 190 1395 divisere
217 1335 334 1395 azaniae
361 1343 515 1410 vocantur,
548 1335 722 1412 laeduntque
752 1343 866 1394 ceteras
893 1336 948 1394 nisi
970 1333 1065 1394 detra·

69 1418 198 1478 ltantur-
964 1435 969 1444 ’

128 1502 214 1580 (45.)
240 1500 376 1561 Fructum
393 1501 526 1560 arborum
543 1501 625 1562 solae
642 1502 1106 1580 nullnmiernnt,hocestne108

50 1602 163 1644 neeman
176 1585 302 1662 quidem,
312 1585 431 1645 tamarix
447 1586 545 1663 scopis
559 1594 665 1645 tantum
680 1603 813 1661 nascens,
825 1585 960 1664 populus,
970 1584 1062 1660 alnus,

69 1668 156 1727 ulmus
175 1666 282 1742 Atinia,
299 1668 455 1744 alaternus,
472 1671 517 1728 cui
529 1668 599 1729 lolia
612 1671 686 1729 inter
697 1670 793 1730 ilicem
809 1679 838 1728 et
849 1668 963 1729 olivam.
992 1669 1063 1729 inie-

70 1750 136 1811 lices
152 1759 247 1810 autem
263 1751 460 1812 existimantur
477 1752 685 1831 damnataeque
704 1753 847 1830 religione
871 1770 945 1831 quae
968 1769 1063 1830 neque

70 1843 197 1894 seruntur
218 1852 350 1912 nmquam
372 1853 466 1914 neque
486 1835 610 1896 fructum
632 1837 736 1897 ierunt.
780 1834 942 1897 Cremutius
963 1834 1064 1896 auctor

70 1927 110 1976 est
123 1935 276 1996 numquam
290 1919 388 1978 virere
409 1919 543 1980 arborem
564 1939 602 1979 ex
617 1938 672 1999 qua
688 1920 797 1995 Phyllis
818 1938 850 1980 se
868 1920 1062 1999 suspenderit.

47 1999 145 2072 nQnae
157 2003 289 2062 cummim
301 2004 420 2080 pignum
434 2012 503 2082 post
513 2004 748 2080 germinationem
760 2005 937 2082 aperiuntur,
947 2006 1064 2064 cummis

71 2086 188 2145 nonnisi
205 2085 300 2146 fructu
315 2085 446 2147 detracto
463 2088 613 2164 spissatur.
927 2089 928 2092 ’

124 2168 210 2249 (46.)
232 2168 377 2230 Novellae
393 2170 513 2230 arbores
529 2179 629 2230 carent
643 2171 737 2231 fructu
751 2171 884 2248 quamdiu
897 2180 1041 2232 crescunt.
1055 2180 1106 2234 109

71 2251 187 2328 perdunt
202 2252 341 2312 facillime
357 2262 422 2314 ante
442 2255 632 2314 maturitatem
654 2253 766 2333 palma,
789 2255 879 2334 licus,
901 2254 1062 2333 amygdala,

70 2335 165 2410 malus,
181 2335 272 2413 pirus,
290 2337 359 2397 item
373 2337 487 2416 punica,
503 2354 577 2415 quae
597 2339 681 2398 etiam
697 2337 813 2398 roribus
828 2340 919 2400 nimiis
943 2349 972 2398 et
988 2338 1062 2416 prui-

45 2418 109 2476 cris
126 2418 226 2478 dorem
248 2420 358 2480 amittit.
397 2419 507 2499 quade
526 2440 613 2482 cansa
634 2421 782 2482 inflectunt
802 2440 899 2482 ramos
920 2423 999 2496 eius,
1026 2438 1062 2479 ue

71 2501 189 2562 subrecti
204 2520 334 2563 umorem
351 2504 483 2564 infestum
504 2507 648 2584 excipiant
670 2515 755 2583 atque
777 2507 950 2567 contineant.
983 2505 1062 2582 pirus

72 2592 97 2643 et
113 2585 281 2662 amygdala,
303 2587 492 2648 etiamsinon
514 2589 612 2667 pluat,
634 2590 688 2650 sed
710 2589 760 2648 liat
779 2591 934 2650 austrinum
951 2587 1062 2648 caelum

72 2676 113 2725 aut
124 2668 267 2745 nubilum,
287 2671 415 2731 amittunt
430 2672 532 2732 liorem
555 2682 583 2732 et
599 2674 706 2751 primos
720 2673 845 2751 fructus,
869 2674 910 2748 si,
932 2690 996 2732 oum
1012 2671 1060 2731 de·

21 2803 23 2844 ί
73 2747 239 2830 tatemere,
256 2752 331 2814 tales
346 2754 407 2814 dies
424 2755 538 2815 fuerint.
572 2757 708 2817 ocissime
728 2765 823 2816 autem
845 2756 920 2816 salix
944 2757 1104 2819 amittittlo

21 2849 22 2882 1
47 2845 171 2910 ttaenren,
187 2844 340 2915 antequam
354 2840 469 2898 omnino
486 2841 676 2900 maturitatem
694 2840 807 2916 sentiat,
824 2839 862 2899 ob
874 2841 902 2901 id
917 2840 992 2902 dicta
1003 2839 1060 2899 Ho-

21 2921 23 3000 ι
73 2934 145 2978 tuero
159 2918 347 2998 frugiperdia.
378 2931 481 2982 secuta
497 2931 576 2983 aetas
597 2923 712 2983 scelere
735 2940 787 2983 suo
809 2925 995 3002 interpretata
1016 2933 1061 2983 est

21 3001 23 3084 ξ
74 2999 139 3061 lare
150 3005 331 3079 sententiam,
345 3006 459 3084 quando
476 3024 575 3066 semen
590 3007 688 3067 salicis
702 2996 814 3067 mulieri
828 3007 986 3068 sterilitatis
1001 3025 1059 3066 me·

21 3085 23 3164 l
76 3083 253 3147 dicamentum
279 3105 347 3148 esse
373 3099 496 3151 constat.
542 3091 595 3152 sed
621 3092 650 3150 in
674 3091 732 3152 hoc
760 3108 876 3171 quoque
903 3091 1059 3169 providens
1165 3118 1173 3130 ν

21 3227 22 3252 3
74 3175 161 3230 natura
183 3171 273 3232 facile
296 3176 426 3234 nascenti
448 3182 477 3233 et
497 3174 620 3252 depacto
640 3175 757 3236 surculo
773 3177 944 3235 incuriosius
961 3192 1059 3234 semen

21 3331 22 3334 Ἴ
48 3247 149 3313 ttdedit.
177 3273 232 3316 uua
248 3265 345 3317 tamen
365 3258 496 3336 proditur
519 3258 555 3318 ad
575 3261 764 3320 maturitatem
783 3259 917 3339 perferre
933 3257 1016 3316 solita
1031 3259 1058 3316 in

21 3367 23 3430 p
75 3328 149 3398 Grata
161 3338 253 3401 insula
268 3342 334 3419 ipso
351 3341 494 3402 descensu
512 3342 589 3403 lovis
606 3343 763 3421 speluncae
784 3353 897 3404 torvom
920 3341 1057 3418 ligneum·

21 3433 23 3498 t
76 3432 121 3493 que
135 3423 328 3501 magnitudine
343 3425 459 3485 ciceris.

21 3551 22 3558 .
124 3505 200 3588 (tu.)
231 3507 316 3569 Fiunt
330 3525 403 3570 vero
416 3510 556 3587 quaedam
571 3509 630 3570 loci
645 3511 714 3570 vitio
727 3510 915 3585 infructuosa,
927 3509 1002 3568 sicut
1013 3509 1097 3570 intll
