2504 3930
101 230 106 239 ¹
145 320 149 328 ¹
186 247 249 310 266
455 334 457 342 Ι
522 261 827 310 o.anrnrsncuun1

187 417 250 493 quis
265 431 395 473 maxume
407 412 533 492 probari.
563 414 615 475 sed
626 415 655 475 hi
668 417 808 475 rationem
820 415 965 491 adierunt,
985 415 1117 492 quoniam
1131 412 1169 474 le
1230 407 1233 426 ‘

187 499 303 557 vissima
321 501 356 556 sit
371 497 500 556 imbrium
518 515 591 574 quae
606 498 702 557 subire
719 501 842 576 potuerit
861 517 894 558 ac
910 497 1036 576 pendere
1052 498 1081 556 in
1096 515 1167 557 aere.

143 593 179 648 32
191 582 257 641 ideo
273 589 302 640 et
316 581 389 640 nivis
405 581 586 658 praeferunt,
606 581 775 659 nivibusque
790 584 872 642 etiam
894 581 1020 657 glaciem
1040 580 1119 638 velut
1138 579 1165 637 ad

186 665 322 724 inlinitum
334 673 435 722 coacta
450 662 616 723 subtilitate.
643 664 754 724 leviora
764 667 837 723 eninr
849 665 922 724 haec
934 683 1001 722 esse
1013 671 1043 721 et
1053 662 1167 738 glaciem

186 747 274 807 multo
293 746 432 806 leviorem
449 764 532 824 aqua.
562 747 662 806 horum
674 750 841 807 sententiam
852 747 947 805 refelli
959 748 1079 804 interest
1087 747 1184 810 ‘vitaer

186 832 214 889 in
230 830 329 907 primis
345 831 418 887 enim
435 828 537 889 levitas
551 829 600 889 illa
615 829 794 909 deprehendi
815 831 897 890 aliter
915 847 996 907 quam
1019 846 1108 887 seusu
1128 828 1171 886 vir

186 922 300 990 potest,
318 911 395 970 nullo
412 930 505 989 paene
521 923 664 972 momento
680 913 815 990 ponderis
836 914 917 990 aquis
932 914 1006 970 inter
1023 929 1056 969 se
1074 911 1170 970 distau·
1231 953 1233 964 r

188 995 273 1054 tibus.
305 994 500 1076 neclevitatis
515 997 544 1054 in
570 997 665 1073 pluvia
687 1013 760 1073 aqua
781 1005 976 1071 argumentum
997 1003 1043 1052 est
1065 993 1170 1052 subisse

186 1095 250 1138 eam
263 1081 293 1137 in
304 1078 431 1152 caelum,
448 1096 511 1136 cum
527 1080 611 1138 etiam
622 1078 733 1156 lapides
749 1077 846 1137 subire
862 1077 999 1156 adpareat
1011 1076 1171 1153 cadensque

186 1162 326 1221 inficiatur
337 1160 424 1219 halitu
435 1169 547 1236 terrae,
561 1179 617 1238 quo
633 1163 664 1220 lit
674 1171 703 1220 ut
716 1161 830 1239 pluviae
842 1178 933 1237 aquae
944 1159 1071 1219 sordium
1082 1159 1198 1236 plurun

187 1261 261 1304 mum
279 1246 376 1304 inesse
394 1245 530 1302 sentiatur
546 1245 738 1321 citissimeque
756 1243 823 1302 ideo
840 1243 953 1303 calefiat
974 1261 1049 1321 aqua
1071 1242 1171 1321 pluvia.

143 1338 179 1392 33
189 1329 284 1386 nivem
302 1327 415 1404 quidem
430 1326 611 1404 glaciemque
629 1326 840 1386 subtilissimum
855 1326 990 1386 elementi
1008 1327 1072 1385 eius
1088 1324 1173 1383 videri

185 1412 274 1470 miror
296 1408 429 1488 adposito
441 1410 608 1485 grandinum
620 1419 804 1486 argumento,
820 1428 836 1467 e
853 1408 957 1486 quibus
975 1408 1172 1487 pestilentissi-

185 1512 261 1552 mum
278 1502 374 1571 potum
389 1510 456 1552 esse
468 1494 612 1552 convenit.
639 1510 694 1551 nec
709 1510 779 1552 vero
794 1495 879 1570 pauci
894 1496 968 1551 inter
982 1494 1066 1569 ipsos
1083 1507 1171 1550 econ·

186 1577 274 1636 trario
291 1575 412 1652 engela
434 1593 469 1634 ac
492 1574 604 1634 niuibus
633 1575 868 1634 insaluberrimos
889 1584 975 1653 potus
996 1573 1171 1652 praedicant,
1180 1591 1199 1630 15

186 1659 320 1737 quoniam
346 1666 476 1717 exactum
496 1661 532 1718 sit
559 1658 625 1717 inde
647 1658 724 1736 quod
743 1660 934 1721 tenuissimum
959 1657 1057 1716 luerit.
1095 1655 1173 1714 minui

188 1751 268 1801 uerte
292 1741 433 1820 liquorem
459 1759 570 1801 omnem
592 1741 797 1817 congelatione
820 1740 1044 1818 deprehenditur
1065 1748 1095 1798 et
1110 1755 1172 1798 rore

186 1825 272 1884 nimio
290 1825 416 1883 scabiem
428 1825 502 1899 fieri,
518 1827 617 1902 pruina
629 1824 787 1898 uredinem,
804 1824 936 1900 cognatis
946 1832 976 1882 et
987 1822 1063 1882 nivis
1075 1821 1171 1882 causis.

144 1908 302 1986 seplasiae
317 1908 430 1985 quidem
445 1906 695 1984 aquascelerrime
711 1915 879 1984 putrescere
896 1906 1030 1964 convenit
1046 1906 1171 1964 minume·

186 2008 243 2067 que
258 1988 361 2048 durare
376 1993 404 2047 in
419 1991 611 2065 navigatione.
642 1989 793 2066 Epigenes
809 1999 901 2050 autern
918 2007 1020 2066 aquam
1038 2006 1113 2067 quae
1133 2003 1199 2044 sero

186 2074 280 2151 ptieus
296 2072 458 2150 putrefacta
473 2081 593 2149 purgata
605 2074 641 2131 sit
653 2072 697 2138 ait
708 2073 829 2150 amplius
843 2091 899 2132 non
914 2081 1097 2150 putrescere.
1116 2087 1172 2128 nam

176 2157 326 2213 cisternas
339 2157 421 2212 etiam
432 2154 535 2212 medici
547 2156 717 2214 confitentur
726 2155 830 2214 inutilis
842 2155 908 2214 alvo
921 2155 1023 2214 duritia
1033 2153 1172 2213 faucibus·

186 2254 257 2314 que,
279 2269 321 2280 —
343 2239 427 2296 etiam
450 2236 508 2296 limi
529 2254 586 2296 non
601 2239 664 2296 aliis
679 2240 775 2297 inesse
790 2237 855 2316 plus
869 2247 915 2297 aut
929 2236 1090 2296 animalium
1106 2251 1173 2313 quae

142 2331 177 2384 35
189 2320 297 2378 faciunt
308 2319 432 2379 taedium
441 2320 604 2381 eoudtentis
618 2320 741 2396 habent,
754 2351 797 2366 -
811 2338 866 2379 nee
882 2321 974 2378 statim
989 2321 1112 2379 amnium
1127 2319 1172 2376 uti-

186 2402 311 2462 lissimae
325 2420 409 2477 esse,
422 2404 505 2462 sicuti
517 2420 572 2462 nec
586 2405 752 2464 torrentium
763 2403 863 2477 ullius,
878 2403 1015 2479 lacusque
1029 2403 1198 2481 plurumoss

186 2484 320 2544 salubris.
343 2503 481 2564 quaenam
501 2487 587 2561 igitur
610 2495 639 2544 et
659 2489 739 2546 cuius
762 2489 880 2563 generis
895 2482 1081 2563 aptissimae?
1104 2485 1172 2544 aliae

186 2567 265 2629 alibi.
296 2567 462 2628 Parthorum
475 2587 563 2644 reges
579 2588 616 2628 ex
627 2569 761 2647 Choaspe
778 2578 807 2628 et
821 2569 932 2628 Eulaeo
943 2577 1051 2627 tantum
1067 2567 1170 2637 bibunt,

80 2654 85 2674 ⁸
186 2652 241 2711 bae
257 2654 386 2730 quamvis
400 2655 428 2710 in
444 2653 600 2730 longinqua
621 2654 790 2712 comitantur
812 2651 888 2710 illos.
918 2650 970 2710 sed
992 2651 1094 2711 borum
1117 2648 1171 2730 pla·

188 2752 257 2794 cere
269 2751 326 2792 uon
339 2736 403 2810 quia
417 2736 471 2793 sint
487 2752 583 2794 amnes
598 2734 734 2812 adparet,
753 2736 886 2811 quoniam
898 2751 991 2811 neque
1004 2752 1021 2792 e
1033 2733 1114 2809 Tigri
1124 2749 1169 2790 ne·

187 2835 243 2895 que
258 2816 422 2894 Euphrate,
438 2835 531 2896 neque
547 2836 563 2876 e
578 2817 672 2877 multis
687 2817 749 2877 aliis
764 2815 872 2876 bibunt.
1177 2828 1198 2869 a

143 2910 178 2964 36
252 2899 334 2976 (22.)
356 2899 450 2960 Limus
470 2917 604 2977 aquarum
626 2900 724 2960 vitium
752 2911 806 2958 est.
833 2902 857 2957 si
875 2908 969 2958 tamen
992 2898 1067 2957 idem
1081 2897 1170 2978 amnis

186 2981 320 3057 anguillis
336 2991 461 3057 scateat,
484 2983 657 3044 salubritatis
677 2982 808 3042 indicium
823 2980 957 3056 habetur,
984 2981 1070 3040 sicuti
1086 2978 1170 3055 lrigo·

186 3065 227 3124 ris
244 3065 353 3123 taenias
367 3066 396 3122 in
410 3065 489 3124 fonte
505 3067 592 3142 gigni.
625 3073 690 3124 ante
703 3068 795 3125 omnia
811 3072 903 3124 autem
920 3065 1085 3124 damnantur
1100 3079 1169 3122 ama·

185 3165 235 3208 rae
252 3155 280 3205 et
294 3164 367 3224 quae
382 3147 547 3206 sorbentem
565 3149 657 3208 statim
672 3149 798 3225 inplent,
814 3149 890 3225 quod
903 3149 999 3206 evenit
1012 3146 1166 3205 Troezene.

185 3247 250 3288 nam
264 3231 389 3288 nitrosas
405 3239 491 3306 atque
514 3231 682 3292 salmacidas
697 3232 725 3289 ia
742 3230 865 3291 desertis
878 3231 1005 3291 Rubrum
1024 3246 1104 3288 mare
1120 3243 1196 3304 pest

186 3321 281 3370 tentes
296 3312 388 3372 addita
405 3311 521 3390 polenta
537 3313 614 3374 utilis
636 3315 708 3372 intra
728 3314 799 3374 duas
819 3313 906 3374 boras
925 3313 1031 3372 iaciunt
1052 3314 1167 3389 ipsaque

185 3404 340 3454 vescuntur
355 3396 482 3473 polenta.
512 3395 677 3456 damnantur
690 3399 719 3455 in
740 3397 838 3475 primis
857 3413 930 3475 quae
953 3396 1031 3454 fonte
1055 3407 1167 3453 caenum

184 3473 292 3534 iaciunt
314 3495 445 3556 quaeque
456 3478 559 3538 malum
570 3480 708 3564 *colorem
719 3479 897 3555 bibentibus,
915 3479 1006 3540 reiert
1020 3486 1048 3537 et
1067 3479 1091 3536 si
1103 3489 1167 3534 vasa
