2396 3900
281 257 364 307 nar.
378 258 469 308 nuso.
483 261 555 309 xvr.
571 257 694 314 43-44,
711 248 865 333 (sa—91.)
1030 252 1071 314 43

8 493 10 524 ᾗ
130 410 214 492 (88.)
238 412 312 472 Sunt
326 422 462 474 auctores
480 414 692 495 etDelplricam
704 418 849 496 platanum
860 417 1054 497 Agamemno·
1061 430 1115 486 238

8 525 10 610 l
75 498 1073 666 :astitistititud,istitutittlttlttdtt

8 663 10 784 p
74 668 99 725 ia
111 665 270 744 sepulchro
285 665 409 727 arbores
425 686 500 747 quae
521 669 652 729 omnibus
668 687 758 730 exeo
774 673 867 748 aevis,
887 689 951 732 cum
965 673 994 732 in
1010 681 1070 734 tan-

57 760 124 810 uun
149 749 315 811 adcrevere
348 760 378 811 ut
403 751 485 813 ilium
510 754 688 833 adspiciam,
717 756 883 816 inarescunt
911 774 1072 837 rursusque

74 835 247 895 adulescunt.
288 837 368 896 iuxta
395 836 495 898 urbem
510 847 605 899 autern
623 855 748 917 quercus
769 840 798 899 iu
818 839 853 901 lli
873 840 981 901 tumulo
1003 850 1071 902 tuno

73 929 145 980 satae
162 920 308 997 dicuntur,
325 938 389 980 cum
405 923 504 1022 coepit
518 921 601 982 Ilium
618 924 728 984 vocari

127 1003 213 1085 (89.)
236 1003 326 1082 Argis
344 1004 410 1067 olea
427 1007 588 1068 etiamnunc
609 1007 714 1068 durare
735 1008 840 1069 dicitur
863 1008 900 1069 ad
916 1026 1001 1087 quam
1016 1008 1049 1069 lo
1060 1019 1113 1074 239

73 1089 220 1150 internum
237 1097 374 1150 mutatam
387 1090 486 1168 Argus
507 1091 690 1170 adligaverit.
722 1093 750 1152 in
770 1092 863 1154 Ponto
886 1095 964 1154 circa
979 1091 1070 1154 llera-

49 1174 160 1234 ualeam
175 1191 245 1234 arae
260 1183 326 1233 sunt
336 1173 414 1235 lovis
426 1174 595 1256 Στρατίου
608 1178 794 1254 cognomine,
807 1177 846 1237 ibi
859 1194 985 1257 quercus
996 1177 1071 1238 duae

74 1257 104 1318 alt
118 1257 247 1320 Hercule
261 1267 354 1320 satae.
381 1260 409 1318 in
421 1259 527 1320 eodem
538 1269 631 1320 tractu
642 1269 745 1339 portus
760 1260 864 1337 Amyci
878 1270 924 1320 est
935 1260 1070 1337 Bebryce

73 1361 139 1420 rege
160 1342 319 1403 interfecto
341 1343 447 1404 clarus.
484 1346 547 1405 eius
570 1344 694 1406 tumulus
718 1362 735 1405 a
757 1361 895 1424 supremo
916 1346 964 1407 die
987 1346 1068 1408 lauro

73 1428 173 1504 tegitur
187 1444 275 1505 quam
290 1426 419 1489 insanam
432 1437 549 1504 vocant,
566 1430 710 1508 quoniam,
733 1431 758 1490 ai
775 1430 896 1509 quidex
913 1447 949 1489 ea
966 1429 1068 1490 decer·

74 1519 145 1589 ptum
157 1509 300 1572 inferatur
313 1512 444 1588 naribus,
460 1513 553 1591 iurgia
565 1513 645 1589 liunt,
659 1515 754 1576 donec
768 1513 919 1575 abiciatur.
944 1513 1112 1592 Regio-rao

50 1594 326 1656 unemAulocrenen
338 1596 460 1656 diximus
471 1615 526 1676 per
535 1615 620 1676 quam
627 1596 757 1677 Apamea
770 1600 798 1658 in
810 1598 963 1675 Phrygium
974 1600 1040 1658 itur.
1054 1623 1111 1665 aare

74 1678 109 1739 ilri
122 1679 254 1758 platanus
272 1679 434 1740 ostenditur
450 1699 488 1741 ex
500 1698 556 1760 qua
572 1682 748 1760 pependerit
765 1681 897 1756 llarspas
917 1683 1011 1743 victus
1031 1681 1068 1742 ab

74 1763 223 1842 Apolline,
251 1781 327 1843 quae
348 1765 404 1824 iam
424 1774 483 1825 tum
504 1764 699 1843 magnitudine
720 1765 816 1827 electa
838 1775 892 1827 est.
934 1782 1068 1826 necnon

75 1848 159 1926 palma
169 1848 238 1909 Deli
255 1847 292 1909 ah
304 1848 434 1908 eiusdem
447 1848 494 1910 dei
509 1858 604 1910 aetate
619 1852 807 1930 conspicitur,
821 1849 973 1929 Olympiae
986 1850 1067 1911 olea·

76 1941 173 1993 uterer
185 1950 244 2012 quo
258 1933 366 2012 primus
375 1931 517 1994 Hercules
532 1944 689 1996 coronatus
701 1943 758 2011 est,
775 1944 805 1995 et
820 1952 895 1994 nunc
907 1934 1068 1996 custoditur

50 2017 179 2096 arcliqio.
224 2016 348 2077 Athenis
367 2034 483 2095 quoque
505 2017 573 2079 olea
593 2019 698 2080 durare
714 2019 837 2080 traditur
856 2020 885 2078 in
908 2020 1067 2080 certamine

77 2100 141 2163 edita
155 2121 172 2162 a
186 2100 327 2162 llinervu.
501 2149 503 2155 .

129 2186 212 2265 (90.)
235 2184 283 2246 Ex
293 2186 412 2246 diverso
427 2185 599 2249 brevissima
610 2189 669 2248 vita
682 2196 728 2248 est
739 2187 862 2266 punicis,
872 2187 940 2264 lico,
952 2186 1046 2260 malis,
1058 2193 1109 2248 am

77 2278 100 2328 et
113 2289 147 2331 ex
161 2272 207 2332 his
223 2271 420 2350 praecocibus
434 2269 554 2331 brevior
568 2290 652 2350 quam
669 2273 815 2351 serotinis,
833 2272 966 2332 dulcibus
982 2287 1067 2349 quam

77 2357 173 2432 acuis,
195 2364 228 2416 et
241 2355 366 2416 dulciori
380 2356 409 2414 in
423 2355 554 2433 punicis,
575 2357 644 2416 item
658 2358 687 2415 in
702 2355 825 2431 vitibus,
847 2356 1067 2434 praecipueque

53 2438 265 2500 electioribus.
296 2438 455 2500 Graecinus
479 2449 583 2500 auctor
604 2449 649 2500 est
666 2442 823 2518 sexagenis
844 2441 925 2500 anuis
944 2438 1066 2500 durasse

78 2524 141 2584 ritis.
183 2523 328 2584 Videntur
352 2533 383 2584 et
409 2525 561 2602 aquaticae
590 2525 716 2585 celerius
741 2525 872 2584 interire.
909 2530 1067 2582 senescunt

79 2609 181 2686 quidem
196 2607 354 2683 velociter,
369 2607 423 2667 sed
440 2625 457 2666 e
471 2607 618 2668 radicibus
632 2607 819 2687 repullulant,
835 2607 933 2669 laurus
954 2615 984 2667 et
999 2605 1066 2666 mali

78 2701 102 2750 et
120 2695 252 2771 punicae.
287 2691 467 2752 firmissimae
492 2709 564 2770 erqo
586 2694 621 2754 ad
642 2694 796 2754 vivendum
813 2692 916 2769 oleae,
944 2701 973 2752 ut
994 2708 1065 2768 quas

78 2775 168 2839 durare
186 2778 268 2838 annis
287 2787 329 2838 cc
346 2777 421 2836 inter
436 2785 573 2836 auctores
589 2779 753 2837 conveniat.
1082 2800 1086 2810 ·

9 2870 73 2920 ιιι
132 2862 215 2942 91.
238 2859 317 2922 Est
309 2879 337 2921 ιιι
351 2860 518 2921 suburbano
533 2860 687 2921 Tusculani
707 2879 770 2940 agri
763 2861 864 2922 colle
882 2861 929 2939 qui
948 2857 1045 2919 corne
1056 2864 1108 2921 242

9 2923 12 3028 l
79 2864 1066 3108 :tttlttlttt,tidtgztlttttlttstitiitilii

9 3029 12 3136 ι
80 3124 163 3176 aetate
181 3125 281 3177 nnana
302 3115 407 3175 amarit
426 3113 580 3175 Passienus
605 3112 735 3216 Griqus
746 3115 791 3175 his
813 3113 931 3187 consul,
954 3119 1063 3185 orator,

84 3198 246 3280 Agrippinae
267 3199 448 3261 matrimonio
472 3208 501 3258 et
520 3197 639 3259 Nerone
661 3201 795 3278 privigno
821 3198 928 3258 clarior
949 3201 1064 3273 postea,

60 3286 194 3347 torculari
210 3285 419 3364 conplectique
435 3302 498 3345 eam
514 3284 634 3360 solitus,
656 3301 714 3344 non
728 3283 814 3343 modo
832 3282 938 3342 cubare
956 3276 1009 3338 sub
1030 3296 1065 3339 ea

85 3371 219 3452 urumque
234 3370 278 3432 illi
294 3368 463 3431 adfundere.
492 3370 588 3430 vicina
603 3368 672 3429 luco
688 3376 733 3428 est
752 3367 812 3428 ilex
834 3375 864 3426 et
879 3366 944 3443 ipsa
958 3361 1064 3422 nobilis

84 3465 194 3518 xxxmt
209 3456 318 3536 pedum
335 3453 440 3516 ambitu
456 3454 599 3530 caudicis,
621 3468 646 3514 x
660 3452 783 3513 arbores
799 3452 912 3510 mittens
936 3446 1065 3529 singulas

82 3541 264 3618 magnitudinis
280 3538 434 3618 visendae,
450 3539 610 3618 silvamque
626 3537 689 3598 sola
704 3537 781 3597 lacit.
