2396 3922
191 231 235 294 98
536 243 566 292 0.
581 243 677 292 nunu
691 243 843 292 succum

189 397 239 456 alii
259 413 364 458 erucae
382 395 461 456 loliis
481 413 549 456 esse
570 395 717 472 dixerunt,
739 396 786 456 ulii
812 395 1052 456 ruborisurtuura
1069 392 1163 467 multo,

189 480 291 540 radice
306 480 353 539 alii
366 481 557 557 supervacua,
572 479 620 538 alii
634 482 731 539 nervis
744 481 815 554 utili,
832 478 878 537 alii
891 486 959 554 potu
970 475 1164 552 strangulante.

191 563 341 622 ediverso
357 562 469 639 qnidam
484 564 567 639 regio
584 563 685 622 morbo
702 581 767 622 curn
789 565 855 623 vinc
872 560 1010 622 dederuut
1030 567 1058 618 et
1073 566 1166 618 eontra

154 658 159 668 '
190 638 287 704 omnia
299 647 415 705 vesicae
431 647 514 720 vitia,
537 647 605 704 item
621 644 719 706 cordis
734 655 764 706 et
784 645 937 706 iocineris:
959 641 1109 702 extrahere
1127 657 1166 698 re·

146 739 200 794 169
210 729 293 788 nibus
310 728 445 788 harenam
460 729 570 788 dixere.
602 728 767 788 ischiadicis
790 727 951 787 drachmam
973 742 1036 784 cum
1059 738 1190 796 carme-s

190 813 241 872 lite
266 811 303 871 ab
325 811 515 872 ambulatione
538 813 749 890 propinarem,
775 809 942 872 torminibus
966 824 1078 885 quoqne
1099 807 1170 864 etin

189 912 279 972 passo
296 895 481 966 utilissimam,
496 895 678 972 praecordiis
689 896 773 956 etiam
788 894 854 954 cibo
870 911 907 951 ex
923 901 1008 952 aceto
1020 908 1081 948 eam
1097 904 1169 966 prae·

188 979 320 1038 dicantes
334 987 523 1055 serentesque
538 979 566 1036 in
580 977 683 1038 hortis.
731 995 786 1036 nec
802 977 921 1036 defuere
939 975 987 1052 qni
1009 983 1038 1033 et
1062 972 1169 1032 alterurn

188 1077 284 1137 genus
295 1060 424 1120 iacerent
438 1078 494 1120 nec
506 1061 590 1136 quale
604 1071 684 1120 esset
697 1060 936 1134 demonstrarent,
950 1067 1052 1116 conns
1063 1070 1168 1132 serpeu-

186 1146 226 1204 tis
245 1145 275 1202 iu
288 1161 362 1221 aqua
377 1143 528 1203 bibendam
551 1142 747 1221 edendamque
768 1141 958 1203 comitialibus
976 1139 1087 1200 dantes.
1127 1145 1190 1194 nost

188 1245 253 1286 eam
271 1227 407 1286 Romanis
423 1228 629 1304 experimentis
645 1245 699 1306 per
713 1245 782 1284 usus
798 1226 972 1302 digeremus.
1001 1223 1108 1298 lanugo
1122 1220 1171 1277 eius

188 1328 253 1370 cnm
269 1326 357 1368 croco
382 1318 411 1368 et
425 1310 530 1385 exiguo
543 1327 636 1386 aquae
653 1308 777 1386 frigidae
792 1311 857 1368 trita
879 1308 1006 1368 inlinitur
1022 1302 1172 1386 epiphoris,

187 1400 265 1452 tosta
282 1409 345 1450 cnm
360 1393 433 1452 mica
450 1393 519 1451 salis
536 1393 659 1452 strumis.

144 1485 199 1541 170
256 1475 361 1552 (107.)
382 1474 566 1553 premeron
584 1476 652 1534 lolia
670 1474 756 1536 habet
772 1475 829 1549 lili,
854 1474 906 1534 sed
927 1475 1057 1546 minora,
1073 1468 1190 1529 caulem

189 1575 298 1638 parem,
313 1558 414 1617 florem
426 1559 599 1634 caeruleum,
619 1577 718 1618 semen
730 1575 949 1637 supervacuum,
962 1556 1093 1614 radicem
1103 1567 1190 1622 nnamu

188 1641 300 1717 digitali
315 1641 518 1716 crassitudine,
532 1641 665 1700 dentibus
680 1644 867 1720 praecipuam
889 1639 1038 1700 concisam
1054 1639 1083 1695 iu
1100 1643 1173 1694 aceto

188 1724 397 1802 decoctumque
411 1735 441 1784 ut
454 1725 552 1801 tepido
564 1724 741 1784 conluantur.
771 1733 800 1784 et
816 1727 879 1802 ipsa
896 1723 984 1782 etiam
998 1720 1082 1781 radix
1101 1719 1171 1788 sistit,

187 1810 269 1868 cavis
295 1802 377 1866 exesi
404 1809 581 1887 inprimitur,
610 1806 791 1868 chelidoniae
817 1806 900 1866 radix
930 1824 968 1866 ex
1002 1812 1089 1864 aceto
1120 1802 1173 1859 trita

189 1891 352 1949 continetur
368 1907 436 1964 ore,
461 1893 555 1950 erosis
577 1899 720 1950 veratrum
742 1891 854 1966 nigrum
873 1889 1036 1967 inponitur,
1062 1883 1174 1944 mobiles

187 1971 329 2030 utrolibet
342 1973 465 2032 decocto
481 1975 508 2031 iu
523 1982 607 2034 aceto
623 1974 778 2033 firmantur.
1176 1965 1190 2054 l

143 2063 196 2118 171
255 2053 360 2130 (108.)
378 2055 499 2120 habrum
513 2058 677 2116 venereum
693 2064 798 2117 vocant
818 2057 846 2115 iu
867 2055 983 2114 ilumine
1005 2060 1172 2113 nascentem.

187 2145 235 2195 est
248 2138 275 2194 ei
290 2137 463 2196 vermiculus
479 2141 526 2216 qui
546 2141 622 2203 circa
643 2139 737 2199 dentis
757 2147 877 2198 necatur
898 2145 947 2196 aut
963 2137 1044 2196 cavis
1060 2135 1172 2195 dentiuu

91 2289 93 2295 ,
187 2235 257 2278 cera
272 2219 433 2278 includitur.
464 2223 619 2282 cavendum
635 2241 672 2282 ue
687 2223 786 2282 avolsa
803 2220 893 2281 herba
909 2229 1018 2280 terram
1033 2226 1141 2294 tangat.

144 2310 198 2364 171
260 2302 365 2378 (109.)
387 2301 581 2364 Renuncnlnm
608 2322 746 2364 vocamus
767 2322 851 2381 quam
874 2303 979 2364 Graeci
999 2300 1171 2362 batrachion

188 2401 298 2459 genera
316 2387 378 2443 eius
394 2395 541 2462 quattuor:
564 2405 648 2448 uuum
664 2386 863 2466 pinguioribus
876 2404 960 2463 quam
979 2383 1126 2445 coriandri
1138 2381 1190 2444 iet

112 2529 114 2533 ,
186 2467 233 2526 liis
262 2467 347 2526 etad
369 2466 542 2528 latitudinem
565 2471 677 2531 malvae
700 2469 926 2543 accedentibus,
955 2469 1061 2531 colore
1083 2463 1170 2534 liutto,

187 2548 271 2608 caule
288 2550 354 2609 albu
375 2551 475 2626 gracili
491 2562 520 2610 et
534 2553 632 2612 radice
653 2553 726 2612 alba.
767 2553 893 2613 nascitur
914 2553 942 2610 in
960 2549 1101 2610 limitibus
1117 2546 1170 2606 nui·

187 2631 232 2690 dis
247 2640 277 2690 et
293 2635 404 2710 opacis.
443 2634 561 2694 alterum
576 2636 725 2711 foliosius,
746 2635 874 2713 pluribus
889 2633 1029 2694 foliorum
1042 2631 1168 2700 incisuris,

186 2713 251 2770 altis
268 2714 406 2774 caulibus.
437 2719 717 2776 tertiumminumum
732 2727 786 2793 est,
801 2718 884 2793 gravi
901 2716 1013 2789 odore,
1038 2717 1114 2776 ilore
1133 2729 1168 2770 aa·

144 2803 197 2856 173
206 2811 269 2852 reo.
319 2805 447 2874 quartum
468 2800 558 2859 simile
580 2799 647 2858 huic
672 2801 745 2860 llere
765 2800 852 2860 luteo.
897 2799 1032 2860 omuibus
1052 2801 1100 2857 vis
1121 2799 1190 2854 cau-¹

188 2876 270 2950 stica,
287 2877 311 2934 si
327 2880 419 2940 cruda
431 2881 501 2942 folia
516 2883 704 2959 inponantur,
727 2882 902 2960 pusulasque
923 2891 954 2941 ut
974 2885 1055 2958 ignis
1070 2882 1169 2939 iaciunt.

187 2955 255 3014 ideo
270 2958 305 3016 ad
320 2958 418 3037 lepras
435 2972 464 3022 et
478 2982 581 3042 psoras
598 2966 632 3022 iis
648 2973 762 3025 utuntur
784 2975 819 3024 et.
831 2966 867 3024 ad
889 2965 1022 3026 tollenda
1044 2967 1170 3039 stigmata,

187 3040 379 3116 causticisque
395 3046 525 3106 omnibns
545 3049 676 3107 miscent.
720 3047 863 3126 alopeciis
881 3048 1026 3124 inponunt
1051 3044 1171 3105 celeriter

186 3131 380 3180 removentes.
416 3128 498 3186 radix
522 3131 550 3188 iu
576 3129 678 3190 dolore
702 3130 924 3190 conmanducata
949 3130 1059 3190 diutius
1082 3122 1170 3200 rumpit

141 3207 197 3260 174
210 3200 315 3277 dentis,
335 3204 434 3265 eadem
450 3211 528 3270 sicca
546 3213 664 3272 concisa
680 3221 902 3275 sternumentum
918 3221 974 3270 est.
1009 3211 1102 3271 nostri
1116 3209 1190 3266 ner-u

187 3280 260 3339 barii
276 3285 410 3380 strumum
425 3307 486 3349 eam
501 3302 615 3369 vocant,
632 3296 764 3372 quoniam
775 3295 907 3356 medetur
925 3296 1044 3356 strumis
1061 3303 1090 3357 et
1103 3288 1168 3370 pantu

185 3372 269 3436 parte
286 3383 315 3422 rn
330 3367 405 3425 inmo
423 3383 573 3451 suspensa,
590 3377 769 3456 creduntque
788 3398 822 3440 ea
838 3396 938 3438 rursus
957 3387 1023 3438 sata
1039 3374 1169 3439 rebellare

156 3458 263 3516 'quae
291 3452 452 3511 curaverint
478 3457 560 3534 vitia,
587 3477 644 3536 quo
667 3461 781 3522 scelere
812 3471 840 3520 et
862 3462 1036 3540 plantagine
1060 3466 1167 3520 utuntur.
