2458 3906
5 81 14 313 l

294 243 375 291 nur.
391 243 482 292 rursu.
498 245 611 294 xvrrrr.
627 243 712 298 Η.
730 235 883 315 (eo-33.)
1035 236 1093 300 173

81 396 198 460 caulem
217 399 333 460 ruittnnt
349 408 380 460 et
395 417 506 476 semen,
523 401 665 480 ipsaeque
680 412 867 465 evanescunt.
913 402 966 466 list
981 414 1010 465 et
1028 423 1076 466 cc·
1087 417 1136 472 104

81 482 177 543 lorum
190 482 367 544 differentia.
388 483 492 544 inleso
506 485 581 545 enim
596 493 626 544 et
639 486 778 547 Sardibus
791 487 1010 549 candidissimae
1025 507 1091 568 pro·

82 568 213 626 veniunt.
246 577 312 627 sunt
334 569 363 627 in
384 568 496 628 bonore
516 578 546 628 et
561 567 715 646 Creticae,
740 570 778 631 de
793 571 896 650 quibus
911 571 1040 633 dubitant
1056 592 1092 634 au

5 654 10 675 ¹
84 651 208 712 eaedem
234 652 292 711 sint
311 669 388 731 qnae
403 651 595 729 Ascaloniae,
617 655 751 732 quoniam
772 657 843 716 satis
864 657 959 735 capita
978 675 1091 718 crasse·

60 744 181 812 escunt,
196 734 342 815 depositis
358 736 450 797 caulis
464 746 492 796 et
507 755 616 799 semen.
641 737 747 800 distant
761 757 868 818 sapore
883 748 990 801 tantum
1005 741 1091 804 dulci.

84 819 172 900 Apud
190 835 248 880 nos
269 820 327 881 dno
350 821 441 900 primn
460 839 584 898 genera:
607 840 692 884 unum
710 822 970 901 condimentarine,
989 843 1072 904 quam
1086 839 1134 890 105

84 904 126 965 illi
140 903 286 982 getbpom
300 905 394 965 nostri
408 905 587 985 pallacanam
602 915 719 985 vocant,
734 908 841 968 seritur
855 908 1002 969 mensibus
1015 908 1089 970 blar-

83 991 139 1064 tio,
162 987 277 1068 Aprili,
294 988 383 1066 Maio,
400 989 522 1052 alterurn
536 991 681 1069 capitatae
697 1009 773 1070 quae
789 991 825 1053 ab
841 993 1026 1072 aequinoctio
1043 1010 1091 1054 nu·

83 1073 172 1133 turoni
186 1073 237 1134 vel
249 1092 265 1133 a
276 1073 405 1134 favonio.
422 1091 534 1152 genera
546 1077 609 1136 eins
622 1076 798 1138 austeritatis
810 1077 928 1137 ordine:
942 1077 1091 1154 Africana,

52 1157 216 1234 odellica,
241 1157 423 1236 Tusculana,
447 1158 620 1235 Ascalonia,
641 1159 836 1238 Amiternina,
863 1169 979 1240 optuma
998 1170 1092 1221 autem

2 1301 3 1318 ,
84 1260 159 1321 quae
187 1243 402 1304 rotundissima.
434 1245 502 1303 item
526 1243 590 1304 ruia
615 1245 712 1306 aerior
735 1262 819 1324 quam
848 1244 984 1321 candida,
1013 1247 1093 1306 sicce

85 1344 169 1406 quarn
184 1327 299 1405 viridis,
315 1336 346 1387 et
359 1327 448 1388 cruda
463 1345 548 1406 quarn
563 1329 753 1407 cocta,-.sicca
766 1347 850 1409 quarn
862 1329 985 1390 condita.
1017 1331 1070 1390 Sc·
1083 1338 1134 1394 106

84 1413 155 1471 uitur
169 1410 351 1472 Amiternina
367 1412 480 1491 frigidis
495 1422 525 1473 at
540 1413 643 1474 umidis
658 1412 743 1489 locis,
760 1423 790 1474 et
804 1413 867 1475 sola
883 1413 920 1474 nli
939 1414 1024 1475 modo
1043 1432 1090 1475 ca·

84 1497 160 1575 pite,
183 1494 319 1576 reliquae
340 1497 460 1557 semine.
491 1515 632 1576 proxuma
648 1515 723 1576 quae
740 1507 851 1558 aestate
865 1498 973 1558 nullum
990 1515 1090 1558 semen

54 1581 233 1657 neminum,
258 1581 312 1641 sed
333 1589 421 1659 caput
440 1589 548 1642 tantum
571 1581 648 1660 quod
668 1583 816 1644 inarescit.
847 1583 982 1662 sequenti
998 1591 1091 1642 autem

1 1731 2 1740 χ
84 1681 158 1725 anno
173 1674 340 1744 permutata
355 1666 469 1726 ratione
484 1683 584 1726 semen
600 1667 737 1744 gignitur,
755 1675 841 1746 caput
856 1667 950 1744 ipsum
964 1683 1090 1726 corrum-

1 1752 9 1830 ἶ
83 1751 169 1829 pitur.
200 1767 275 1828 ergo
297 1749 429 1810 omnibns
449 1751 529 1810 annis
545 1751 701 1830 separatim
716 1768 816 1811 semen
832 1767 926 1830 cepae
942 1766 1029 1810 causa
1044 1767 1091 1809 se·

1 1848 2 1905 l
83 1836 171 1911 ritur,
194 1835 355 1912 separatim
377 1852 471 1914 cepae
491 1835 617 1895 seminis.
643 1844 796 1896 seruantur
817 1844 911 1896 autem
931 1844 1048 1913 optume
1064 1833 1092 1892 in

1 1911 3 1983 l
85 1919 187 1998 paleis.
223 1917 362 1996 gethyum
377 1936 472 1998 paene
488 1920 549 1978 sine
564 1919 661 1998 capite
675 1928 735 2000 est,
752 1919 876 1979 cervicis
891 1927 996 1979 tantum
1010 1917 1131 1982 lou-107

1 2035 2 2078 q
54 2027 78 2068 co
85 2019 139 2080 gae
154 2012 185 2063 et
198 2003 268 2064 ideo
283 2013 373 2064 totum
388 2004 416 2062 in
430 2003 545 2080 incude,
562 2003 738 2083 saepiusque
752 2013 904 2064 resecatur
918 2010 949 2062 ut
963 2019 1090 2082 porrum.

1 2087 2 2162 Ῐ
84 2089 149 2148 ideo
173 2096 206 2147 et
227 2086 299 2148 illud
319 2097 434 2164 serunt,
460 2105 517 2148 non
538 2088 695 2166 deponunt.
724 2097 825 2149 cetero
842 2105 933 2167 cepas
947 2097 992 2146 ter
1007 2088 1090 2148 iosso

1 2181 2 2184 ’
85 2173 141 2232 seri
163 2171 267 2232 iubent
290 2173 458 2252 exstirpatis
483 2171 628 2233 radicibus
644 2171 815 2248 herbarum,
838 2173 867 2231 in
883 2173 984 2248 iugera
1001 2171 1090 2231 denas

84 2255 184 2333 libras,
202 2257 396 2317 intermisceri
408 2257 572 2333 satureiam,
589 2258 722 2336 quoniam
734 2256 835 2316 melius
847 2257 1010 2336 proveniat,
1025 2271 1090 2314 run·

86 2343 142 2402 cari
157 2350 319 2421 praeterea
337 2349 366 2401 et
379 2341 474 2418 sariri,
491 2342 515 2401 si
530 2358 588 2402 non
603 2342 732 2419 saepius,
749 2349 861 2420 quater.
906 2339 1091 2400 Ascaloniam

1 2431 2 2526 ,
53 2445 183 2496 ariense
201 2424 363 2486 Februario
387 2434 486 2485 serunt
507 2425 609 2486 nostri.
639 2442 740 2484 semen
762 2438 899 2504 ceparum
920 2425 1090 2501 nigrescere

1 2534 2 2572 ς
84 2512 226 2590 incipiens
243 2520 398 2588 antequam
416 2517 599 2571 marcescant
613 2517 732 2569 metunt.

1 2651 2 2655 ,
142 2595 231 2675 (33.)
263 2597 305 2654 Et
330 2593 368 2655 de
390 2612 479 2674 porro
500 2597 528 2656 in
550 2595 606 2654 hac
631 2594 805 2671 cognatione
826 2592 884 2652 dici
907 2590 1134 2666 conveniat,108

84 2680 259 2760 praesertim
282 2696 346 2739 cum
368 2680 480 2740 sectivo
502 2679 704 2740 auctoritatem
720 2696 814 2757 nuper
831 2677 937 2736 lecerit
954 2677 1092 2754 princeps

1 2769 2 2833 ἶ
83 2763 159 2824 Nero
182 2763 271 2824 vocis
291 2764 384 2840 gratia
406 2782 445 2823 ex
465 2762 534 2824 oleo
553 2765 635 2823 statis
651 2779 781 2822 mensum
796 2761 919 2820 omnium
933 2759 1035 2822 diebus
1052 2760 1091 2817 ni·

1 2875 2 2879 ¹
53 2850 180 2929 alitque
208 2848 289 2908 aliud
314 2866 349 2908 ac
369 2866 406 2908 ne
429 2865 504 2927 pane
527 2848 642 2926 quidem
664 2847 824 2907 vescendo.
855 2847 961 2905 seritur
983 2845 1092 2904 semiue

83 2934 116 2994 ab
139 2934 332 3011 acquinoctio
350 2942 500 3009 autumno,
523 2933 548 2992 si
565 2933 707 2992 sectivom
723 2931 824 2992 iacere
840 2928 938 3007 libuit,
963 2929 1090 2990 densius.

1 3091 2 3096 ἵ
82 3020 108 3077 in
127 3017 233 3078 eedem
253 3035 323 3078 area
335 3025 469 3094 secatur,
491 3017 586 3079 donec
605 3015 737 3091 deliciet,
759 3023 996 3093 stercoraturque
1016 3029 1090 3074 sem·

82 3121 143 3182 per.
176 3103 203 3162 si
218 3103 344 3162 nutritur
358 3103 387 3161 iu
401 3102 513 3180 capita,
536 3109 689 3179 antequam
704 3108 839 3175 secetur,
857 3116 920 3159 cunr
935 3097 1067 3171 increvit,
1082 3103 1133 3159 109

81 3189 110 3247 in
128 3186 216 3249 aliam
240 3204 340 3246 aream
364 3186 537 3247 transfertur
553 3185 669 3247 summis
687 3184 766 3245 iuliis
785 3183 890 3245 leuiter
905 3183 1009 3244 recisis
1024 3188 1090 3240 ante

50 3271 238 3333 emedullam
262 3279 293 3330 et
316 3269 457 3350 capitibus
478 3271 613 3331 retractis
635 3270 776 3331 tunicisve
793 3268 941 3329 extremis.
983 3262 1090 3342 antiqui

82 3357 163 3418 silice
177 3356 229 3416 rel
245 3364 322 3417 testn
338 3354 470 3418 subiecta
485 3356 582 3436 capita
601 3353 759 3416 dilatabant
772 3390 815 3400 -
830 3353 888 3416 boc
902 3353 970 3412 item
984 3351 1013 3409 in
1026 3345 1089 3407 bul·

82 3440 125 3502 bis
137 3473 190 3518 -,
209 3456 290 3500 nunc
306 3441 425 3501 sarculo
441 3439 546 3502 leviter
562 3439 764 3501 convelluntur
777 3439 909 3514 radices,
932 3445 963 3496 ut
980 3433 1088 3494 delum·

83 3524 165 3586 botae
174 3525 538 3609 alantnequedistrabant.
554 3525 668 3602 insigne
677 3524 767 3605 quod,
781 3541 843 3584 cum
852 3522 917 3582 limo
930 3521 1068 3597 laetoque
1080 3524 1132 3578 110
