2396 3900
9 31 15 342 P
284 234 364 282 ruas.
382 235 473 284 arsa.
496 225 890 302 xv11.18—2c.(;to-34.)
1026 225 1063 284 'tl

9 389 11 398 a

73 389 130 530 qleur
146 389 258 449 lructus
281 391 375 466 gratia
396 392 527 452 serendis
547 392 768 471 inserendisque
788 391 817 450 in
833 391 996 450 universum
1011 390 1067 450 siut

89 475 238 533 ictalracc.
298 479 301 484 ’
700 499 704 510 ⁴

9 589 11 624 r
126 557 174 620 20.
196 557 283 637 (32.)
307 557 410 619 Restat
426 577 523 620 earum
539 561 612 621 ratio
628 578 702 638 quae
719 572 841 642 propter
857 562 928 622 alias
943 576 1042 618 serun-
1057 568 1108 622 141

9 625 11 716 l
75 650 127 716 tur,
154 659 188 702 ac
210 643 313 702 vineas
334 659 482 720 maxume,
512 645 622 705 caeduo
645 645 735 722 ligno.
769 647 961 724 Principatum
981 643 1010 703 iu
1030 643 1066 702 iis

9 739 11 808 ὲ
56 728 196 804 soptineut
212 727 331 803 salices,
348 745 466 805 quarum
480 731 554 790 satio
570 729 601 788 lit
614 729 683 788 loco
698 729 823 807 madido,
840 740 935 790 tamen
948 727 1065 788 relosso

9 853 10 888 3
74 811 157 890 pedes
180 812 255 872 duos
279 820 308 871 et
329 813 523 890 semipedem,
549 813 625 874 talea
648 814 845 894 sesquipedali
866 813 914 873 vel
940 813 1063 891 pertica,

9 923 11 962 1
74 913 141 973 quae
154 895 253 955 utilior
269 913 326 974 quo
343 895 465 974 plenior.
496 896 651 958 Intervallo
672 914 739 957 esse
761 898 868 960 debent
882 896 975 977 pedes
990 896 1063 956 seui.

9 973 11 1062 l
73 981 165 1038 trinae
181 979 306 1058 pedibus
322 979 396 1040 binis
414 999 430 1041 1
447 989 526 1042 terra
542 976 691 1060 putatione
706 992 895 1057 coercentur,
919 989 950 1040 ut
966 980 1107 1040 1111141

9 1079 10 1136 3
74 1061 242 1123 latitudinem
258 1063 376 1124 iundant
394 1083 430 1125 ac
447 1065 508 1126 siue
523 1065 610 1126 scalis
625 1065 808 1127 tondeantur.
841 1066 916 1126 salix
932 1065 1004 1123 enim
1022 1063 1063 1122 ie·

47 1147 185 1213 rnmndior
199 1164 258 1226 quo
274 1157 371 1209 terrae
386 1151 517 1228 propior.
551 1149 604 1209 has
621 1167 738 1230 quoque
752 1151 884 1210 omnibus
900 1149 980 1209 annis
996 1163 1063 1207 con·

9 1265 10 1308 3
72 1231 125 1290 iodi
151 1232 251 1292 iubent
279 1249 379 1292 mense
407 1232 509 1313 Aprili.
548 1232 629 1294 llaec
656 1244 702 1294 est
726 1235 897 1295 viminalium
922 1232 1042 1292 cultura.
1057 1239 1108 1293 143

9 1323 11 1408 q
73 1316 212 1393 perticalis
228 1325 259 1376 et
271 1318 355 1394 virga
371 1326 400 1377 et
415 1317 490 1378 talea
508 1317 632 1394 seritur,
654 1318 769 1380 fossura
788 1319 900 1380 eadem.
936 1317 1064 1396 perticas

9 1415 11 1470 1
72 1417 104 1458 ex
117 1417 151 1460 ea
172 1401 257 1461 caedi
276 1401 381 1461 iustum
399 1411 445 1462 est
465 1411 568 1480 quarto
591 1402 654 1462 lere
676 1421 760 1463 anuo.
793 1413 822 1463 et
836 1403 891 1462 liae
907 1409 1001 1462 autem
1017 1417 1063 1458 se-

9 1479 11 1558 ξ
71 1487 240 1544 nescentium
262 1484 359 1544 locum
379 1489 581 1564 praesarciunt
603 1489 715 1566 pertica
736 1497 804 1566 post
818 1503 929 1546 annum.
959 1483 1063 1544 Salicis

9 1601 11 1644 ;
47 1568 204 1630 rarimiualis
231 1570 333 1647 iugera
360 1571 472 1647 singula
499 1571 645 1631 sufficiunt
671 1585 744 1631 xxv
770 1573 874 1631 vineae
905 1567 1062 1646 iugeribus.

9 1649 11 1732 l
72 1649 199 1712 Eiusdem
214 1653 258 1713 rei
275 1671 362 1714 causa
377 1655 503 1733 populus
519 1653 586 1715 alba
602 1659 709 1715 seritur.
721 1655 885 1734 bipedaneo
906 1653 1062 1732 pastinato,

9 1741 11 1830 p
72 1735 140 1796 talea
154 1737 364 1816 sesquipedali,
380 1737 467 1798 biduo
484 1740 604 1815 siccata,
624 1739 781 1818 palmipedi
802 1737 967 1813 intervallo,
985 1745 1063 1794 terra

9 1849 11 1902 n
75 1823 259 1899 superimecta
275 1821 396 1881 duorum
412 1823 572 1882 cubitorum
590 1823 789 1884 crassitudine.

9 1907 10 1966 ἶ
129 1905 211 1985 (33.)
234 1904 371 1966 Harundo
388 1909 540 1967 etiamnum
557 1907 691 1967 dilutiore
713 1925 797 1986 quam
817 1906 871 1966 hae
893 1905 957 1966 solo
973 1908 1106 1981 gau-144

9 2047 10 2050 ,
48 1986 125 2047 audet.
156 1991 262 2048 seritur
276 1988 365 2050 bulbo
380 1991 498 2065 radicis,
515 1991 592 2069 quod
608 1989 654 2051 alii
670 1992 783 2052 oculum
798 1999 922 2064 vocant,
939 1987 1061 2049 dodran·

9 2059 11 2088 ¹
76 2073 117 2133 tali
129 2073 245 2151 scrobe,
264 2075 419 2136 intervallo
435 2075 518 2135 duum
534 2075 637 2153 pedum
649 2084 679 2136 et
691 2076 858 2156 semipedis,
876 2075 1061 2151 reficiturque

9 2155 11 2190 ³
76 2175 107 2216 ex
119 2177 184 2219 sese
198 2168 301 2220 vetere
318 2159 508 2220 harundineto
524 2160 694 2238 exstirpato,
713 2161 790 2239 quod
805 2159 902 2219 utilius
916 2165 1062 2236 repertum

9 2233 11 2328 f
75 2259 148 2318 quam
164 2254 304 2321 castrare,
322 2246 396 2304 sicut
410 2253 504 2305 autea.
534 2261 656 2321 namque
671 2246 746 2304 inter
765 2262 796 2304 se
811 2243 927 2304 radices
943 2247 1063 2320 serpunt

9 2341 11 2408 ji
73 2335 219 2406 mutuoque
234 2328 367 2389 discursu
389 2337 502 2389 nentur.
541 2327 667 2406 Tempus
686 2327 860 2389 conserendi
874 2329 1041 2406 priusquam
1054 2331 1104 2387 145

9 2411 11 2474 4
47 2413 142 2473 cocali
155 2412 343 2473 harundinum
361 2415 565 2488 intumescant,
589 2421 655 2472 ante
677 2412 816 2472 kalendas
836 2410 964 2471 lilartias.
998 2424 1061 2478 cre·

9 2491 11 2554 i
73 2497 121 2554 scit
133 2498 169 2558 ad
181 2496 309 2557 brumam
321 2515 414 2574 usque
427 2497 601 2575 desinitque,
618 2513 681 2556 cum
695 2496 854 2557 durescere
867 2495 977 2572 incipit.
1003 2492 1061 2551 hoc

9 2583 11 2658 ξ
72 2580 173 2656 siguum
187 2582 389 2659 tempestivam
404 2580 491 2640 habet
504 2598 662 2641 caesuram.
690 2590 719 2641 et
729 2581 803 2641 hanc
818 2589 912 2639 autem
927 2577 1061 2656 quotiens

72 2671 96 2722 et
108 2666 218 2724 vineam
234 2664 399 2725 fodiendam
419 2673 529 2743 putant.
563 2667 669 2725 seritur
688 2675 717 2725 et
734 2674 881 2738 traversa,
903 2679 960 2722 non
981 2661 1104 2725 altello

9 2737 11 2748 '
70 2753 140 2808 terra
154 2748 281 2825 condita,
299 2758 507 2828 erumpuntque
520 2768 537 2808 c
554 2749 675 2826 singulis
691 2749 784 2808 oculis
798 2747 917 2808 totidem
932 2747 1058 2827 plantae.

9 2847 10 2850 ’
46 2833 168 2896 aseritur
183 2842 213 2892 et
232 2833 398 2910 deplantata
417 2833 516 2912 pedali
530 2833 631 2911 sulco,
653 2833 726 2892 binis
743 2832 854 2892 obrutis
870 2831 1006 2909 gemmis,
1031 2838 1061 2889 ut

9 2945 10 2948 ¹
72 2918 163 2976 tertius
177 2917 273 2977 nodus
290 2925 396 2978 terram
412 2917 541 2994 attingat,
557 2933 651 2996 prono
669 2917 826 2993 cacumine,
840 2934 876 2976 ne
890 2934 974 2976 rores
991 2931 1059 2975 con·

9 3005 10 3008 ’
73 3001 159 3077 cipiat.
189 3002 322 3062 caeditur
346 3001 538 3061 decrescente
557 3002 632 3061 luna.
664 2999 764 3061 Vineis
780 3017 854 3061 anno
877 3001 985 3060 siccata
1007 2999 1059 3058 uti·

9 3141 10 3156 1
72 3081 120 3142 lior
134 3103 215 3162 quarn
230 3083 341 3145 viridis.

9 3221 10 3228 ,
127 3169 205 3249 (34.)
230 3167 375 3230 Castanea
390 3169 568 3248 pedamentis
582 3167 712 3228 omnibus
729 3169 893 3247 praefertur
902 3166 1042 3227 facilitate
1051 3174 1102 3230 147

47 3256 216 3334 attractatus,
239 3254 415 3332 perdurandi
429 3255 610 3332 pervicacia,
628 3254 870 3330 regerminatione
887 3251 996 3312 caedua
1010 3250 1059 3310 vel

9 3333 11 3400 ζ
76 3334 153 3395 salice
173 3339 287 3398 laetior.
322 3339 434 3416 quaerit
448 3338 541 3398 solum
562 3337 665 3412 facile,
683 3355 738 3398 nec
760 3347 854 3398 tamen
873 3337 1057 3410 harenosum,

9 3439 10 3442 ¹
76 3433 249 3502 maxumeque
266 3421 398 3482 sabulum
414 3422 537 3482 umidum
553 3431 600 3482 aut
613 3421 814 3482 carbunculum
834 3420 882 3480 vel
905 3419 954 3478 toli
975 3421 1058 3478 etiam

9 3527 10 3536 ¹
76 3498 196 3583 lerinam,
220 3504 379 3586 quamlibet
400 3523 496 3585 opaco
523 3506 799 3585 septentrionalique
825 3513 854 3564 ct
879 3502 1060 3582 praefrigido
