2504 3930
322 251 401 297 nur.
417 249 507 298 rursu.
525 250 607 296 xxx.
621 247 724 305 aero.
740 241 890 312 (cc-24.)
1035 237 1107 302 2247
1124 229 1126 237 '

112 406 231 484 saepius
253 412 365 480 sumpto
387 405 464 462 aiunt
485 403 602 465 liberari
619 403 758 482 podagra.
798 403 867 464 utile
884 421 950 464 esse
971 413 1000 464 et
1020 403 1106 482 adipe

111 490 244 567 viperino
267 486 358 564 pedes
381 489 531 564 perungui.
567 488 645 546 etde
665 487 753 547 milvo
771 487 932 563 adfirmant,
956 489 981 546 si
995 490 1104 548 invete-
1114 497 1150 553 78

111 583 176 632 rato
192 572 317 646 tritoque
333 579 466 648 quantum
481 579 543 640 tres
558 569 637 646 digiti
650 571 765 648 capiunt
779 569 891 629 bibatur
908 589 945 630 err
960 589 1043 650 aqna,
1061 581 1107 632 aut

114 659 138 716 si
159 654 250 734 pedes
266 655 404 729 sanguine
418 654 453 688 ³²*
468 671 530 713 cum
544 656 651 730 urtica,
676 653 725 712 vel
746 653 837 730 pinnis
855 671 952 713 aarum
971 672 1033 713 cum
1047 654 1106 733 pri-

1 777 2 784 1
89 755 188 800 smum
204 745 359 795 nascentur
373 737 446 796 tritis
468 754 530 796 cum
548 739 647 796 urtica.
682 739 749 814 quin
774 745 803 796 et
817 737 909 796 limum
925 756 1022 796 aarum
1039 738 1106 796 arti-

114 823 244 888 culorum
262 819 412 879 doloribus
429 820 566 895 inlinitur,
591 823 658 879 item
681 821 752 880 cinis
768 820 907 880 mustelae
928 829 975 880 aut
991 821 1106 882 coclea-

111 924 186 981 rum,
203 912 232 964 et
250 920 312 962 cum
325 902 419 977 amylo
434 903 481 962 vel
495 903 690 979 tragacantha.
713 901 848 962 Incussus
860 905 998 964 articulos
1009 905 1107 964 aranei

112 989 189 1048 telae
213 985 442 1046 commodissime
461 995 571 1049 curant.
604 996 669 1046 sunt
690 987 738 1063 qui
759 987 856 1046 cinere
878 1005 975 1046 earum
989 989 1029 1046 uti
1049 1004 1105 1047 mn·

113 1071 165 1130 lint
189 1073 262 1129 sicut
283 1070 339 1128 dmi
357 1068 518 1128 columbini
540 1071 637 1130 cinere
662 1087 723 1128 curn
746 1068 863 1146 polenta
888 1081 917 1130 et
938 1072 1004 1128 vino
1028 1071 1106 1130 albo.

74 1154 242 1216 ,acarticuiis
261 1152 366 1211 luxatis
391 1162 695 1229 praesentaneumest
717 1152 827 1211 sebum
842 1154 962 1230 pecudis
986 1172 1049 1212 cum
1066 1155 1103 1212 ci·
1115 1163 1150 1220 79

115 1255 185 1296 nere
208 1255 224 1294 e
247 1235 352 1312 capillo
371 1235 528 1295 mulierum.
566 1236 751 1312 pernionibus
767 1252 881 1314 quoque
897 1237 1042 1315 inponitur
1061 1255 1106 1296 se·

114 1320 180 1378 bum
197 1317 338 1398 pecudum
354 1336 417 1376 cum
433 1318 569 1394 alumine,
587 1321 680 1379 canini
699 1319 801 1395 capitis
817 1321 887 1379 cinis
905 1330 954 1379 aut
976 1321 1034 1384 limi
1048 1337 1106 1378 mu·
1143 1342 1146 1348 ·

113 1406 178 1465 riui.
200 1401 318 1479 quodsi
335 1419 405 1478 pura
420 1403 475 1460 sint
496 1401 605 1478 ulcera,
622 1419 688 1462 cera
701 1402 795 1462 addita
812 1402 847 1461 ad
863 1405 1027 1464 cicatricem
1042 1421 1106 1480 per·

114 1485 220 1545 ducunt
234 1485 282 1543 vel
304 1483 416 1560 glirium
439 1494 628 1544 crematorum
645 1483 744 1544 favilla
771 1502 809 1544 ex
824 1485 909 1562 oleo,
931 1488 998 1545 item
1019 1489 1107 1545 muris
1132 1529 1135 1542 .

79 1585 104 1626 15
114 1568 238 1628 silvatici
255 1585 317 1626 cum
333 1566 437 1641 melle,
456 1569 593 1626 vermium
615 1585 730 1644 quoque
753 1575 932 1654 terrenorpm
954 1587 1017 1628 oum
1040 1569 1106 1628 oleo

113 1661 214 1710 vetere
230 1659 258 1709 et
274 1649 393 1708 cocleae
411 1667 485 1726 quae
502 1650 594 1710 nudae
615 1651 802 1709 inveniuntur.
833 1651 930 1710 ulcera
947 1654 1040 1712 omnia
1054 1670 1103 1729 pe·
1116 1663 1151 1716 80

113 1735 178 1796 dum
196 1742 276 1792 sanat
289 1733 359 1792 cinis
376 1750 473 1792 earum
489 1751 562 1809 quae
577 1735 661 1799 vivae
674 1733 840 1794 combustae
858 1744 937 1811 sunt,
954 1736 1010 1794 fimi
1024 1734 1107 1811 galii-

111 1835 212 1876 narum
228 1815 315 1892 cinis,
340 1815 570 1876 exulcerationes
593 1816 747 1876 columbini
763 1817 819 1876 limi
835 1836 872 1876 ex
888 1818 965 1876 oleo,
997 1820 1108 1878 attritus

113 1901 364 1961 calciamentorum
380 1901 487 1958 veteris
505 1900 605 1959 soleae
619 1909 761 1959 crematae
778 1900 859 1977 cinis,
876 1903 996 1976 agninus
1012 1900 1107 1980 pulmo

78 1999 103 2040 ao
114 1993 143 2043 et
157 1984 257 2042 arietis
271 1989 361 2057 sanat,
377 1981 470 2042 dentis
487 1983 621 2042 caballini
640 1985 769 2042 contunsi
786 1983 875 2043 farina
896 1986 1027 2062 privatim
1043 1983 1107 2044 sub·

112 2067 230 2127 luviem.
270 2064 409 2125 Lacertae
431 2065 530 2124 viridis
551 2067 667 2142 sanguis
694 2066 831 2126 subtritus
854 2076 882 2126 et
909 2067 1052 2126 hominum
1078 2075 1108 2126 et

112 2151 302 2208 iumentorum
329 2147 450 2207 sublitus
475 2159 572 2224 sanat,
601 2150 700 2209 clavos
724 2149 827 2228 pedum
851 2151 932 2208 urina
957 2151 1025 2214 muli
1048 2169 1107 2209 mu·

113 2231 199 2291 laeve
217 2249 279 2292 eum
293 2231 354 2289 luto
371 2249 423 2291 suo
439 2231 529 2307 inlita,
544 2231 637 2291 limum
653 2235 755 2310 ovium,
771 2233 852 2292 iecur
867 2233 993 2293 lacertae
1010 2235 1108 2294 viridis

114 2313 163 2372 vel
179 2315 295 2392 sanguis
312 2313 407 2374 flocco
425 2317 577 2392 inpositus,
594 2334 708 2375 vermes
722 2317 829 2375 terreni
848 2335 886 2375 ex
903 2316 986 2392 oleo,
1009 2317 1106 2376 stelio·

78 2409 106 2452 2⁵
116 2399 160 2456 uis
178 2407 262 2475 caput
275 2415 337 2456 cum
348 2398 443 2456 viticis
461 2397 618 2474 parimodo
630 2400 724 2458 tritum
741 2417 779 2458 ex
795 2398 874 2475 oleo,
888 2401 983 2458 limum
999 2399 1106 2458 colum·

1 2493 2 2498 ’
113 2479 209 2540 binum
224 2480 375 2541 decoctum
392 2499 429 2538 ex
446 2489 545 2556 aceto,
570 2498 707 2540 verrucas
729 2497 800 2539 vero
824 2483 946 2540 omniurn
967 2500 1105 2556 generum
1115 2493 1146 2546 81

112 2564 193 2623 irrina
211 2565 289 2624 canis
307 2581 410 2622 recens
430 2581 491 2622 cum
509 2580 560 2622 suo
575 2563 634 2622 luto
650 2563 744 2639 inlita,
767 2564 823 2622 limi
845 2565 937 2622 canini
954 2566 1026 2622 cinis
1043 2583 1106 2624 cum

113 2665 198 2724 cera,
221 2647 314 2706 limum
331 2648 440 2714 ovium,
465 2648 581 2722 sanguis
603 2664 707 2704 recens
724 2648 849 2705 murinus
868 2645 963 2705 inlitus
979 2646 1026 2705 vel
1043 2648 1106 2724 ipse

1 2799 8 2815 ι
112 2749 176 2789 mus
191 2730 329 2807 divolsus,
344 2731 472 2790 irenacei
487 2729 544 2805 fel,
561 2738 646 2806 caput
663 2729 791 2788 lacertae
808 2729 855 2787 vei
871 2731 986 2805 sanguis
1002 2729 1050 2788 vel
1068 2731 1106 2788 ci·

80 2815 158 2872 nonis
177 2816 275 2889 totius,
290 2811 453 2872 membrana
472 2815 628 2872 senectutis
644 2813 790 2889 anguium,
808 2805 900 2871 limum
915 2811 1106 2887 gallinaceum

113 2914 178 2956 cum
198 2895 265 2954 oleo
283 2904 311 2954 et
329 2897 413 2955 uitro.
438 2895 623 2955 Cantharidas
636 2913 699 2954 cum
710 2913 763 2954 uva
780 2895 893 2954 taminia
910 2895 1022 2954 intritae
1039 2913 1106 2954 exe·

7 2986 12 3001 '
91 2987 98 2997 “’
113 2979 198 3054 dunt,
223 2978 274 3037 sed
290 2980 328 3038 ita
344 2996 444 3038 erosas
460 2978 522 3038 aliis
542 2997 614 3057 quae
630 2978 665 3038 ad
682 2978 861 3057 persananda
877 2978 975 3037 ulcera
990 2972 1106 3038 demon·

113 3064 266 3122 stravimus
281 3063 374 3120 curari
392 3070 517 3140 oportet,

180 3145 229 3206 10.
252 3144 336 3223 (24.)
362 3143 444 3202 Nunc
458 3153 674 3222 praevertemur
687 3145 722 3204 ad
741 3161 775 3203 ea
793 3162 868 3221 quae
883 3146 950 3204 totis
972 3145 1148 3222 corpori-82

79 3227 168 3289 asbus
190 3229 341 3287 metuenda
363 3237 435 3286 sunt.
471 3227 523 3286 nei
540 3229 619 3286 carris
638 3229 712 3305 nigri
732 3229 852 3287 masculi
871 3227 1023 3287 amuletum
1039 3245 1105 3287 esse

73 3311 75 3316 ’
114 3311 212 3370 dicunt
221 3311 299 3386 Magi
318 3310 416 3370 domus
431 3312 516 3370 totius
531 3311 642 3371 suffitae
660 3330 695 3371 eo
712 3311 915 3390 purificataeve
934 3319 1033 3370 contra
1046 3329 1105 3370 om-

115 3397 162 3453 nia
173 3394 247 3453 mala
258 3393 555 3469 medicamentaitem
568 3397 734 3471 sanguinem
746 3397 824 3454 canis
836 3395 981 3471 respersis
994 3391 1107 3472 parieti-

43 3505 45 3514 =
114 3475 168 3537 bus
185 3477 371 3554 genitaleque
385 3477 446 3536 eius
462 3477 513 3536 sub
529 3477 624 3536 limine
641 3479 740 3538 ianuae
759 3478 912 3539 defossum.
946 3479 1037 3536 minus
1057 3477 1107 3538 nri·
