2370 3922
275 250 355 296 nsn.
373 241 659 297 ulammaus.
678 237 832 314 (tr-tt.)
1013 235 1054 314 29

68 401 109 460 bis
123 409 224 461 contra
239 402 475 464 vehementiores
488 403 626 463 stomachi
635 405 770 464 rosiones
783 405 943 463 cucumeris
956 420 1056 462 semen

3 563 5 570 y
70 492 193 544 atsuaus
217 486 401 563 porcillacae.
428 489 498 546 itam
518 487 553 546 ad
576 489 692 547 vesicae
716 487 814 546 ulcera
832 489 1056 563 stratisque

68 570 138 626 niam
152 577 183 626 ct
198 571 308 628 urinum
322 571 407 629 cient.

125 652 208 730 (75)
238 652 416 730 Ampgaialac
437 671 551 714 amarae
570 654 696 714 radicum
718 653 869 712 decoctum
891 661 986 712 outoni
1005 656 1036 712 in
1048 662 1099 714 144

4 725 138 795 slacio
159 737 283 812 corrigit
302 737 488 822 coloremque
504 737 671 798 hilariorem
685 737 763 796 iacit.
779 754 868 795 nuces
884 738 966 814 ipsae
983 754 1058 796 som-

66 837 129 878 num
145 820 254 878 iaciunt
275 809 503 898 mutilitatem,
531 823 641 880 urinam
655 829 815 880 atinenses
833 821 919 878 ciem
954 821 1056 898 capitis

65 901 158 962 dolori
173 902 331 962 inlinuntur
343 921 532 982 maxumeque
542 907 572 963 in
583 905 704 980 febri‚si
716 903 751 962 ab
765 902 938 978 ebrietate,
930 921 960 961 nn
972 911 1056 962 aceto

65 994 95 1046 et
108 1002 235 1046 rosaceo
247 995 277 1046 ot
286 1005 377 1064 aquae
390 990 527 1048 sextano
545 997 575 1048 et
589 988 757 1064 sanguinem
773 987 878 1044 sistunt
889 1003 953 1044 eum
962 981 1057 1060 amylo

3 1099 4 1148 3
65 1077 95 1128 et
116 1054 214 1129 menti
220 1069 419 1147 ‚lethargicis
444 1080 474 1130 ct
492 1071 683 1132 comitialibus
711 1076 843 1148 prosunt.
876 1070 972 1147 eapite
991 1086 1058 1146 pcr-
1134 1063 1138 1068 “

31 1161 150 1214 inuncto
167 1153 347 1232 epinyctidas
358 1163 477 1231 sanam,
493 1157 593 1215 ovino
609 1163 712 1214 vetere
732 1153 831 1212 ulcera
850 1153 1057 1230 putrescentia,

64 1253 164 1296 canum
177 1253 293 1296 morsus
307 1251 373 1296 cunr
386 1237 474 1298 melle
490 1239 659 1298 otiosiores
673 1256 711 1296 ex
727 1237 802 1296 facia
815 1245 881 1294 ante
897 1236 961 1295 fotu
976 1253 1059 1314 prac-

63 1328 181 1398 parata‚
200 1322 270 1380 item
283 1321 423 1380 iocinoris
439 1329 470 1381 ct
485 1324 596 1381 noniano
613 1321 732 1383 dolores
751 1337 790 1380 ex
805 1337 877 1397 aqua
898 1315 986 1398 polae
998 1360 1016 1395 ,.
1027 1327 1060 1378 et

65 1421 154 1480 saepe
170 1421 209 1463 ex
225 1403 377 1480 ecligmate
392 1422 457 1464 oum
475 1405 573 1464 rosina
593 1403 796 1464 terebinthina.
833 1401 987 1462 calculosis
1010 1410 1040 1462 et
1052 1413 1101 1466 lot

3 1489 5 1552 ἶ
64 1487 174 1546 diibcili
192 1489 292 1546 urinae
310 1489 339 1546 ia
350 1505 440 1565 passo
456 1497 489 1548 ot
500 1488 537 1548 aul
548 1488 723 1566 purgandam
734 1495 829 1546 cutem
843 1489 874 1546 in
886 1504 959 1564 aqua
969 1485 1060 1546 mulsa

3 1599 4 1602 ¹
30 1573 152 1630 attritae
176 1579 243 1630 sunt
260 1571 405 1630 oflicaces.
436 1581 560 1649 prosunt
584 1571 738 1648 ecligmate
759 1572 899 1646 iocineri,
928 1571 1000 1630 tussi
1028 1577 1060 1630 ot

3 1697 4 1724 2
62 1653 130 1715 colo
150 1672 216 1714 cum
229 1654 408 1732 elelisphaco
422 1655 536 1715 modica
551 1655 656 1714 addito.
688 1653 818 1713 inmelle
839 1655 959 1713 sumitur
979 1654 1059 1712 numa

3 1759 5 1804 ς
62 1736 216 1797 abellanae
230 1737 404 1814 magnitudo.
437 1739 622 1816 aiuntquinis
636 1739 701 1798 iere
723 1739 916 1816 praesumptis
935 1737 1059 1798 ebricta-

3 1847 4 1856 ι
62 1829 123 1880 tens
136 1839 196 1880 non
216 1823 327 1880 sentire
343 1830 484 1899 potores,
499 1822 671 1900 culpisque,
685 1823 710 1880 si
726 1820 840 1880 ederint
855 1839 906 1881 eas
921 1838 976 1880 noc
991 1837 1059 1880 con·

63 1906 156 1982 tingat
173 1923 191 1964 e
206 1906 302 1964 vicino
314 1921 414 1981 aquam
428 1905 574 1982 lambere,
589 1906 671 1965 mori.
705 1905 797 1963 minus
812 1905 910 1966 valent
923 1905 953 1962 in
966 1921 1059 1964 roma-
1152 1928 1154 1932 ·

31 1987 118 2048 mdiis
140 1987 259 2064 dulces,
281 1997 312 2048 et
326 1988 380 2048 hae
403 1998 498 2050 tamen
519 1997 660 2070 pungant,
682 1989 792 2049 urinam
803 1990 889 2048 cient.
922 1995 1059 2048 recentes

64 2070 241 2130 stomachum
257 2071 377 2149 inplent.

124 2155 210 2233 (76.)
239 2153 367 2214 Nauibus
395 2153 513 2216 Graecis
541 2173 604 2214 cum
619 2155 744 2215 absinthi
763 2157 873 2216 sonnino
896 2162 1103 2218 eracemum

68 2240 187 2317 sumptis
204 2239 322 2298 morbus
339 2241 438 2316 regius
454 2241 546 2298 sanari
568 2239 688 2315 dicitur,
712 2239 814 2298 iisdem
839 2238 928 2298 inlitis
950 2256 1004 2316 per
1026 2256 1059 2298 se

67 2324 133 2381 vitia
150 2321 230 2382 sedis
248 2330 279 2381 et
294 2325 427 2400 privatim
444 2323 656 2400 condylomata,
670 2324 740 2382 item
754 2324 842 2382 tussis
858 2331 890 2382 et
911 2322 1060 2398 sauguinis

35 2422 57 2462 as
65 2408 200 2466 reiectio.

126 2491 211 2570 (77.)
243 2489 340 2549 Nuces
356 2489 497 2565 iuglandis
508 2487 611 2548 Graeci
626 2491 757 2568 acupitis
771 2489 929 2566 gravedine
942 2489 1102 2568 appol-14⁷

64 2573 173 2634 lavere.
212 2575 320 2632 etenim
343 2573 478 2633 arborum
500 2575 627 2650 ipsarum
646 2573 840 2649 foliorumque
863 2574 942 2630 virus
963 2575 993 2633 iu
1012 2591 1059 2632 ce-

63 2657 183 2718 rebrum
208 2665 360 2735 penetrat,
379 2656 435 2716 hoo
456 2659 567 2716 minore
586 2665 732 2716 tormento
757 2657 809 2716 scal
830 2657 859 2714 in
874 2654 946 2714 cibis
964 2654 1059 2716 nnolei

64 2741 181 2801 iaciunt.
218 2749 284 2800 sunt
306 2748 401 2800 autern
426 2749 561 2800 recentes
583 2741 786 2816 iucundiores,
809 2740 904 2798 siccae
919 2741 1059 2816 unguino-
1136 2741 1144 2753 ”

35 2825 164 2884 maiores
183 2832 213 2884 et
229 2823 377 2882 stomacho
389 2824 526 2900 inutiles,
543 2823 676 2884 ‹liftieiles
692 2831 846 2900 compotu,
858 2824 961 2902 capitis
979 2821 1060 2882 dolo-

65 2926 127 2968 rem
138 2909 312 2982 inferentes,
324 2908 513 2968 tussientibus
523 2909 667 2984 inimicae,
681 2907 832 2966 vomituris
843 2908 947 2968 ieiunis
964 2914 1060 2984 aptae,

66 2999 201 3051 tenesmo
208 2991 319 3068 ‚oolo,
335 2991 448 3051 trahunt
463 2993 539 3050 enim
550 2993 688 3070 pituitam
722 2990 843 3050 eaedem
857 2999 1059 3069 praesumptae

65 3093 180 3135 venena
206 3075 362 3174 hebetant,
388 3077 457 3134 item
471 3077 602 3158 anginam
622 3093 685 3134 cum
698 3084 761 3134 ruta
779 3075 1001 3136 etolco.iton1
1014 3073 1083 3134 ad-

65 3166 222 3218 versantur
232 3160 314 3236 cepis
325 3158 492 3236 leniuntque
505 3177 601 3219 earum
613 3177 755 3238 saporem
770 3157 1103 3221 eunomiumne-148

36 3244 139 3302 astioni
155 3245 343 3320 inponuntur,
360 3259 423 3302 cum
436 3243 530 3302 mellis
548 3245 655 3321 exiguo
672 3252 702 3303 et
718 3253 782 3304 ruta
793 3245 918 3304 mammis
935 3250 965 3304 ot
980 3242 1059 3302 luxa-

67 3327 121 3402 tis,
139 3343 203 3386 cum
218 3343 291 3403 cepa
309 3333 404 3386 autern
419 3335 449 3386 et
463 3326 524 3386 sale
545 3336 576 3386 et
592 3327 678 3387 melle
693 3331 772 3388 canis
788 3327 969 3404 hominisque
985 3342 1060 3387 mor-

69 3411 120 3468 sui.
151 3411 299 3488 putamine
314 3412 395 3470 nucis
416 3410 558 3488 iuglandis
579 3410 649 3472 dens
665 3417 753 3472 cavos
768 3413 897 3471 inuritur.
926 3418 1060 3489 putamen

70 3493 250 3556 combustum
263 3496 417 3572 tritumque
431 3495 461 3554 in
474 3494 546 3555 oleo
565 3503 613 3554 aut
627 3497 695 3558 vino
717 3495 864 3556 infantium
883 3495 979 3574 capite
993 3511 1060 3544 oer-
