2396 3900
145 253 223 301 nnn.
240 251 331 300 mrsu.
351 253 424 300 xvc
446 249 610 302 m—xvn.
629 251 654 301 r.
679 237 766 321 (xvr.
778 248 940 303 oa—xvrr.
960 241 1001 318 1.)
1035 239 1075 299 45

139 407 221 486 (95.)
244 405 310 467 Non
324 417 371 468 est
386 407 542 468 omittenda
557 407 586 466 in
601 405 656 467 hac
668 425 700 466 re
718 416 748 466 et
765 405 919 466 Galliarum
935 406 1054 467 admira·
1067 415 1120 471 alo

87 495 130 552 tio.
155 491 225 550 uilril
245 491 355 552 habent
377 491 503 552 Druidae
524 529 567 540 -
589 491 628 550 ita
649 507 719 550 suos
743 491 894 569 appellant
918 507 1020 568 magos
1034 525 1077 535 -

87 579 158 636 risco
176 585 206 634 et
227 575 336 636 arbore
348 577 377 635 in
391 595 447 655 qua
462 577 607 653 gignatur,
620 577 645 634 si
658 573 743 634 modo
760 577 797 634 sit
811 574 910 651 robur,
923 576 1074 635 sacratius.

86 663 198 738 iamper
214 678 248 719 sa
263 660 403 720 roborum
419 660 529 737 eligunt
543 659 637 734 lucos,
655 677 710 719 nec
725 659 784 718 ulla
799 677 883 720 saera
899 661 962 719 sine
979 676 1077 718 earum

67 744 179 808 eironde
201 745 375 819 conficiunt,
399 754 429 804 ut
450 743 517 804 inde
539 743 679 822 appellati
699 760 816 823 quoquc
837 744 1077 822 interpretatione

87 828 325 906 draeoapossint
345 829 473 888 Druidae
497 826 598 887 videri.
634 829 781 886 enimvero
810 826 947 908 quidquid
969 827 1076 904 adgna-

86 922 174 972 scatur
188 913 247 972 illis
265 931 281 972 c
298 913 382 972 caelo
399 913 516 972 missum
531 920 631 990 putant
647 913 816 989 signumque
829 930 898 971 esse
911 911 1024 971 electae
1041 910 1077 972 ab
1109 981 1110 984 Ἴ

85 998 142 1076 ipso
155 996 213 1057 deo
229 996 354 1058 arboris.
385 1005 430 1058 est
445 1005 540 1057 autem
561 995 589 1055 id
608 1013 703 1056 rarum
723 994 875 1055 admodum
890 996 1006 1054 inventu
1025 1004 1054 1054 et
1067 1001 1120 1057 sto

84 1090 222 1160 repertum
236 1099 342 1159 magna
357 1081 502 1158 religione
517 1081 624 1158 petitur
641 1089 671 1140 et
690 1087 756 1139 ante
778 1079 871 1139 omnia
893 1087 976 1138 sexta
998 1079 1074 1154 luna,

61 1183 153 1244 requae
169 1166 314 1244 principia
329 1183 458 1226 mensum
473 1180 669 1241 annorumque
683 1162 728 1223 his
742 1163 822 1238 iacit,
836 1171 865 1222 et
884 1161 995 1224 saeculi
1010 1171 1078 1242 post

85 1251 251 1310 tricesimum
274 1267 394 1325 annum,
418 1249 486 1327 qnia
509 1249 564 1308 iam
583 1249 685 1306 virium
710 1246 823 1308 abunde
838 1246 946 1307 habeat
962 1265 1017 1306 nec
1040 1247 1076 1306 sit

85 1335 122 1393 sni
136 1333 260 1395 dimidia.
295 1335 389 1394 omnia
405 1342 553 1392 sanantem
574 1331 758 1410 appellantes
773 1347 826 1391 suo
849 1330 1010 1407 vocabulo,
1030 1347 1076 1391 sa·

85 1417 185 1478 orificio
200 1418 357 1496 epulisque
377 1419 432 1477 rite
447 1417 500 1477 sub
522 1416 630 1476 arbore
652 1415 817 1494 conparatis
834 1415 907 1476 duos
924 1413 1078 1475 admovent

86 1501 190 1562 candidi
208 1501 319 1562 eoloris
336 1511 434 1562 tauros
458 1518 579 1579 quorum
600 1517 709 1560 cornua
733 1508 791 1559 tum
811 1501 932 1578 primum
950 1499 1077 1558 vincian-

59 1594 132 1645 sur.
165 1585 309 1646 sacerdos
325 1584 446 1648 candida
460 1579 659 1645 veste'cultus
674 1583 811 1644 arborem
827 1582 954 1656 scandit,
977 1582 1056 1642 laice
1068 1592 1119 1644 251

85 1687 164 1729 aurea
185 1669 321 1748 demetit,
349 1669 470 1731 candido
491 1669 521 1729 id
543 1669 686 1746 excipitur
709 1684 792 1744 sago.
830 1676 888 1726 tum
910 1665 1015 1726 deinde
1036 1666 1076 1724 vi·

86 1755 178 1814 ctimas
203 1755 344 1814 inmolant
365 1762 538 1833 precantes,
566 1771 647 1812 sunm
669 1752 774 1812 donum
804 1750 874 1811 deus
903 1765 1078 1828 prosperum

84 1836 164 1898 iaciat
177 1836 223 1898 his
238 1837 345 1917 quibus
360 1838 482 1898 dederit.
514 1836 720 1898 fecunditatem
735 1852 770 1894 eo
786 1844 855 1914 poto
873 1834 936 1895 dari
953 1835 1077 1894 cuicum·

86 1939 137 2000 gne
151 1922 313 1982 animalium
328 1921 420 1982 sterili
441 1920 633 1997 arbitrantur,
650 1928 750 1980 eontra
765 1937 877 1980 venena
899 1936 967 1978 esse
983 1917 1076 1978 omnia

8 2075 10 2092 ἲ
58 2006 215 2066 ”remedio
260 2015 339 2066 tanta
364 2008 493 2084 gentium
514 2007 542 2064 iu
564 2004 652 2064 rebus
675 2004 788 2064 frivolis
814 2003 985 2082 plerumque
1009 2002 1077 2063 reli·

8 2097 10 2198 p
85 2090 128 2166 gio
142 2099 193 2150 est.

8 2211 11 2288 l
495 2267 698 2277 --„.

330 2467 839 2553 dPllNldeUNll

179 2629 986 2730 illutltlstlltlottllt

414 2810 755 2878 uranaxvm.

521 2973 665 2984 ——n—

148 3091 213 3173 Gap.
228 3096 256 3154 1.
282 3095 379 3173 (Sect.
397 3096 442 3174 1.)
465 3091 574 3155 Natura
586 3092 720 3154 arborum
731 3101 809 3152 terra
828 3091 958 3168 marique
973 3097 1106 3167 spontel

98 3191 141 3236 sua
155 3179 382 3256 provenientium
399 3179 474 3240 diota
492 3187 546 3240 est.
582 3185 674 3238 restat
690 3193 788 3237 earum
811 3193 885 3254 quae
904 3183 966 3235 arte
983 3181 1012 3232 ct
1027 3171 1078 3232 hu·

71 3261 172 3322 sumans
184 3264 309 3340 ingeniis
323 3264 391 3324 liunt
407 3265 505 3324 verius
527 3278 610 3341 qnam
626 3269 789 3322 nascuntur.
813 3259 866 3320 sed
881 3259 961 3338 prius
983 3258 1079 3316 mirari

99 3349 222 3408 succurrit
236 3367 292 3427 qua
307 3349 456 3408 retulimus
480 3347 618 3427 paenuria
639 3361 692 3424 pro
715 3345 837 3405 indiviso
861 3359 1016 3422 possessas
1037 3357 1053 3400 a
1074 3357 1120 3404 rar

99 3426 166 3506 loris,
174 3431 356 3511 depugnante
369 3451 434 3493 cum
444 3432 488 3494 his
503 3430 618 3491 homine
634 3431 713 3490 circa
724 3429 852 3490 caducos
864 3427 986 3502 fructus,
1002 3427 1079 3486 circa

99 3514 232 3588 pendentis
249 3535 323 3578 vero
341 3526 370 3577 et
385 3534 449 3578 cum
466 3515 592 3592 alitibus,
606 3516 636 3575 in
649 3521 726 3576 tanta
738 3512 907 3574 deliciarum
920 3511 1013 3591 pretia
1028 3527 1078 3570 ve·
