2430 3896
241 255 319 304 nan.
335 253 425 303 rursu.
439 255 512 303 xvi.
528 251 650 306 usn-34.
670 236 820 325 (sc-ea.)
998 237 1038 300 27

66 417 125 478 tenui
136 414 199 474 icllc
214 412 357 489 brevique
374 411 517 471 etuirenti
533 427 650 488 semper
665 411 805 470 vestiens.
833 407 899 468 buc
911 425 1022 485 genera
1032 417 1080 472 141

67 515 154 561 eamn:
167 505 240 557 meta
255 497 284 555 iu
300 495 446 572 fastigium
463 494 635 570 convoluta,
651 511 726 572 quae
742 503 771 553 et
785 491 892 554 femina
908 491 1038 570 appella·

66 595 106 644 tur.
126 601 178 642 mas
194 582 305 659 spargit
323 587 407 639 extra
425 597 457 639 se
476 595 573 640 ramos
588 578 801 657 deputaturque
822 585 854 637 et
875 577 983 655 accipit
998 577 1038 635 vi·

66 678 114 728 tem
123 676 234 744 utraque
242 667 339 724 autem
347 665 496 723 inmittitur
506 663 835 743 inperticasasseresve
844 662 1039 740 amputatione

49 768 186 827 arenarum,
204 751 253 828 qui
269 761 346 809 xm.
364 765 438 808 anno
455 747 580 809 denariis
597 746 718 824 singulis
729 756 867 821 veneunt,
884 754 1039 824 quaestuo-

65 838 149 894 sissima
163 836 188 893 in
209 843 299 893 satus·
311 833 426 892 ratione
440 833 529 906 silva,
549 832 699 909 volgoque
723 831 820 891 dotem
836 830 915 890 hiliae
932 831 1040 910 antiqui

63 920 174 998 plantaria
187 917 386 997 appellabant.
418 915 492 977 lluic
515 917 607 995 patria
627 916 721 976 insula
737 913 841 990 creta,
869 929 1038 993 quamquam

64 1003 116 1063 date
128 1003 307 1062 Tarentinam
324 1018 388 1061 eam
406 1001 553 1080 appellat,
575 1001 682 1074 eredo,
702 1001 781 1079 quod
797 1000 919 1078 primum
936 1013 972 1058 eo
988 1017 1039 1058 ve·

63 1088 125 1147 uerit.
139 1095 164 1146 et
186 1089 213 1146 in
228 1081 494 1146 Aenaria’succisa
508 1087 696 1163 regerminat.
727 1083 781 1144 sed
802 1084 831 1143 in
847 1081 935 1142 Greia
952 1091 1082 1160 quc-142

42 1185 157 1250 stumque
176 1173 203 1230 in
224 1172 295 1231 lccc
321 1179 428 1230 terram
448 1171 572 1230 moverit
587 1170 747 1248 quispiam,
770 1169 801 1228 ni
822 1166 944 1228 naturali
967 1166 1041 1227 baec

63 1256 160 1333 gignitur
166 1256 359 1334 protinusque
375 1255 489 1328 emicat,
505 1252 554 1314 illa
565 1270 637 1313 vero
650 1254 802 1314 etiamnon
814 1251 963 1331 appellato
974 1251 1039 1312 salo

64 1355 86 1398 tc
97 1349 187 1417 sponte
200 1356 397 1418 maxumeque
413 1340 441 1398 in
457 1339 552 1399 Idaeis
574 1337 717 1398 montibus
734 1346 764 1398 et
786 1353 860 1416 quos
876 1335 971 1396 Albos
988 1353 1039 1396 ro·

64 1431 109 1481 eant
120 1425 291 1502 summisque
305 1424 335 1481 in
347 1423 403 1498 bis,
419 1423 495 1483 unde
505 1437 656 1500 numquam
672 1423 755 1482 nives
771 1421 885 1496 absunt,
899 1421 1040 1498 pluruma,

62 1507 118 1584 quud
127 1507 267 1584 miremur,
278 1506 348 1566 alibi
364 1509 490 1566 nonnisi
506 1509 534 1567 in
546 1516 650 1586 tepore
666 1507 844 1586 preveniens
860 1514 889 1564 et
901 1507 1041 1566 nutricem

42 1605 139 1668 rumque
151 1609 242 1671 spere
257 1591 422 1652 fastidiens.

105 1676 179 1755 (61.)
208 1675 277 1736 Nec
301 1685 398 1735 terrae
427 1685 533 1736 tantum
556 1685 656 1736 natura
678 1675 757 1736 circa
785 1675 838 1735 has
859 1673 953 1733 refert
974 1679 1021 1732 aut
1034 1679 1084 1733 143

62 1769 172 1838 perpetua
192 1760 289 1836 caeli,
312 1777 412 1820 verum
427 1761 610 1839 etquaedam
631 1760 809 1838 temporaria
831 1759 876 1817 vis
898 1754 1040 1816 imbrium.

61 1857 129 1921 aquae
142 1844 315 1922 plerumque
331 1840 440 1904 semina
458 1845 601 1919 adferunt,
620 1853 648 1904 et
660 1853 742 1904 certe
758 1843 847 1903 lluunt
862 1857 974 1919 genere
991 1838 1040 1900 all·

62 1928 148 2002 quande
160 1931 246 1990 etiam
259 1930 421 2006 incognito,
436 1929 513 2008 quod
527 1927 634 1988 accidit
647 1925 827 2004 Cyrenaicae
840 1926 964 2002 regioni,
978 1939 1042 1983 cum

40 2012 153 2086 aprinum
166 2011 203 2072 ibi
219 2011 410 2091 laserpicium
424 2021 521 2072 natum
534 2021 590 2088 est,
606 2021 637 2072 ut
652 2014 681 2071 in
696 2012 851 2072 herbarum
866 2019 967 2069 natura
981 2007 1022 2067 di·
1033 2031 1082 2066 mn

62 2110 141 2154 cemus.
170 2106 235 2158 nata
254 2106 304 2156 est
323 2105 353 2156 et
371 2097 443 2158 silva
459 2097 522 2158 urbi
539 2099 566 2157 ei
581 2113 723 2176 proxuma
743 2094 836 2157 imbre
857 2096 945 2176 piceo
962 2109 1040 2152 cras·

61 2192 128 2256 suque
142 2181 258 2241 circiter
277 2180 357 2240 urbis
372 2180 483 2243 Romae
501 2199 603 2242 annum
619 2193 788 2242 ccccxxx.

104 2261 146 2325 34.
166 2264 251 2346 (62.)
285 2264 401 2326 lledera
416 2266 472 2325 lam
487 2266 590 2326 dicitur
605 2267 633 2326 iu
650 2265 721 2326 Asia
736 2266 826 2326 nasci.
859 2273 1020 2343 negaverat
1033 2273 1085 2328 144

61 2343 262 2427 Theophrastus,
279 2368 336 2409 nec
352 2351 380 2408 in
396 2348 475 2410 lndia
490 2351 543 2410 nisi
557 2353 586 2410 in
600 2359 698 2411 monte
716 2349 810 2425 bleso,
842 2352 911 2429 quin
928 2357 957 2409 et
968 2347 1040 2408 llar-

39 2429 131 2505 aptlum
145 2434 219 2494 omni
233 2435 325 2494 modo
340 2433 493 2495 laborasse
511 2443 542 2495 ut
557 2443 671 2494 sereret
688 2453 751 2496 eam
768 2436 797 2494 in
814 2431 907 2494 bledis
922 2433 1041 2506 frustra,

61 2512 225 2578 Alexandrum
240 2535 317 2578 vero
331 2517 369 2578 ob
380 2521 527 2578 raritatem
543 2521 580 2579 ita
597 2528 735 2579 coronato
750 2520 882 2578 exercitu
897 2519 1040 2577 victorem

60 2613 85 2656 er
100 2597 170 2660 lndia
191 2602 320 2662 rediisse
345 2603 482 2682 exemplo
504 2601 600 2663 Liberi
621 2605 728 2682 patris,
754 2603 835 2662 cuius
858 2602 905 2662 dei
923 2610 1040 2661 etnunc

22 2711 24 2786 p
60 2681 151 2744 adamat
164 2687 284 2762 thyrsus
299 2688 461 2767 galeasque
478 2690 563 2746 etiam
579 2705 614 2748 ac
629 2695 710 2747 scuta
725 2688 753 2746 in
766 2686 909 2748 Thraciae
923 2685 1041 2765 populis

22 2815 24 2848 ,
60 2761 219 2828 sollemnibus
237 2773 349 2846 saeris,
372 2773 485 2832 inimica
503 2771 601 2831 arbori
623 2773 752 2849 satisque
769 2771 919 2848 omnibus,
940 2769 1040 2849 sepul·

38 2847 118 2946 sulm,
127 2871 219 2913 muros
235 2873 387 2934 rumpens,
402 2857 579 2933 serpentium
592 2856 694 2934 frigori
707 2857 881 2934 gratissima,
895 2865 924 2916 ut
939 2857 1040 2915 mirum

23 2943 25 2960 ³
60 2935 319 2999 utullumhcncrem
331 2940 457 3000 habitum
470 2942 507 2999 ei.
528 2940 594 3000 Duo
606 2957 717 3017 genera
731 2942 794 3000 eius
806 2941 898 3020 prima
909 2949 940 3001 ut
951 2940 1019 2999 reli·
1032 2948 1082 3002 145

59 3031 240 3167 illunc?
253 3023 1039 3189 illillitu1tc⁰2:iiililttihcllci

60 3179 132 3247 lente.
160 3193 313 3273 utriusque
331 3201 425 3253 autem
439 3194 539 3254 similis
557 3202 603 3254 est
618 3209 705 3254 rosae
721 3194 866 3271 silvestri,
888 3194 943 3254 nisi
961 3190 1039 3271 quod

39 3279 120 3330 caret
134 3273 233 3335 odore.
262 3278 382 3355 species
396 3275 498 3337 borum
513 3295 654 3356 generum
669 3287 739 3338 tres.
771 3287 816 3340 est
830 3280 905 3338 enim
917 3275 1039 3337 candida

24 3385 26 3414 t
60 3359 94 3410 tut
109 3356 180 3434 nigra
206 3359 320 3422 hedera
337 3362 482 3440 tertiaque
500 3381 575 3442 quae
591 3371 713 3424 vocatur
727 3361 817 3423 helix.
856 3361 1017 3423 Etiamnum
1030 3365 1081 3422 146

61 3431 100 3495 hae
116 3445 224 3519 species
247 3445 413 3506 dividuntur
436 3448 465 3506 in
482 3448 573 3523 alias,
601 3449 735 3526 quoniam
757 3456 802 3507 est
825 3447 922 3526 aliqua
942 3446 1038 3505 fructu

61 3524 143 3584 tanum
158 3529 296 3608 candida,
318 3530 376 3591 alia
396 3540 426 3591 et
441 3531 531 3609 lolio,
554 3531 678 3592 fructum
694 3548 811 3610 quoque
827 3529 978 3591 candidum
994 3530 1036 3588 ie·
