2504 3930
199 245 261 310 292
308 251 312 260 ·
541 256 846 306 o.1>n1a1securrn1
941 269 943 277 ·

147 491 150 496 Δ
198 420 304 488 tenuat,
321 412 451 471 tonsillas
467 412 549 472 sedat
565 421 594 472 ct
609 402 728 488 anginas
747 421 775 471 et
788 412 882 470 omnia
897 411 956 470 oris
971 409 1050 485 vitia,
1063 410 1186 488 privatin
1229 443 1230 448 κ

196 513 297 556 nomas
311 494 360 571 ibi,
375 498 443 554 item
455 499 578 555 testium.
600 495 716 554 naribus
730 495 839 554 inlitum
851 493 1002 553 comitialis
1015 495 1102 570 erigit
1114 493 1182 552 attol-

196 581 298 657 litque.
326 578 401 637 idenr
425 596 488 638 cum
510 580 679 638 vernatione
701 580 839 656 anguium·
858 586 942 636 aceto
963 576 1090 636 admixto
1114 580 1181 636 umor

198 663 356 742 purulentis
378 663 493 722 auribus
519 661 649 741 prodest.
681 663 793 739 quidam
814 661 950 720 bubulum
971 660 1014 720 fel
1038 660 1184 720 admiscent

197 747 420 806 decoctarumve
439 746 564 806 carnium
579 745 729 804 testudinis
746 763 845 806 sucum
870 745 966 804 addita
981 763 1077 822 aeque
1095 762 1200 802 verna-a

87 831 90 844 '
154 843 189 896 38
199 831 278 890 tione
291 831 451 906 anguium..
464 831 516 888 sed
531 830 598 888 vino
614 829 784 888 testudinem
800 836 954 888 excocunt.
979 829 1130 887 oculorum
1144 828 1187 886 uti·

197 932 252 992 que
270 915 335 972 vitia
350 915 444 972 omnia
459 914 500 973 iel
515 915 661 972 inunctum
674 931 738 972 curn
752 913 840 972 rnelle
852 911 994 986 emendat,
1013 912 1188 971 subfusiones

197 998 281 1056 etiam
302 999 428 1055 marinae
448 996 735 1056 fel'cumlluviatilis
751 998 891 1072 sanguine
911 1004 939 1054 et
958 994 1046 1054 lacte.
1078 993 1190 1072 capillus
1229 1009 1230 1012 ’

196 1080 345 1139 mulierum
364 1080 488 1139 inlicitur
510 1081 598 1157 ielle,
624 1090 724 1140 contra
747 1079 941 1139 salamandras
963 1079 1013 1138 vel
1035 1097 1134 1138 sucum
1149 1076 1190 1136 de·

155 1173 303 1232 39ooctae
327 1163 437 1222 bibisse
459 1166 528 1222 satis
553 1173 607 1222 est.
640 1163 766 1223 Tertium
788 1181 881 1240 genus
905 1162 1081 1222 testudinum
1107 1171 1149 1220 est
1167 1161 1230 1220 inu'

197 1265 288 1308 caeno
304 1256 332 1306 et
348 1247 499 1324 paludibus
515 1249 680 1307 viventium.
702 1247 822 1306 latitudo
838 1247 924 1306 biset
937 1249 965 1304 in
978 1245 1070 1305 dorso
1087 1244 1192 1326 pectori

197 1331 314 1406 similis,
337 1349 392 1389 nec
416 1348 549 1390 convexo
572 1340 692 1390 curvata
712 1331 830 1406 calvae,
854 1332 967 1406 ingrata
986 1331 1064 1388 visu.
1093 1329 1191 1388 exhac
1229 1391 1230 1394 Ἴ

197 1433 312 1493 quoqne
328 1424 423 1473 tamen
439 1415 533 1492 aliqua
550 1417 717 1491 contingunt
732 1415 846 1474 auxilia.
874 1423 934 1472 tres
948 1431 1076 1490 namque
1091 1416 1119 1472 in
1136 1429 1191 1470 suc·

198 1516 286 1558 censa
301 1507 443 1558 sarmenta
461 1500 593 1558 coiectae
604 1498 794 1560 dividentibus
810 1516 843 1556 se
859 1499 1023 1573 tegimentis
1040 1498 1191 1575 rapiuntur,

196 1592 252 1642 turn
269 1581 388 1641 evolsae
408 1599 510 1640 carnes
527 1600 622 1641 earum
638 1591 776 1642 cocuntur
792 1583 820 1640 in
833 1583 939 1656 congio
956 1596 1050 1658 aquae
1067 1581 1216 1640 salomo-u

197 1665 263 1725 dice
278 1665 385 1741 addito,
403 1669 440 1724 ita
459 1665 645 1725 decoctarum
663 1666 698 1725 ad
713 1668 813 1725 tertias
832 1667 922 1742 partis
938 1682 1024 1722 sucus
1044 1661 1191 1743 paralysim

197 1759 227 1809 et
240 1749 420 1808 articularios
434 1748 552 1808 morbos
571 1749 760 1809 sentientibus
776 1747 890 1807 bibitur
914 1748 1040 1807 detrahit
1055 1749 1130 1807 idern
1146 1745 1190 1842 iel

197 1834 313 1912 pituitas
329 1834 555 1910 sanguinemque
570 1835 704 1893 vitiatum.
732 1834 840 1891 sistitur
861 1831 897 1891 ab
913 1849 949 1891 eo
966 1833 1100 1892 remedio
1117 1789 1191 1890 alvos

154 1925 292 1994 40aquae
310 1916 432 1992 frigidae
450 1927 530 1994 potu.
557 1916 581 1976 Ε
603 1927 704 1994 quarto
726 1934 835 1993 genere
856 1915 1029 1975 testudinum
1046 1933 1121 1994 quae
1136 1921 1191 1973 sunt

197 2001 224 2058 in
243 1999 371 2058 amnibus
388 1999 602 2058 divolsarum
575 2002 689 2078 pinguia
703 2019 765 2060 cunr
778 2002 861 2060 aizoo
874 1998 964 2058 herba
976 2007 1063 2060 tunsa
1076 2001 1215 2059 admixtam

197 2091 342 2158 unguento
354 2091 382 2140 et
394 2084 502 2142 semine
514 2083 566 2159 lili,
575 2086 598 2142 si
610 2092 676 2143 aute
688 2085 877 2144 accessiones
889 2093 1109 2161 perunguantur
1120 2081 1190 2156 aegri

197 2173 315 2241 praeter
326 2174 424 2242 caput,
435 2183 503 2224 mox
519 2167 667 2226 convoluti
679 2167 800 2226 calidam
816 2185 917 2245 aquarn
928 2165 1039 2243 bibant,
1055 2165 1190 2244 quartanis

197 2247 321 2306 liberare
339 2247 479 2308 dicuntur.
509 2249 582 2307 lranc
605 2250 775 2310 testudinem
796 2253 892 2329 quinta
909 2250 1030 2312 decuma
1052 2251 1118 2310 luna
1135 2246 1190 2324 capi
1228 2287 1229 2290 ,

198 2341 338 2409 oportere
360 2340 390 2391 ut
414 2331 479 2408 plus
500 2333 645 2410 pinguium
667 2335 839 2413 reperiatur,
864 2353 963 2394 verum
980 2351 1102 2411 aegrum
1117 2339 1189 2391 senta

198 2415 317 2476 decuma
333 2414 398 2474 luna
415 2418 567 2493 perungui.
590 2436 628 2476 ex
644 2418 748 2477 eodem
763 2437 873 2494 genere
892 2419 1067 2478 testudinum
1083 2416 1212 2492 sanguise

155 2508 187 2562 41
201 2498 353 2558 instillatus
369 2499 492 2558 cerebro
510 2501 612 2582 capitis
631 2501 748 2561 dolores
764 2501 860 2579 sedat,
881 2505 949 2561 item
964 2511 1099 2561 strumas.
1128 2501 1189 2560 Sunt
1229 2529 1230 2536 1

199 2583 246 2660 qui
263 2581 434 2641 testudinum
453 2585 619 2660 sanguinem
638 2585 731 2645 cultro
753 2603 843 2646 aereo
868 2588 1033 2663 supinarum
1057 2583 1188 2662 capitibus
1229 2607 1230 2614 ι

199 2665 339 2745 praecisis
356 2667 454 2744 excipi
470 2685 547 2728 novo
563 2669 643 2727 lactili
658 2668 783 2742 iubeant,
797 2670 893 2746 ignem
908 2687 1022 2729 sacrum
1039 2672 1186 2728 cuiuscun-

200 2767 256 2826 que
270 2751 387 2825 generis
400 2753 539 2826 sanguine
551 2752 640 2826 inlini,
652 2753 720 2812 item
732 2753 836 2829 capitis
851 2753 951 2812 ulcera
966 2755 1119 2826 manantia,
1130 2766 1185 2807 ver·

198 2850 294 2892 rocas
310 2831 395 2891 iidem
409 2836 573 2910 promittunt
583 2836 754 2895 testudinum
767 2838 889 2895 omnium
900 2837 1071 2934 limopanos
1084 2833 1209 2894 discutito

199 2924 228 2974 et
237 2949 279 2960 -
292 2916 461 2976 incredibile
478 2917 605 2977 dictu-
617 2919 703 2996 aliqui
718 2920 831 2979 tradunt
845 2919 979 2979 tardius
969 2938 1013 2979 rra
1025 2919 1137 2994 navigia
1150 2925 1184 2974 te·

199 2997 318 3058 studinis
335 2999 438 3076 pedem
451 3000 581 3060 dextrum
596 3002 740 3062 vehentia

156 3091 191 3144 42
263 3081 346 3160 (ld)
368 3082 441 3143 llinc
463 3084 595 3144 deinde
586 3104 615 3145 nr
637 3085 756 3146 morbos
777 3086 942 3164 digeremus
965 3086 1115 3165 aquatilia,
1136 3097 1184 3140 noo

200 3166 266 3264 quia
285 3166 451 3243 ignoremus
465 3171 622 3244 gratiorem
641 3188 708 3230 esse
728 3171 944 3230 universitatem
962 3170 1121 3230 animalium
1134 3182 1183 3224 ma·
1229 3233 1230 3240 ἵ

184 3249 327 3326 iurisque
346 3251 484 3326 miraculi,
502 3253 554 3312 sed
568 3253 624 3312 hoo
642 3254 738 3314 utilius
754 3263 799 3312 est
813 3255 901 3330 vitae,
915 3254 1074 3314 contributa
1085 3249 1207 3311 habereut
1228 3263 1230 3270 ¹

199 3333 334 3407 remedia,
352 3353 414 3394 cum
432 3335 508 3394 aliud
531 3337 579 3396 alii
597 3339 699 3415 prosit,
717 3337 793 3396 aliud
807 3338 876 3397 alibi
895 3338 1009 3398 facilius
1026 3337 1180 3397 inveniatur.

156 3424 192 3479 43
262 3417 290 3476 5.
315 3418 403 3516 (16.)
419 3418 599 3480 Venenatum
613 3422 670 3481 nrel
685 3421 807 3482 duximus
822 3423 870 3482 ubr
885 3431 1062 3482 nasceretur
1086 3416 1178 3478 auxilio

156 3496 187 3540 ²¹
192 3496 232 3532 44
222 3505 263 3542 44
274 3509 318 3560 est
330 3503 418 3578 piscis
429 3507 566 3564 auratain
581 3505 656 3565 cibo.
678 3506 762 3566 vel'
739 3525 763 3566 sr
775 3525 812 3565 ex
824 3507 946 3566 melle
922 3525 1037 3568 siucero
1049 3501 1177 3566 fastidium
