2504 3930
158 211 221 276 248
499 221 807 272 cammsuoorvou

157 378 1036 458 mutarhooqnisciumloedissimumaaimaliumiuquantum
1045 379 1159 456 magni-

158 465 246 524 hoent
255 463 386 538 ricinum,
398 465 532 542 quoniam
548 465 595 521 oni
612 462 707 522 nullus
721 465 757 522 sit
772 465 866 523 exitus
883 467 1004 540 saginae
1022 481 1077 522 nec
1091 464 1160 522 linis

158 547 213 608 alla
229 564 313 625 quam
328 556 420 606 morte
437 546 542 606 diutius
556 548 585 604 in
600 546 675 606 lame
690 547 807 606 visenti.
840 549 970 625 septenis
991 549 1031 606 ita
1052 545 1160 606 diebus

114 627 279 698 salutasse
296 630 423 707 madunt,
448 640 476 690 at
490 631 519 689 in
533 631 666 689 satietate
681 627 867 706 paucioribds
882 629 1046 693 dehiscere.
1079 630 1160 689 bunc

157 733 195 776 ex
216 731 284 774 aure
301 715 414 774 sinistra
430 716 509 774 oanis
524 716 616 776 omnis
632 713 750 773 dolores
763 715 868 774 sedare
881 713 1074 792 adalligatum.
1092 713 1183 772 lun-s
1205 787 1208 794 ι

158 799 262 860 dicium
280 800 309 857 in
325 799 446 875 augurio
462 797 587 858 vitalium
602 797 724 874 habent,
746 815 809 858 nam
830 799 854 856 si
876 815 968 874 aeger
989 800 1016 857 ei
1030 813 1157 875 respon·

72 929 73 932 η
155 882 223 943 deat
238 883 287 960 qui
302 883 429 942 intulerit
450 899 466 942 a
483 879 603 961 pedibas
621 883 704 942 stanti
719 883 966 959 interrogantique
987 881 1022 940 de
1037 879 1156 956 morbo,

155 983 239 1046 spem
261 967 337 1026 vitae
354 975 462 1026 certam
484 983 569 1041 esse,
590 965 756 1024 moriturum
779 965 848 1025 nihil
870 964 1063 1043 respondere.
1095 963 1156 1024 adi·

154 1053 232 1110 ciunt
250 1060 278 1110 ut
293 1050 436 1109 evellatur
451 1067 489 1108 en
504 1066 573 1108 aure
588 1049 673 1108 laeva
690 1051 767 1108 oanis
785 1050 830 1108 oui
845 1065 902 1107 uon
924 1049 961 1108 sit
981 1048 1054 1107 alius
1069 1063 1158 1125 quam

99 1136 242 1210 ¹einiger
257 1133 352 1194 colos.
377 1133 509 1210 Nigidius
523 1132 626 1210 lugere
638 1140 700 1192 toto
715 1133 762 1192 die
779 1149 867 1192 canes
884 1140 1074 1210 conspectum
1091 1133 1156 1190 eius
1169 1143 1193 1185 ιο
1244 1125 1246 1136 “

157 1220 205 1296 qui
222 1235 238 1276 e
259 1237 311 1277 sue
327 1215 356 1276 id
373 1216 476 1278 animal
491 1216 625 1276 evellerit
643 1218 779 1295 scriptum
794 1215 920 1292 reliquit.
955 1232 1054 1273 rursus
1074 1213 1157 1290 biagi

156 1301 271 1361 trudunt
287 1300 451 1379 lymphatos
467 1301 614 1378 sanguinis
631 1299 728 1378 talpae
740 1299 881 1378 adspersu
893 1300 1083 1376 resipiscere,
1100 1315 1156 1356 eos

154 1403 226 1445 vero
243 1387 291 1462 qui
307 1403 323 1446 a
339 1385 485 1444 nocturnis
500 1385 545 1444 dis
559 1383 722 1462 Faunisque
739 1387 880 1460 agitentur
901 1381 1036 1442 draconis
1055 1381 1159 1457 lingua·

58 1468 61 1474 ’
80 1543 86 1548 1
155 1478 186 1528 et
202 1469 294 1528 oculis
312 1478 342 1527 et
355 1468 427 1528 felle
442 1469 641 1546 intestinisque
652 1469 681 1527 in
695 1469 763 1526 vino
775 1475 804 1526 et
820 1467 887 1526 oleo
901 1465 1031 1526 decoctis
1046 1483 1081 1526 ac
1100 1462 1154 1524 sub

155 1552 201 1612 diu
217 1561 305 1612 nocte
319 1553 500 1632 rebigeratis
515 1551 751 1632 perunctionibus
763 1553 904 1614 matutinis
920 1554 1155 1632 vespertinisque
1167 1565 1191 1607 ιο

154 1635 281 1696 liberari.
953 1641 955 1646 ’

114 1730 148 1784 85
216 1720 300 1798 (25.)
323 1719 559 1780 Perfrictionibos
586 1719 715 1780 remedio
738 1737 805 1779 esse
828 1721 914 1781 tradit
927 1719 1075 1780 Nicander
1097 1737 1156 1778 am·

154 1803 342 1882 phisbaenam
362 1813 527 1882 serpentem
543 1813 683 1864 mortuam
701 1803 882 1880 adalligatam
899 1805 945 1864 vel
966 1802 1075 1882 pellem
1096 1811 1156 1862 tan·

154 1897 212 1948 tum
230 1889 303 1964 eius,
319 1891 387 1966 quin
402 1891 486 1946 immo
501 1887 598 1949 arbori
620 1905 694 1966 quae
713 1888 850 1946 caedatur
865 1887 1020 1966 adalligata
1035 1902 1095 1945 non
1115 1884 1155 1943 al-

155 1988 227 2048 gere
245 1973 392 2032 caedentis
406 1971 580 2050 laoiliusque
595 1971 757 2031 succidere.
788 1972 884 2047 itaque
899 1971 963 2030 sola
977 1970 1192 2047 serpentiumso

154 2055 258 2132 frigori
277 2074 310 2114 se
326 2056 475 2132 conmittit,
492 2057 584 2134 prima
605 2057 727 2114 omniurn
742 2054 909 2134 procedens
932 2062 1043 2114 stante
1061 2052 1157 2112 cuculi

156 2148 278 2198 cantum.
308 2137 385 2197 aliud
411 2147 457 2196 est
480 2138 583 2198 cuculo
605 2138 788 2215 miraculum,
812 2156 868 2216 quo
890 2139 954 2216 quia
975 2135 1044 2196 loco
1061 2136 1157 2214 primo

155 2221 252 2281 audiat
267 2222 363 2281 alitem
376 2220 453 2280 illam
465 2223 490 2281 si
505 2221 608 2281 dexter
623 2240 676 2302 pes
693 2221 942 2282 circumscribatur
954 2237 988 2280 ac
1000 2219 1158 2296 vestigium

154 2305 183 2364 ld
199 2305 363 2382 effodiatur,
383 2319 440 2364 non
457 2307 537 2384 gigni
554 2305 668 2384 pulices
683 2306 855 2383 ubicumque
871 2311 1034 2382 spargatur.

112 2401 146 2454 86
210 2389 293 2468 (26.)
317 2389 474 2463 Paralysim
497 2389 667 2450 caventibus
692 2391 807 2468 pinguia
837 2389 950 2465 glirium
971 2385 1098 2446 decocta
1128 2393 1190 2445 etas

45 2509 50 2520 ι
124 2493 147 2528 ιο
158 2473 283 2534 soricum
298 2473 446 2533 utilissima
464 2491 530 2534 esse
549 2473 677 2550 tradunt,
699 2472 849 2551 milipedas
865 2479 894 2531 ut
913 2473 941 2530 ln
961 2470 1066 2546 angina
1082 2469 1156 2528 dixi·

155 2575 216 2616 mus
225 2567 309 2635 potas
323 2555 456 2635 phthisim
469 2559 669 2632 sentientibus,
681 2558 821 2618 lacertum
828 2555 947 2616 viridem
960 2552 1115 2613 decoctum
1127 2553 1158 2610 iu

154 2641 212 2700 vini
228 2644 363 2702 sextariis
380 2642 472 2708 tribus
493 2642 528 2701 ad
548 2641 679 2716 cyathum
698 2659 798 2717 unum,
826 2638 947 2716 singulis
969 2635 1157 2696 coclearibus

155 2727 275 2803 sumptis
291 2743 346 2804 per
361 2725 423 2785 dies
439 2725 534 2787 donec
547 2726 762 2798 convalescant,
780 2722 943 2783 coclearum
956 2721 1085 2780 cinerem
1104 2735 1157 2799 po·

112 2819 146 2876 87
158 2817 216 2870 tum
231 2810 259 2869 in
274 2811 351 2869 vino.
376 2807 460 2890 (27.)
476 2809 665 2869 comitialibus
680 2807 789 2867 morbis
804 2823 943 2885 oesypum
958 2822 1021 2864 cum
1040 2819 1189 2864 murraeao

156 2903 301 2953 momento
324 2901 352 2952 et
373 2895 430 2952 vini
452 2893 563 2968 cyathis
585 2892 697 2951 duobus
719 2889 834 2950 dilutum
855 2887 1048 2967 magnitudine
1073 2883 1157 2964 nucis

156 2974 326 3055 abellanae,
349 2977 499 3037 abalineo
515 2983 628 3055 potum,
652 2973 805 3036 testiculos
824 2973 958 3033 arietinos
974 2973 1156 3030 inveteratos

156 3064 298 3140 tritosque
323 3060 438 3121 dimidio
460 3062 559 3123 denari
579 3059 712 3138 pondere
738 3061 765 3116 in
783 3075 856 3135 aqua
876 3055 923 3115 vel
946 3054 1030 3116 lactis
1049 3053 1156 3113 asinini

155 3145 278 3206 hemina.
311 3144 490 3205 interdicitur
509 3145 566 3204 vini
581 3153 667 3224 potus
684 3143 776 3222 quinis
793 3139 894 3200 diebus
909 3146 974 3198 ante
990 3146 1020 3196 et
1038 3145 1153 3216 postea.

112 3219 312 3304 aama'gnllce
329 3227 459 3288 laudatur
475 3237 503 3286 et
524 3229 642 3306 sanguis
660 3225 801 3306 pecudum
817 3233 919 3302 potus,
940 3222 1007 3280 item
1027 3219 1070 3278 iel
1093 3231 1187 3279 cumas

153 3309 258 3389 melle,
279 3315 439 3391 praecipue
458 3312 606 3389 agninum,
631 3310 741 3371 catulus
760 3307 871 3368 lacteus
892 3312 1020 3383 sumptus
1036 3302 1154 3362 absciso

155 3396 251 3471 capite
266 3395 448 3473 pedibusque
466 3399 584 3456 euvino
601 3404 757 3470 elnotus,
785 3392 881 3450 lichen
901 3387 995 3448 mulae
1015 3395 1103 3467 potus
1126 3385 1154 3444 ic

154 3478 311 3552 oxymelite
329 3479 439 3554 cyathis
454 3479 713 3555 tribus‚-stelionis
728 3472 906 3536 transmarini
921 3471 993 3532 cinis
1015 3479 1104 3549 potus
1125 3469 1153 3528 in
