2396 3922
234 213 836 327 111.11111111.1--7.,(1ι--11.)Ι
932 214 939 226 .
971 248 1036 316 ‘lib
1138 280 1143 292 ·

35 459 40 466 .
55 415 179 491 reperio.
213 413 308 476 Radix
323 414 449 478 cacaliae
464 414 688 480 conmanducata
706 415 778 474 etin
794 413 860 476 uiuo
875 411 1038 478 madefacta

59 513 110 556 nou
123 497 193 556 tussi
213 504 320 556 tantum
340 497 393 556 sed
416 507 445 558 et
464 497 596 558 faucibus
616 498 755 576 prodest
789 495 893 576 hysopi
912 497 1037 573 quinque

57 581 120 638 rami
133 597 197 639 cum
212 579 324 640 duobus
339 589 420 642 rutae
441 590 472 641 et
491 580 553 640 licis
570 580 658 645 tribus
673 581 789 641 decocti
804 579 953 640 thoracem
968 597 1034 658 pur-

55 671 128 740 gant,
143 665 243 722 tussim
260 663 371 724 sedant.

38 759 48 800 s
110 746 195 824 (16.)
218 745 346 809 Recbiou
368 747 507 824 tussilago
524 747 635 808 dicitnr.
670 747 726 808 duo
745 748 806 806 eius
824 764 955 824 genera:
984 745 1082 811 stt-ao

55 829 154 888 nestris
172 829 221 888 ubi
245 831 370 890 nascitur
393 829 515 890 subesse
536 848 626 908 aquas
649 830 784 907 credunt,
805 840 835 890 et
852 829 910 889 hoc
931 830 1037 892 babent

55 914 158 988 signum
188 913 349 991 aquilegen
406 914 476 974 lolia
510 923 574 973 sunt
605 914 760 974 maiuscula
791 930 875 991 quam
909 912 1036 972 hederae
1113 919 1115 934 “

55 997 171 1074 quinque
187 1005 371 1074 succeptum,
389 996 538 1065 subalbida
554 1016 569 1056 a
584 1007 671 1073 terra,
688 1015 812 1075 superne
828 995 950 1072 pallida,
973 997 1036 1056 siue

56 1079 139 1154 aule,
155 1081 219 1138 sine
236 1079 318 1156 bore,
334 1081 536 1157 sinuamine,
558 1081 656 1141 radice
671 1083 758 1140 tenui.
790 1079 902 1158 quidam
917 1079 1036 1138 eandem

14 1207 16 1242 ς
30 1179 114 1222 11111
133 1164 234 1222 arcion
245 1173 274 1224 et
287 1164 345 1225 alio
357 1166 471 1228 nomine
482 1164 707 1226 ,chamaeleucen
719 1171 825 1241 putant.
842 1161 925 1222 huius
938 1163 1037 1230 aridae
1149 1173 1153 1181 “

54 1263 110 1306 cnm
124 1246 332 1308 radicelumus
347 1267 400 1327 per
412 1247 597 1310 harundinem
611 1248 729 1310 haustus
744 1256 774 1306 et
788 1247 941 1307 devoratus
956 1254 1036 1306 vete·
1123 1251 1128 1261 '

14 1325 15 1336 ’
54 1347 107 1388 rem
121 1348 227 1394 sanare
243 1330 346 1391 dicitur
366 1333 479 1406 tussim,
502 1329 555 1390 sed
579 1333 607 1389 in
628 1330 762 1407 singulos
782 1330 899 1390 haustus
920 1345 1035 1407 passum
1168 1324 1178 1343 ”

15 1431 16 1436 ’
54 1413 216 1488 1111111111
232 1423 286 1474 eet.
415 1443 416 1446 ¹
1041 1434 1045 1439 ·

110 1497 193 1574 (17.)
217 1496 318 1557 Altera
336 1515 352 1556 a
367 1496 535 1575 quibusdam
554 1497 643 1558 salvia
660 1495 834 1574 appellatur,
851 1493 951 1554 similis
965 1513 1030 1554 ver·
1043 1506 1077 1560 31

14 1571 145 1640 'ubasco
167 1581 327 1640 conteritur
342 1589 370 1640 et
386 1581 480 1640 colata
498 1581 594 1640 calolit
604 1591 690 1657 atque
705 1581 744 1638 ita
759 1578 795 1638 ad
810 1577 908 1638 tussim
925 1576 1035 1639 lateria-

14 1693 16 1740 ,
56 1653 103 1738 qbe
123 1662 243 1724 dolores
267 1663 386 1741 bibitur,
412 1672 511 1723 contra
527 1665 698 1741 scorpiones
721 1662 820 1720 eadem
843 1670 872 1720 et
895 1660 1037 1720 dracones

54 1747 169 1808 marinam
186 1747 303 1806 eiiieax.
335 1755 434 1808 contra
449 1747 592 1824 serpentis
607 1763 723 1824 quoqne
744 1763 792 1804 ex.
803 1743 870 1803 oleo
894 1746 1036 1821 perungui

54 1845 85 1886 ea
98 1829 228 1906 prodest.
250 1829 362 1908 llyaopi
376 1829 534 1892 fasciculus
548 1845 610 1890 cum
623 1827 779 1906 quadrante
793 1827 887 1886 mellis
900 1827 1036 1904 decoqui,-

14 1871 17 1980 1
54 1921 93 1969 tnr
105 1907 139 1973 ad
154 1914 267 1989 tussim,
283 1911 396 1988 lateris,
412 1916 541 1990 pectoris
556 1913 691 1989 dolores,
707 1911 877 1970 verbascum
891 1927 952 1968 cum
973 1919 1036 1970 ruta
1091 1959 1094 1974 2

14 1983 86 2074 laen
97 2011 179 2074 aqna,
197 1997 370 2066 vettonicae
385 1997 474 2056 iarina
492 1995 596 2058 bibitur
610 2013 647 2056 er
664 2013 737 2072 aqua
754 1993 855 2056 calida.

110 2079 137 2138 7.
160 2079 246 2157 (18.)
266 2079 448 2142 Stomachum
458 2079 633 2140 conroborat
643 2077 789 2140 scordotis
806 2093 901 2154 sucus,
919 2086 1032 2136 centau·
1044 2089 1081 2146 aa

56 2164 127 2238 rium,
156 2165 293 2240 gentiana
307 2180 347 2222 ex
362 2180 435 2240 aqua
451 2173 555 2240 potae,
577 2163 714 2240 plantago
735 2169 783 2220 aut
806 2178 909 2237 perse
926 2161 954 2219 in
969 2160 1036 2220 cibo

56 2255 157 2323 sumpta
182 2255 232 2306 aut
252 2264 315 2307 curu
336 2245 415 2306 lente
435 2246 565 2306 alicaeve
585 2245 753 2306 sorbitione.
796 2243 949 2304 Vettonica
966 2244 1045 2304 alias
1068 2235 1079 2256 “

57 2331 144 2404 gravis
159 2329 318 2400 stomacho¹
327 2329 395 2388 vitia
413 2339 506 2388 tamen
522 2337 601 2390 sanat
618 2336 686 2406 pota
707 2327 755 2386 vel
772 2327 851 2386 loliis
866 2327 1035 2386 conmandu-

32 2413 212 2488 1111111111
229 2410 416 2473 aristolochia
431 2421 515 2490 pota,
541 2413 686 2488 agaricum
704 2409 901 2470 manducatum
915 2412 1035 2484 siccum,

58 2503 128 2554 nter
142 2496 297 2556 intervallo
315 2512 423 2568 merum
439 2495 607 2570 sorbeatur,
622 2493 782 2572 nymphaea
795 2491 929 2552 lleraclia
946 2492 1036 2568 inlita,

57 2579 209 2654 peucedani
224 2595 321 2640 sucus.
356 2578 486 2652 Psyllion
507 2576 659 2638 ardoribus
674 2577 837 2654 inponitur,
861 2573 910 2634 vel
924 2573 1035 2647 cotyle-

56 2659 104 2718 don
121 2663 188 2722 trita
205 2680 267 2721 cum
283 2661 401 2740 polenta
414 2660 464 2720 vel
477 2663 598 2720 aizoum.

110 2746 193 2824 (19.)
213 2744 313 2807 blolon
332 2761 423 2822 scapo
444 2744 626 2818 asturiam,
651 2743 730 2802 loliis
751 2739 900 2814 mollibus,
926 2739 1033 2816 parvis,
1043 2748 1086 2810 31

30 2827 142 2886 arabice
159 2826 215 2887 llll
229 2828 381 2904 digitorum
404 2828 431 2884 in
446 2843 501 2904 qua
515 2835 643 2887 extrema
658 2826 696 2884 ali
717 2831 802 2900 caput
822 2831 875 2881 est.
917 2830 1036 2882 vocatur
1155 2849 1164 2888 4

56 2910 244 2986 aquibusdam
258 2928 356 2985 syron.
400 2929 436 2970 ex
452 2911 519 2969 uiuo
535 2909 684 2970 stomacho
705 2915 735 2966 et
750 2905 918 2982 dyspnoeae
938 2903 1041 2964 medea

56 2998 109 3069 tar,
136 2996 310 3056 centaurium
325 2995 414 3054 mains
434 2993 604 3070 ecligmate,
630 2992 766 3069 plantago
780 3004 864 3048 *suco
887 2989 934 3048 rel
956 2987 1034 3064 cibo,

56 3071 218 3138 bettonicae
240 3087 340 3137 tunsae
365 3075 463 3154 pondo
485 3076 574 3151 libra,
603 3074 697 3134 mellis
724 3073 817 3132 Attici
832 3072 977 3132 semuncia
997 3083 1036 3130 ex

57 3173 120 3234 aqna
141 3160 232 3220 calida
259 3159 365 3220 cotidie
394 3159 575 3232 bibentibus,
603 3155 789 3216 aristolochia
815 3155 863 3216 vel
889 3153 1034 3230 agaricum

32 3239 148 3300 “obolis
161 3245 252 3304 ternis
266 3261 306 3302 en¹
318 3259 391 3320 aqua
408 3241 500 3304 calida
518 3251 565 3301 aut
587 3241 663 3300 lacte
680 3239 750 3299 asini
769 3247 875 3316 poton.
919 3235 1079 3300 Cissea-34
1151 3291 1160 3312 ,

59 3320 159 3386 rhemos
173 3326 209 3386 ad
228 3326 424 3404 orthopnoeas
438 3324 553 3398 bibitor,
572 3326 637 3382 item
652 3322 793 3399 hysopum
809 3329 839 3384 et
852 3319 1036 3395 asthmaticia

60 3408 207 3480 peucedani
229 3428 314 3468 sucus
341 3409 369 3466 in
390 3409 527 3468 iocineris
549 3405 699 3466 doloribus
719 3414 749 3466 et
773 3404 901 3484 pectoris
923 3401 1034 3462 lateris·

61 3503 125 3565 tte,
152 3492 303 3553 si'lebres
324 3509 382 3553 aon
407 3492 472 3551 siut.
507 3489 672 3566 sauguinem
695 3505 810 3566 quoque
829 3484 1036 3548 *renuentibus
