2458 3906
157 229 220 291 146
502 239 532 287 o.
548 239 644 288 eurus
660 238 811 288 secunus

159 414 238 470 scus,
250 392 369 469 Concu,
385 389 495 470 Criton,
512 391 707 468 Democritus,
724 391 863 454 Eudoxus
879 403 942 453 1111.
952 391 1096 453 kalendas
1112 409 1156 452 ca·

160 479 268 560 pellam
290 480 425 538 matutino
444 480 554 539 exoriri
571 487 601 538 et
620 491 670 538 111.
687 476 827 538 kalendas
847 476 969 537 haedos.
1003 489 1051 536 v1.
1070 493 1157 538 nouas

160 562 295 624 Octobris
309 561 424 623 Atticae
440 579 550 622 corona
566 564 696 623 exoritur
711 579 811 636 manc,
836 560 926 621 haiae
944 571 973 622 et
989 559 1111 621 Caesari
1125 575 1155 620 v.

117 691 120 697 ,
159 665 250 708 nouas
265 647 425 707 heniochus
442 647 550 707 occidit
564 648 711 706 matutino.
729 660 792 710 1111.
805 663 897 706 nonas
914 643 1035 706 Caesari
1051 662 1157 705 corona

116 742 169 799 313
177 732 284 792 exoriri
299 731 409 810 incipit,
424 739 452 790 et
465 731 607 810 postridie
620 730 754 790 occidnut
765 730 852 790 haedi
864 732 991 809 vesperi.
1006 743 1081 790 vm.
1096 729 1179 790 idnss

160 814 296 876 Octobris
309 814 429 875 Caesari
441 814 557 893 fulgens
572 816 603 874 iu
615 831 723 874 corona
740 814 824 874 stella
838 817 978 889 exoritur,
992 823 1022 874 et
1036 828 1083 874 vt.
1097 813 1157 874 idus

160 899 301 977 vergiliae
325 900 459 978 vesperi,
484 899 578 960 idibus
602 908 803 960 coronatura.
840 911 926 959 xvn.
944 898 1085 959 kalendas
1100 895 1156 956 No-

160 983 287 1044 vembris
302 984 421 1044 suculae
436 984 556 1062 uesperi
570 985 747 1044 exoriuntur.
775 982 869 1062 pridie
884 983 1024 1043 kalendas
1041 979 1157 1042 Caesari

160 1077 291 1129 arctnms
308 1066 416 1128 occidit
430 1077 460 1126 et
479 1067 599 1129 suculae
616 1068 784 1128 exoriuntur
800 1085 864 1128 cum
885 1067 959 1128 sole.
989 1075 1093 1146 quarto
1109 1083 1157 1125 no·

160 1170 211 1212 nas
228 1160 359 1212 arcturus
379 1151 486 1212 occidit
502 1151 632 1231 vesperi.
661 1153 759 1232 quinto
775 1152 839 1212 idus
856 1149 1030 1213 Nouembris
1046 1149 1158 1229 gladius
1167 1167 1189 1208 ro

117 1235 292 1300 stibi-muts
307 1236 445 1297 occidere
460 1236 517 1298 inci
539 1237 569 1297 it.
588 1236 654 1297 dein
665 1249 717 1297 111.
729 1236 792 1297 idua
804 1237 945 1314 vergiliae
960 1236 1106 1297 occidunt.
1127 1232 1158 1296 ln

160 1321 379 1400 histemporum
396 1255 665 1400 intervallisque
685 1323 808 1382 rustica:
838 1338 919 1399 rapa,
940 1337 1033 1400 napos
1058 1337 1158 1380 serere

124 1403 265 1482 iniquibus
290 1404 412 1466 diximus
429 1405 542 1465 diebus.
574 1405 680 1483 uolgus
701 1414 820 1482 agreste
841 1422 912 1484 rapa
932 1413 1000 1484 post
1028 1405 1157 1466 ciconiae

160 1489 321 1549 discessum
336 1490 411 1549 male
433 1490 493 1549 seri
507 1497 604 1569 putat,
630 1507 684 1549 uos
700 1490 814 1550 omniuo
830 1499 898 1569 post
913 1488 1101 1565 vulcanalia,
1130 1498 1158 1548 et

160 1574 318 1652 praecocia
333 1592 396 1633 cnm
411 1574 532 1653 panico,
550 1591 566 1634 a
582 1574 716 1636 lidiculaa
731 1583 826 1634 antem
844 1591 951 1634 occasu
965 1576 1068 1634 viciam
1089 1573 1157 1652 pha·
1167 1594 1188 1634 rs

160 1657 270 1734 siclos,
299 1657 445 1737 pabulum.
478 1658 536 1718 hoc
556 1658 661 1720 silente
683 1659 750 1720 luna
767 1660 827 1720 seri
845 1658 955 1718 iubent.
991 1657 1029 1718 Et
1050 1657 1159 1717 frondis

159 1742 380 1822 praeparandae
397 1752 511 1821 tempus
527 1742 585 1804 hoc
600 1753 656 1803 est.
687 1761 759 1803 unns
770 1742 921 1804 frondator
932 1751 1068 1822 quattuor
1081 1741 1158 1802 iron-

159 1825 254 1888 durias
260 1827 377 1888 fiscinas
385 1827 528 1906 conplere
540 1828 568 1887 in
580 1827 627 1887 die
634 1829 738 1887 iustum
748 1826 845 1889 habet.
859 1829 884 1888 si
890 1827 1085 1888 decrescente
1094 1825 1159 1886 lnna

115 1919 169 1975 315
177 1921 377 1990 praeparetur,
385 1929 443 1971 nou
459 1913 610 1990 putrescit.
632 1911 740 1972 aridam
756 1911 856 1990 colligi
871 1929 929 1972 uon
944 1920 1072 1991 oportet.
1090 1910 1158 1970 Viu-

160 1993 397 2074 demiamautiqni
407 2011 558 2074 numquam
572 1995 776 2056 existimavere
789 2006 927 2058 maturam
939 2007 1006 2058 ante
1019 1996 1155 2075 aequino·
1166 2005 1188 2046 tt

157 2079 256 2154 etium,
272 2080 327 2138 iam
342 2081 450 2158 passim
466 2080 530 2158 rapi
545 2096 644 2142 cerno.
674 2080 861 2159 quamobrem
876 2090 907 2140 et
918 2081 1009 2141 'huius
1029 2090 1158 2159 tempora

160 2165 236 2222 notis
257 2164 490 2242 argumentisque
510 2165 669 2242 signentur.
698 2165 784 2243 leges
799 2166 838 2225 ita
858 2182 892 2225 se
907 2164 1032 2225 habent:
1060 2181 1158 2224 uvam

161 2247 318 2307 calidam
335 2266 376 2308 ue
393 2247 529 2327 legito,
558 2249 617 2310 hoc
632 2258 678 2308 est
700 2250 728 2309 in
754 2251 864 2310 aestiva
890 2249 1024 2310 siccitate
1048 2267 1084 2310 ac
1107 2247 1159 2307 nisi

159 2329 252 2390 imber
270 2332 469 2393 intervenerit.
499 2350 601 2394 uvam
625 2333 855 2394 rorulentam
877 2351 919 2393 ue
939 2333 1079 2411 legito,
1104 2333 1159 2393 hoc

161 2424 207 2475 est
222 2416 245 2474 si
260 2433 309 2476 ros
325 2427 481 2477 nocturnus
494 2417 597 2494 inerit,
624 2434 680 2478 uec
699 2420 778 2497 prius
794 2435 879 2495 qnam
898 2417 964 2478 sole
980 2418 1189 2478 discutiamne

118 2500 1157 2581 itlduiudemiareincipito,cumadpalmitempampiuus

160 2584 408 2662 procumbere
428 2586 600 2664 coeperit
622 2595 680 2646 aut
700 2604 775 2646 cnm
796 2596 963 2666 exempto
986 2587 1095 2648 acino
1117 2603 1159 2644 ex

83 2695 84 2703 .
161 2667 344 2729 densitate
376 2669 615 2730 intervallum
638 2687 705 2731 uon
729 2671 901 2749 conpleri
925 2671 1156 2750 adparuerit‚

161 2769 202 2811 ac
222 2754 288 2812 iam
304 2770 375 2812 uun
397 2754 528 2830 augeri
548 2754 686 2813 acinos.
714 2755 874 2833 plurumum
889 2754 993 2830 refert,
1009 2757 1035 2815 si
1051 2756 1157 2816 coutin-

116 2841 224 2912 erigat
242 2847 394 2897 crescente
412 2838 478 2897 lnua
493 2837 678 2897 vindemiare.
709 2838 849 2900 Pressura
863 2857 919 2900 nna
931 2839 1046 2900 culleos
1058 2853 1107 2900 xx
1118 2838 1188 2902 in-ao

161 2919 244 2998 plere
260 2919 358 2981 debet.
388 2921 435 2981 hic
452 2929 497 2980 est
511 2939 564 2998 pes
582 2923 683 2982 iustus.
708 2924 745 2984 ad
759 2923 879 2984 totidem
898 2923 1012 2984 culleos
1035 2934 1065 2986 et
1079 2923 1155 2984 lacus

160 3017 209 3062 xx
223 3005 370 3081 iugeribus
394 3023 478 3064 unum
497 3005 602 3066 suidcit
623 3008 775 3068 torculum.
808 3017 941 3086 premunt
959 3008 1048 3087 aliqui
1064 3009 1155 3085 singn-

160 3087 207 3163 lis,
228 3089 324 3149 utilius
345 3089 435 3164 binis,
456 3089 526 3150 licet
543 3108 645 3167 magua
660 3093 696 3151 sit
711 3093 830 3152 vastitas
853 3092 984 3170 siugulis.
1010 3091 1155 3172 longitudo

159 3171 245 3232 inhia
261 3172 368 3249 refert,
399 3191 456 3233 non
471 3175 642 3238 crassitudo.
673 3178 920 3254 spatiosamelius
936 3187 1079 3256 premunt.
1112 3193 1154 3236 an·

159 3258 229 3334 tiqui
242 3256 356 3318 ionibus
370 3258 507 3336 vittisque
526 3258 616 3319 loreis
636 3277 671 3319 ea
687 3260 879 3321 detrahebant
893 3270 923 3321 et
943 3261 1089 3322 vectibus.
1117 3261 1188 3322 inas

159 3349 202 3400 tra
221 3354 239 3400 c
258 3359 347 3401 annos
367 3342 482 3402 inventa
501 3341 694 3420 Graecanica,
710 3345 777 3405 mali
791 3346 945 3424 rugis-per
961 3347 1082 3408 cocleas
1097 3343 1152 3406 bul·

158 3423 300 3500 lantibus,
322 3426 396 3505 palis
413 3426 507 3487 adfixa
522 3427 618 3486 arbori
633 3428 736 3504 stella,
757 3430 863 3508 apalis
879 3447 961 3491 arcas
977 3431 1103 3511 lapidum
1116 3435 1150 3488 at-

158 3506 280 3567 tollente
298 3527 397 3570 secum
411 3509 532 3588 arbore,
549 3513 626 3590 qnod
642 3529 773 3573 maxume
789 3513 938 3592 probatur.
967 3514 1043 3576 iutra
1060 3511 1151 3592 viginti
