2504 3930
322 231 402 280 nur.
420 231 512 284 msa.
526 233 610 282 xxx,
628 229 655 286 s.
673 231 699 286 c.
716 221 851 300 (9412.)
1016 219 1081 284 239

79 384 193 448 nitatur
215 385 283 446 limo
300 385 464 449 columbino
481 404 544 448 eum
561 389 893 466 passo'gargarisatum,
914 388 1080 448 etiamnum

79 469 139 530 uec
160 469 239 530 arida
261 486 297 530 ao
317 470 392 529 nitro
411 471 565 548 inpositum
593 479 675 530 extra
698 472 884 550 asperitatem
904 471 1028 530 lancium
1050 479 1080 530 et

79 551 295 614 destillationes
310 553 428 630 leniunt,
447 586 491 600 --
505 554 727 633 cocleae'coqui
744 554 851 616 debent
860 550 983 630 inlotae,
1001 555 1079 613 dem·

78 643 191 714 ptoque
213 644 318 698 tantum
339 645 456 697 terreno
480 640 591 698 conteri
614 647 643 698 et
665 640 693 698 in
709 657 798 716 passo
820 639 880 700 dari
903 647 983 716 potu.
1014 646 1081 698 sunt

1 695 3 788 l
50 719 129 797 equi
146 718 369 798 Astypalaeicae
386 721 603 782 efficacissimas
618 731 720 800 putent
742 732 770 782 et
790 725 819 782 iu
833 721 878 782 his
895 724 950 782 ima
969 739 1078 796 earum,

78 835 122 848 -
139 803 251 879 gryllus
265 803 415 866 infricatus
430 815 478 866 aut
501 807 525 866 si
540 807 603 883 quis
618 805 748 866 manibus
764 806 868 885 quibus
890 823 955 866 eum
972 805 1077 864 contri·

79 888 157 946 verit
171 886 304 948 tonsillas
318 889 447 965 attingat.

146 969 230 1048 (12.)
251 969 374 1047 Anginis
387 972 459 1032 lelle
478 974 613 1034 anserino
629 991 693 1032 curn
709 972 831 1034 elaterio
853 981 882 1032 et
895 972 982 1034 mello
997 972 1073 1031 citis·
1086 983 1122 1038 33

80 1054 152 1114 sime
168 1056 354 1131 succurritur,
370 1055 494 1117 cerebro
507 1066 641 1132 noctuae,
663 1058 761 1117 cinere
775 1055 930 1116 hirundinis
947 1075 984 1116 ex
1004 1073 1078 1134 aqna

1 1211 3 1226 r
42 1157 70 1200 ro
81 1136 174 1198 calida
188 1146 270 1214 poto.
306 1137 389 1200 huius
404 1139 564 1200 medicinae
581 1147 683 1200 auctor
707 1148 752 1200 est
768 1139 885 1200 Ovidius
900 1148 997 1218 poeta.
1026 1139 1079 1198 sad

1 1231 2 1296 t
79 1220 264 1280 ellioaoiores
280 1221 424 1282 adomnia
442 1241 517 1302 quae
533 1242 571 1286 ex
585 1223 780 1284 hirundinibus
796 1231 988 1284 monstrantur
1007 1223 1078 1302 pulli

78 1304 263 1376 silvestrium,
281 1305 428 1382 -ligura
443 1306 571 1366 nidorum
587 1325 637 1367 eas
656 1307 860 1386 deprehendit,
874 1339 917 1352 -
930 1305 1019 1366 multo
1035 1315 1076 1366 ta·

77 1406 144 1448 men
161 1387 356 1448 efficacissimi
373 1391 543 1467 ripariarum
559 1390 639 1468 pulli.
669 1392 708 1452 ita
723 1400 829 1451 vocant
844 1392 872 1450 in
889 1391 1014 1469 riparum
1031 1406 1077 1448 oa·

1 1515 3 1532 .
78 1473 125 1532 vis
138 1470 319 1532 nidificantis.
352 1473 432 1534 multi
454 1475 659 1551 cuiuscumque
679 1473 838 1534 hirundinis
862 1467 972 1552 pullu'rn
990 1471 1077 1532 eden-

26 1573 69 1615 .1c
80 1555 146 1614 dum
164 1564 302 1631 censent,
322 1565 353 1616 ut
367 1565 428 1617 toto
444 1573 518 1616 anno
533 1575 591 1619 non
604 1566 746 1618 metuatur
762 1557 790 1616 id
804 1556 917 1618 malum.
944 1566 1073 1633 strangu·
1086 1565 1121 1620 34

1 1645 2 1670 l
79 1639 156 1699 latos
176 1655 238 1698 cum
254 1642 393 1716 sanguine
408 1640 576 1710 comburunt
594 1641 623 1699 in
642 1659 714 1702 vase
733 1641 903 1700 etcinerem
924 1658 987 1699 cum
1001 1657 1078 1717 pane

80 1731 127 1784 aut
144 1730 216 1800 potu
234 1721 311 1782 dant.
341 1723 497 1801 quidamst
516 1723 657 1785 mustelae
676 1725 790 1784 eineres
810 1725 873 1802 pari
889 1722 974 1784 modo
990 1723 1077 1785 admi·

79 1814 172 1866 sceut.
193 1806 237 1864 sic
252 1814 281 1865 et
296 1805 332 1866 ad
348 1815 473 1866 strumae
489 1807 618 1867 remedia
634 1808 701 1868 dant
717 1817 747 1867 et
762 1808 953 1869 comitialibus
970 1807 1078 1867 cotidie
1120 1819 1122 1832 ·

78 1897 159 1967 potu.
181 1889 210 1946 in
222 1889 284 1950 sale
294 1907 410 1968 quoque
423 1899 556 1952 servatae
571 1891 735 1952 hirundines
748 1891 784 1952 ad
800 1893 932 1968 anginam
944 1890 1078 1950 drachma

43 1971 224 2047 cohibentur,
244 1974 289 2032 cui
303 1975 378 2033 malo
395 1982 424 2033 et
438 1973 520 2034 nidus
536 1992 633 2034 earum
644 1975 753 2036 mederi
769 1973 871 2035 dicitur
888 1983 983 2052 potus.
1005 1972 1121 2038 Mili-35

79 2056 184 2135 pedam
206 2055 285 2116 inlini
307 2059 418 2134 anginis
441 2058 671 2118 efficacissimum
691 2067 799 2136 putant,
828 2057 876 2116 alii
895 2057 936 2118 Xl
952 2059 1033 2116 tritas
1049 2059 1078 2115 in

2 2183 12 2210 ,
80 2157 174 2218 aquae
186 2139 296 2200 mulsae
311 2139 424 2201 hemina
439 2159 492 2220 per
507 2141 693 2204 harundinem
708 2141 780 2218 dari,
797 2143 930 2219 quomam
945 2140 1079 2208 dentibus

80 2225 166 2282 tactis
184 2223 253 2282 nihil
270 2226 391 2301 prosint.
423 2225 536 2285 tradunt
551 2235 581 2284 et
598 2243 707 2286 murem
726 2243 789 2284 cum
805 2225 972 2284 verbenaca
987 2241 1077 2284 exco-

83 2313 169 2380 ctum,
184 2307 208 2364 si
219 2305 333 2368 bibatur
345 2309 369 2369 is
384 2307 489 2385 liquor,
505 2308 633 2369 remedio
646 2327 724 2384 esse,
736 2319 767 2384 et
779 2309 932 2384 corrigiam
948 2308 1077 2368 caninam

42 2408 70 2450 as
81 2398 127 2450 ter
143 2389 221 2450 collo
237 2391 456 2467 circumdatam,
480 2392 573 2452 irmum
587 2391 779 2451 columbinum
794 2394 860 2451 vino
878 2401 908 2450 et
929 2390 997 2451 oleo
1012 2407 1078 2468 per·

78 2474 206 2532 mixtum.
234 2472 365 2536 Cervicis
379 2477 479 2534 nervis
494 2485 524 2534 et
538 2474 727 2552 opisthotono
740 2493 756 2534 e
768 2475 847 2533 milvi
862 2474 929 2557 nido
945 2472 1077 2532 surculus

77 2557 173 2616 viticis
185 2557 357 2634 adalligatus
369 2559 499 2618 auxiliari
510 2559 622 2618 dieitur.
652 2560 683 2618 5.
699 2559 813 2618 strumis
825 2557 1001 2616 exulceratis
1013 2573 1073 2614 mu·
1085 2564 1121 2620 36

77 2640 173 2700 stelae
188 2642 315 2717 sanguis,
331 2643 394 2720 ipsa
406 2641 528 2702 decocta
540 2643 568 2701 in
579 2642 658 2718 vino,
668 2659 725 2702 non
736 2651 830 2700 tamen
841 2641 930 2699 sectis
942 2638 1076 2699 admove·

77 2731 134 2782 tur.
143 2725 220 2784 aiunt
230 2732 259 2782 at
271 2725 336 2785 eibo
349 2733 489 2804 sumptam
497 2725 572 2784 idem
580 2724 765 2800 efiicere‚v'el
775 2724 866 2782 cineri
877 2725 939 2781 eius
949 2739 1075 2782 sarmen-
1137 2738 1139 2742 ·

43 2808 115 2868 uotis
132 2807 300 2868 combustae
315 2810 451 2869 miscetur
469 2811 602 2887 axungia.
630 2808 767 2870 Lacertus
778 2806 878 2866 viridis
894 2805 1077 2882 adalligatur,

77 2899 146 2969 post
158 2891 222 2950 dies
231 2890 315 2952 XXX
329 2893 414 2954 alium
427 2893 612 2970 adalligatum
627 2901 753 2970 oportet,
776 2891 888 2967 quidam
905 2907 957 2950 cor
971 2891 1034 2948 eius
1048 2890 1078 2947 in

77 2984 220 3050 argenteo
233 2976 353 3038 vasculo
368 2986 483 3038 servant
499 2977 535 3037 ad
549 2977 715 3037 feminamm
727 2983 858 3034 strumas.
881 2975 1008 3034 Veteres
1024 2989 1073 3030 co·
1085 2980 1119 3037 37

79 3057 162 3120 oleae
179 3077 243 3119 cum
258 3067 333 3120 testa
349 3077 401 3122 sua
415 3070 517 3121 tunsae
529 3061 698 3136 inlinuntur,
723 3075 871 3119 maxumae
890 3074 965 3135 quae
987 3056 1076 3115 irate-

79 3145 132 3202 otis
148 3142 323 3220 adhaerent,
343 3147 411 3204 item
428 3146 499 3204 cinis
514 3144 644 3223 aspidum
664 3143 737 3204 sebo
754 3160 817 3202 oum
834 3142 946 3200 taurino
964 3140 1075 3216 inponi-

44 3234 135 3302 atur,
155 3227 293 3303 anguinus
309 3230 391 3307 adips
408 3230 512 3290 mixtus
529 3229 613 3305 olco,
632 3229 699 3287 item
716 3227 848 3304 anguium
863 3225 933 3284 cinis
949 3242 987 3282 ex
1007 3222 1075 3282 oleo

78 3311 175 3372 inlitus
185 3310 233 3370 vel
247 3329 309 3372 cum
324 3331 400 3374 cera.
422 3313 518 3372 edisse
529 3331 644 3391 quoquc
656 3330 708 3372 eos
721 3311 831 3370 medios
845 3309 967 3370 abscisis
980 3307 1075 3366 utrim-

79 3411 136 3472 que
150 3397 288 3456 extremis
301 3397 430 3476 partibus
446 3397 587 3460 adversus
601 3405 722 3456 strumas
734 3395 869 3473 prodest,
889 3391 936 3451 vel
949 3392 1076 3450 cinerem

78 3476 189 3540 bibisse
205 3481 234 3540 in
255 3497 333 3542 novo
352 3481 432 3542 liotili
446 3482 485 3542 ita
501 3490 707 3558 crematorum,
728 3479 876 3546 efficacius
896 3475 984 3536 multo
1000 3474 1076 3534 inter

823 3571 833 3596 Χ
