2406 3914
116 223 177 286 268
477 230 507 279 o.
520 231 616 278 eninr
633 228 785 278 succum

115 400 193 451 terra
210 400 239 450 et
259 388 362 449 altrice
379 388 443 466 ipsa
460 386 545 445 humo
562 394 591 444 et
606 385 770 445 humatione
790 382 876 442 etiam
892 376 1015 451 cedere,
1038 391 1129 454 quem

117 491 227 534 morem
244 473 418 533 etiamnunc
434 469 540 530 durare
558 469 633 547 apud
651 465 809 528 Germanos
825 465 899 524 scio.

88 566 106 620 9
181 559 211 618 5.
236 554 298 636 (5.)
320 554 451 615 Donatus
468 563 514 613 cst
530 571 566 613 ea
590 552 622 612 h.
641 552 754 612 Siccius
776 549 918 608 Dentatus
934 541 1038 618 semel,
1062 557 1128 600 cnm

117 641 225 700 ciuicas
242 638 474 719 quattuordecim
496 637 650 697 meruisset
665 634 923 713 depugnassetque
946 637 1014 686 cxx
1039 640 1129 703 proe-

116 723 163 784 liis
181 740 299 801 semper
320 722 424 782 victor.
457 729 535 780 tanto
553 721 645 781 rarius
664 727 710 778 est
730 724 912 778 servatorem
928 727 1011 770 uuum
1027 725 1045 767 a
1062 725 1156 767 ser-s

116 810 190 868 uatis
206 807 317 868 donari.
351 805 464 885 quidam
479 807 671 882 imperatores
689 811 719 862 et
733 801 852 879 saepius
867 795 965 858 donati
980 801 1055 868 sunt,
1076 809 1130 850 vc-

117 891 169 951 lati
187 889 217 950 Ρ.
234 889 341 949 Decius
360 888 423 949 llus
445 888 575 948 tribunus
596 887 715 947 militum
742 885 779 945 ab
802 882 954 955 exercitu,
977 876 1070 936 altera
1092 873 1131 933 ab

117 974 162 1034 his
178 975 226 1051 qui
246 974 275 1032 iu
290 971 436 1051 praesidio
454 971 570 1031 obsessi
586 971 715 1046 inerant,
738 976 843 1048 quauta
860 971 942 1025 esset
956 963 1019 1020 eius
1036 958 1132 1018 hono-

117 1059 159 1117 ris
178 1056 336 1117 auctoritas
357 1055 512 1116 confessus
533 1055 692 1132 religione,
716 1050 859 1130 siquidem
880 1047 1004 1108 donatus
1021 1041 1134 1102 bovem

118 1141 213 1200 album
235 1138 320 1199 blnrti
337 1139 485 1199 inmolavit
501 1148 531 1198 et
548 1147 664 1198 centum
683 1138 780 1197 luluos
797 1134 846 1214 qui
866 1133 894 1192 ei
909 1128 1023 1189 virtutis
1041 1139 1170 1186 causato

118 1224 176 1284 dati
190 1223 305 1283 lucrant
321 1222 403 1282 simul
419 1221 455 1282 ab
475 1221 618 1281 obsessis.
651 1221 698 1281 hic
717 1219 828 1280 Decius
849 1224 1007 1294 postesse
1026 1207 1136 1270 consul

77 1316 111 1368 10
121 1306 283 1385 Imperioso
301 1305 425 1382 conlega
453 1322 507 1382 pro
531 1307 654 1365 victoria
669 1303 798 1365 deuouit.
830 1299 905 1360 Data
931 1306 978 1356 est
1000 1303 1030 1354 ει
1050 1309 1134 1354 ase·

118 1399 184 1450 natu
208 1389 378 1469 populoque
399 1389 547 1465 Romano,
569 1405 625 1467 qua
645 1387 780 1448 claritate
802 1384 872 1444 nihil
888 1380 1025 1461 equidem
1040 1379 1070 1438 in
1084 1393 1135 1436 re·

119 1473 173 1533 bus
189 1473 317 1533 humanis
338 1471 488 1532 sublimius
504 1472 596 1546 duco,
619 1470 711 1531 Fabio
730 1469 773 1530 illi
795 1469 844 1548 qui
862 1485 925 1526 rem
942 1479 1058 1524 omnem
1072 1459 1136 1521 Ro·

118 1574 228 1638 manant
254 1557 380 1616 restitnit
403 1572 460 1616 nou
485 1555 657 1635 pugnando,
682 1572 738 1613 nec
759 1553 842 1627 data,
871 1567 936 1610 cum
961 1547 1136 1623 magistrum
1146 1559 1170 1602 ts

119 1643 245 1718 equitum
261 1649 290 1699 et
309 1641 470 1700 exercitum
491 1641 554 1700 eius
573 1647 732 1700 servasset.
748 1671 791 1681 -
816 1645 884 1695 tunc
900 1632 991 1693 satius
1012 1630 1067 1690 luit
1080 1643 1136 1686 no·

118 1725 194 1782 mine
216 1740 294 1782 novo
318 1725 454 1783 coronari
478 1723 655 1802 appellatum
673 1730 785 1800 patrem
805 1718 842 1779 ab
864 1717 910 1778 his
931 1731 1008 1795 quos
1031 1727 1137 1772 serva·

118 1815 218 1882 verat,
234 1841 275 1852 —-
298 1808 351 1867 sed
367 1823 424 1883 quo
440 1807 608 1867 dictumest
625 1822 771 1866 consensu
786 1803 947 1864 honoratus
966 1807 1013 1858 εει
1026 1795 1137 1856 Hanni·

118 1889 185 1949 bale
201 1889 282 1949 ltalia
297 1889 401 1969 pulso,
423 1907 497 1969 qnae
514 1907 623 1952 corona
639 1889 734 1949 adhuc
754 1886 819 1947 sola
839 1885 932 1964 ipsius
947 1882 1052 1960 imperi
1075 1897 1137 1938 ma·

118 1970 201 2113 pibqs
216 1974 340 2050 inposita
356 1981 402 2033 est
418 1983 463 2050 et,
489 1974 568 2052 quod
582 1972 733 2052 peculiare
755 1973 782 2030 ei
802 1979 864 2045 est,
886 1968 952 2027 sola
967 1983 984 2026 a
998 1973 1063 2025 tota
1078 1961 1172 2022 lta-ao

130 2056 156 2112 ia
191 2063 247 2114 ata.
866 2105 868 2111 ,

77 2147 110 2199 11
185 2137 214 2197 6.
236 2137 299 2215 (6.)
320 2138 441 2198 Praeter
455 2139 509 2199 hos
530 2141 651 2216 contigit
666 2140 729 2198 eius
746 2153 875 2197 coronae
891 2135 987 2194 honos
1009 2129 1049 2190 bl.
1068 2127 1137 2188 Gal·

120 2221 222 2297 purnio
238 2219 384 2280 Flammae
409 2220 522 2281 tribuno
539 2223 657 2282 militum
673 2223 702 2280 in
725 2219 843 2296 Sicilia,
873 2214 1040 2280 centurioni
1063 2228 1138 2274 vero

119 2303 166 2360 uni
181 2303 216 2362 ad
232 2303 289 2363 hoc
306 2313 420 2382 tempus
439 2301 491 2363 Cn.
507 2305 625 2365 Petreio
645 2305 754 2365 Atinati
777 2301 925 2363 Cimbrico
950 2298 1046 2361 bello.
1078 2297 1138 2376 pri·

118 2403 193 2444 muru
209 2387 296 2464 pilum
313 2388 337 2445 is
355 2405 516 2464 capessens
530 2387 584 2446 sub
601 2386 703 2452 Catulo
719 2387 871 2446 exclusam
885 2384 922 2445 ab
935 2384 1025 2445 hoste
1041 2382 1171 2460 legio-aa

119 2486 183 2527 nem
198 2488 279 2530 suain
300 2470 430 2531 hortatus
447 2472 588 2531 tribunum
603 2489 684 2531 suum
699 2470 876 2531 dubitantem
894 2486 950 2547 per
966 2475 1067 2527 castra
1083 2464 1138 2526 ho·

119 2553 203 2612 stium
218 2571 372 2633 erumpere
387 2555 534 2615 interiecit
555 2555 761 2633 legionemque
782 2553 891 2614 eduxit.
922 2551 1045 2610 invenio
1061 2547 1139 2627 apud

118 2646 254 2698 auctores
271 2638 394 2699 eundern
408 2648 525 2714 praeter
540 2637 616 2697 hunc
631 2638 772 2698 honorem
793 2634 977 2698 adstantibus
993 2632 1091 2693 Mario
1110 2640 1139 2692 et

119 2714 222 2779 Gatrrlo
240 2738 318 2780 coss.
336 2730 548 2799 praetextatum
564 2722 721 2780 inmolasse
740 2719 776 2781 ad
791 2719 938 2780 tibicinem
961 2717 1068 2778 loculo
1086 2732 1137 2795 po·

78 2808 111 2859 12
126 2800 192 2858 sito.
221 2803 343 2879 Scripsit
361 2813 391 2862 et
406 2803 487 2864 Sulla
501 2805 627 2864 dictator
648 2805 684 2864 ab
705 2804 837 2864 exercitu
853 2821 887 2864 se
907 2819 1031 2881 quoque
1047 2801 1171 2863 donem

118 2890 175 2941 tum
191 2885 267 2960 apud
283 2885 388 2945 Nolam
405 2886 532 2964 legatum
549 2886 629 2948 bello
645 2886 789 2963 Marsico,
810 2887 898 2965 idque
915 2887 1007 2946 etiam
1021 2887 1051 2946 iu
1068 2885 1138 2945 villa

118 2981 169 3022 sua
185 2963 363 3042 Tusculana,
383 2986 458 3047 quae
482 2970 534 3030 luit
548 2978 653 3046 postea
677 2969 847 3046 Ciceronis,
873 2971 980 3049 pinxit.
1017 2969 1097 3049 quod
1113 2969 1138 3028 si

117 3056 299 3124 temneat,
328 3048 385 3108 hoc
411 3051 673 3112 exsecrabiliorem
698 3073 764 3114 eum
785 3055 925 3130 dixerim,
951 3049 1136 3131 quandoqui-

117 3129 182 3188 dem
208 3147 270 3188 cam
299 3131 386 3207 capiti
412 3151 464 3191 suo
485 3132 704 3214 proscriptione
729 3157 779 3198 sua
808 3140 873 3216 ipse
899 3138 1031 3198 detraxit
1057 3145 1136 3197 tanto

115 3211 301 3288 paucioribus
336 3213 439 3274 civium
470 3219 595 3277 servatis
626 3238 711 3297 quam
740 3231 846 3299 postea
874 3221 997 3282 occisis,
1050 3221 1168 3282 adlatas

117 3295 268 3353 etiamnum
288 3293 354 3389 huic
378 3294 490 3390 gloriae
515 3301 676 3378 superbum
700 3321 864 3382 cognomen
893 3303 1050 3382 Felicem,
1073 3307 1137 3384 ipse

116 3384 210 3473 tamen
226 3375 360 3471 obsessus
377 3394 405 3433 rn
426 3386 487 3438 toto
504 3382 577 3442 orbe
595 3388 770 3465 proscriptis
788 3389 844 3450 hac
867 3406 981 3449 corona
1000 3389 1136 3450 Sertorio

75 3465 108 3523 13
120 3467 218 3517 cestii·
255 3456 445 3518 Aemilianum
460 3479 577 3542 quoquc
592 3469 762 3550 Scipionem
778 3472 874 3534 Varro
890 3481 999 3533 auctor
1018 3482 1067 3534 est
1086 3472 1131 3534 do·
