2396 3900
130 241 190 302 100
458 249 488 298 G·
506 247 603 297 PLINI
618 247 770 298 sncunnl

128 415 219 470 status
233 405 319 485 blago
336 407 447 466 censuit
466 405 524 466 boc
546 403 668 466 exordio
693 411 853 482 praecepta
872 402 1002 482 pandere
1019 403 1152 480 ingres·

129 510 194 568 sus,
215 499 357 551 attamen
374 490 513 569 adpareat
528 489 729 550 adsiduitatem
743 486 937 550 desideratam
951 486 988 548 ab
1004 503 1056 548 ec.
1099 485 1151 565 [41

86 585 121 640 36
133 576 245 636 Dehinc
264 575 367 654 peritia
390 575 541 636 vilicorum
561 575 590 634 in
605 591 674 634 cura
698 570 831 634 habenda
849 581 909 648 est,
931 571 1088 650 multaque
1106 569 1152 630 de

129 661 173 720 his
190 657 263 720 (lato
282 661 443 739 praecepit.
472 658 556 719 nobis
574 659 645 720 eatis
666 658 704 718 sit
725 657 834 718 dixisse
855 675 947 736 quam,
960 672 1154 735 proxumum

128 745 244 805 domino
271 745 361 804 corde
377 762 445 806 csse
469 743 580 804 debere
598 752 628 804 et
647 752 743 804 tamen
764 741 935 820 sibimetipsi
946 739 1013 800 'non
1029 739 1178 801 uideri-s

128 829 187 889 coli
202 846 268 888 rura
285 826 322 888 ab
349 828 504 906 ergastulis
526 845 692 907 pessumum
715 835 763 888 est
786 837 816 886 et
840 825 977 906 quidquid
996 826 1103 903 agitur
1133 840 1154 884 a

128 911 359 992 desperantibus.
384 914 568 974 temerarium
583 913 714 973 rideatur
732 929 816 972 unam
830 927 936 972 vocem
950 911 1153 989 antiquorum

129 999 282 1076 posuisse,
309 1005 339 1056 et
353 997 488 1057 fortassis
507 996 679 1058 incredibile
694 996 809 1075 penitas
825 999 1007 1056 aestimetur:
1038 993 1153 1054 nihil

86 1083 247 1146 aiminus
265 1081 448 1159 expedire
463 1099 563 1161 quam
577 1098 700 1160 agrum
715 1089 861 1160 optume
876 1080 1017 1141 colere.
1035 1077 1069 1140 b.
1086 1077 1152 1139 'l'a-

128 1167 187 1226 rius
199 1164 291 1226 lluius
305 1166 400 1226 iulimu
412 1166 547 1226 natalium
559 1166 718 1228 humilitate
731 1165 911 1228 consulatum
925 1165 1044 1226 militari
1055 1163 1152 1224 indu·
1164 1182 1191 1224 m

130 1251 198 1310 stria
212 1250 341 1325 meritus,
358 1252 492 1330 antiquae
506 1251 577 1312 alias
593 1251 798 1330 parsimoniae,
815 1251 933 1311 circiter
944 1249 1063 1309 miliens
1080 1247 1150 1309 Hs.

129 1333 302 1394 liberalitate
320 1335 378 1394 divi
391 1333 516 1412 Augusti
532 1343 702 1413 congestum
717 1353 810 1414 nsque
835 1335 871 1396 ad
892 1334 1151 1396 detractationem

128 1417 246 1478 heredis
262 1418 396 1479 exhausit
421 1436 510 1497 agros
535 1421 563 1478 in
588 1419 696 1480 Piceno
716 1420 879 1481 coemendo
901 1418 1099 1498 colendoque
1118 1418 1152 1478 in

128 1502 261 1579 gloriam.
300 1503 519 1564 internicionem
542 1522 616 1583 ergo
638 1494 801 1584 iam'emque
827 1499 1003 1564 censemus?
1035 1503 1149 1579 immo,

86 1586 281 1664 aellermtes,
297 1588 412 1649 modum
432 1588 557 1649 iudicem
578 1607 675 1649 rerum
696 1591 819 1650 omnium
833 1589 1024 1649 utilissimum.
1055 1586 1147 1649 benc
1161 1607 1188 1650 rs

129 1671 230 1732 colere
257 1674 455 1734 necessarium
481 1683 543 1750 est,
576 1682 694 1752 optume
720 1673 896 1734 damnosum.
928 1680 1151 1751 praeterquam

130 1755 251 1833 subole,
277 1773 331 1818 suo
359 1759 466 1818 colono
492 1767 540 1819 aut
564 1756 719 1836 pascendis
744 1758 854 1837 alioqui
877 1757 994 1817 colente
1017 1756 1149 1817 domino

128 1839 241 1920 aliquas
258 1842 363 1901 messis
387 1841 530 1920 colligere
550 1860 609 1903 non
629 1842 764 1921 expedit,
791 1843 815 1902 si
836 1850 1011 1921 conputetur
1032 1843 1150 1921 inpen-

128 1925 203 1985 dium
220 1941 347 2004 operae,
376 1943 432 1986 nec
447 1935 558 1986 temere
573 1927 695 2002 olivam,
724 1945 780 1987 nec
797 1927 936 2007 quasdam
951 1935 1047 1986 terras
1075 1927 1148 1987 dili·

127 2017 233 2086 genter
249 2008 361 2085 colere,
381 2010 457 2069 sicut
472 2011 500 2069 in
512 2011 613 2073 Sicilia
627 2011 751 2086 tradunt,
766 2012 864 2090 itaque
880 2010 978 2089 decipi
993 2010 1146 2072 advenas.
1156 2026 1184 2067 sc

86 2101 120 2155 ³9
191 2090 254 2172 (8.)
274 2093 315 2172 [ll
334 2093 464 2168 Quonam
487 2096 574 2173 igitur
601 2094 687 2156 modo
713 2095 866 2156 utilissime
893 2095 1028 2156 colentur
1049 2093 1147 2173 agri‘l

129 2195 167 2236 er
181 2177 300 2237 oraculo
323 2178 452 2239 scilicet:
474 2180 581 2242 malis
602 2180 717 2241 bonis.
744 2180 797 2240 sed
815 2179 932 2242 delendi
946 2196 1079 2257 aequom
1096 2189 1149 2241 est

128 2260 238 2322 abacos
260 2264 309 2341 qui
328 2265 496 2342 praeceptis
516 2265 576 2326 suis
597 2282 780 2343 prospexere
796 2265 886 2344 vitae.⁴
927 2281 1052 2343 namque
1074 2283 1147 2325 cum

129 2344 260 2405 dicerent
288 2347 408 2423 mulis,
434 2347 613 2426 intellegere
638 2348 761 2409 voluere
790 2349 957 2409 vilissimos.
993 2366 1147 2409 summum

128 2429 329 2508 providentiae
352 2430 468 2492 illorum
491 2431 543 2492 luit
564 2440 596 2492 ut
620 2450 705 2511 quarn
726 2435 877 2494 minumum
900 2443 981 2493 esset
1003 2434 1182 2512 inpendire

128 2515 350 2594 praecipiebant
367 2517 441 2576 enim
463 2517 518 2577 ista
534 2516 582 2595 qui
599 2517 788 2596 triumphales
804 2518 894 2580 denas
909 2521 1024 2595 argenti
1044 2517 1148 2580 libras

129 2600 157 2658 in
178 2599 363 2678 supellectile
382 2601 491 2660 crimini
512 2599 632 2676 dabant,
659 2603 707 2679 qui
725 2611 838 2663 mortuo
859 2602 947 2662 vilico
964 2603 1146 2682 relinquere

129 2683 266 2744 victorias
282 2690 311 2743 et
323 2685 434 2744 reverti
448 2685 476 2743 in
490 2702 556 2745 rura
572 2703 624 2746 sua
638 2686 840 2765 postulabant,
868 2704 990 2766 quorum
1012 2687 1147 2748 heredia

129 2767 253 2828 colenda
267 2767 446 2846 suscipiebat
466 2787 515 2829 res
531 2769 663 2848 publica,
691 2773 898 2852 exercitusque
919 2771 1070 2833 ducebant
1094 2791 1145 2832 se-

86 2857 195 2912 aonam
228 2850 285 2911 illis
313 2852 459 2915 vilicante.
506 2851 579 2915 lude
602 2854 652 2916 illa
675 2856 788 2934 reliqua
815 2855 950 2918 oracula:
977 2869 1180 2937 nequamtt

128 2935 335 3012 agricolam
358 2955 443 2998 esse
467 2939 640 3018 quisquis
657 2950 797 3002 emeret
813 2941 908 3020 quod
926 2951 1145 3020 praestare

130 3020 162 3078 ei
188 3019 317 3079 fundus
342 3031 491 3100 posset,
517 3025 647 3085 malum
674 3033 813 3104 patrem
840 3027 1005 3087 familias
1031 3029 1143 3106 quis·

1 3134 2 3149 κ
128 3104 213 3182 quis
234 3105 398 3167 interdiu
420 3107 679 3188 laceretquod
699 3120 811 3171 noctu
830 3120 982 3191 posset,
1011 3113 1144 3172 nisiin

127 3196 362 3268 tempestate
382 3192 498 3269 caeli,
522 3195 686 3273 peiorem
709 3196 769 3274 qui
793 3197 979 3274 profestis
1000 3196 1144 3257 diebus

129 3276 376 3354 ageretquod
398 3276 741 3355 feriatisdeberet,
770 3282 1055 3360 pessumumqui
1080 3297 1175 3342 scs-sc

128 3372 218 3417 reno
249 3359 308 3420 die
336 3360 399 3421 sub
430 3370 532 3422 tecto
565 3365 696 3441 potius
727 3376 952 3443 operaretur
975 3383 1083 3444 quam
1104 3367 1143 3426 in

86 3443 228 3515 llagro.
259 3443 299 3523 {a}
317 3443 441 3525 Nequeo
460 3445 528 3506 mibi
549 3456 715 3527 temperare
737 3468 794 3529 quo
814 3451 906 3511 minus
925 3469 1012 3510 uuum
1035 3469 1141 3511 exen-

129 3520 207 3598 plum
222 3529 398 3606 antiquitatis
415 3529 545 3592 adieram
563 3552 601 3594 ex
616 3549 674 3614 quo
689 3534 820 3613 intellegi
835 3537 930 3615 possit
945 3535 1022 3616 apud
1040 3553 1141 3616 popu·
