2396 3900
139 191 180 256 82
487 204 517 254 e.
533 205 628 254 nunu
645 201 794 254 sacuam

141 370 276 440 quattuor
287 379 419 438 gemmae
435 361 592 423 obruuntur
609 363 645 423 ad
665 363 792 423 radicem
815 360 1003 440 capiendam,
1022 367 1111 418 extra
1127 358 1160 416 in

99 455 150 506 205
164 446 261 525 capite
277 443 362 506 binae
376 446 562 507 relincuutur.
594 447 660 507 vitis
675 448 704 506 in
722 445 840 506 arbusto
856 453 994 523 quattuor
1010 442 1110 522 pedes
1127 443 1159 500 in

143 531 233 607 longo
250 539 373 606 constat,
390 533 466 590 omni
483 531 566 592 snlco
581 533 633 591 tris
649 530 719 607 lato,
733 530 794 590 alto
809 529 883 589 duos
899 547 963 589 cum
982 526 1159 605 semipede,

140 622 208 692 post
226 631 327 674 annum
344 632 477 694 propago
497 616 631 675 inciditur
651 615 687 674 ad
703 613 874 688 medullam,
897 622 927 673 ut
947 611 1090 691 paulatim
1107 627 1157 668 ra·

141 697 251 758 dicibus
266 700 325 758 suis
342 698 505 760 adsuescat.
537 698 628 759 caulis
646 716 661 758 a
684 700 779 778 capite
801 698 837 758 ad
858 699 929 762 duas
953 713 1089 773 gemmas
1106 711 1182 754 re=s

141 781 261 858 ciditur,
286 785 371 843 tertio
387 792 462 844 totus
476 802 593 861 mergus
609 782 766 844 absciditur
785 783 996 861 reponiturque
1017 779 1111 840 altius
1127 779 1159 836 in

141 875 264 943 terram,
288 885 324 928 ne
348 886 385 927 ex
407 869 504 928 reciso
526 867 669 928 frondeat.
705 867 769 928 tolli
790 866 942 926 viveradix
963 883 979 924 a
1001 863 1157 924 vindemia

98 952 293 1029 adoprotinus
322 951 419 1012 debet.
462 953 519 1031 [24]
550 951 651 1030 Nuper
677 960 825 1030 repertum
856 951 1015 1010 draconem
1044 963 1158 1008 serere

140 1037 217 1094 iuxta
233 1035 384 1112 arborem,
400 1070 441 1082 -
457 1038 496 1096 ita
511 1035 693 1116 appellamus
716 1035 863 1115 palmitem
883 1034 1036 1093 emeritum
1059 1032 1156 1110 pluri·

139 1117 253 1197 busque
274 1119 433 1181 induratum
450 1122 541 1196 anuis,
563 1153 605 1164 -
624 1119 699 1180 lrunc
720 1120 885 1198 praecisum
908 1135 993 1197 quam
1013 1132 1190 1176 maxumam

140 1203 338 1281 amplitudine,
354 1205 445 1265 tribus
462 1204 590 1284 partibus
605 1203 792 1282 longitudinis
808 1203 914 1264 deraso
931 1202 1058 1278 cortice,
1078 1218 1154 1279 qna·

141 1295 225 1346 tenus
250 1286 404 1363 obruatur,
426 1289 501 1349 unde
525 1298 555 1348 et
577 1289 695 1349 rasilem
714 1297 837 1363 vocant,
859 1285 1026 1366 deprimere
1052 1285 1154 1360 sulco,

141 1368 254 1448 reliqua
269 1381 352 1449 parte
368 1372 404 1433 ad
420 1373 554 1434 arborem
570 1383 681 1448 erecta,
700 1373 865 1433 ocissimum
881 1373 910 1430 in
926 1371 996 1430 vite.
1033 1370 1064 1430 Si
1081 1386 1154 1446 gra·

142 1454 205 1515 cilis
221 1455 257 1515 sit
272 1456 339 1514 vitis
354 1466 402 1516 aut
417 1466 505 1534 terra,
521 1458 653 1530 usitatum
667 1465 713 1516 ast
727 1474 809 1536 qaam
827 1473 969 1534 proxume
985 1455 1083 1514 solum
1101 1453 1154 1513 de·

142 1537 215 1616 cidi,
231 1539 326 1599 donec
341 1541 469 1602 firmetur
485 1541 585 1618 radix,
608 1543 791 1619 siculaeque
806 1539 951 1601 roscidam
973 1540 1034 1598 seri
1050 1554 1153 1616 neque
1163 1552 1187 1593 rs

141 1640 157 1682 a
172 1626 379 1701 septentrionis
395 1625 474 1686 llatu.
500 1627 575 1686 vites
591 1625 756 1704 aquilonem
772 1633 909 1703 spectare
925 1622 1038 1684 debent
1053 1624 1153 1701 ipsae,

98 1715 150 1770 aot
162 1706 294 1785 palmites
310 1717 406 1770 autem
424 1728 521 1770 earum
537 1709 694 1772 meridiem.
728 1709 786 1789 [aa]
808 1707 874 1768 Non
891 1716 937 1768 est
951 1706 1153 1769 festinandum

142 1789 178 1850 ad
194 1793 371 1870 putationem
391 1793 544 1870 novellae,
562 1793 615 1854 sed
630 1794 722 1873 primo
738 1796 766 1853 in
784 1792 911 1853 circulos
927 1792 1069 1852 materies
1088 1789 1152 1850 col·

143 1874 275 1951 ligeuda,
296 1894 351 1935 nec
372 1878 427 1939 nisi
447 1877 559 1938 validae
578 1879 688 1956 putatio
709 1877 907 1952 admovenda,
932 1877 1051 1936 seriore
1073 1891 1152 1934 anno

143 1958 205 2018 iere
223 1959 259 2019 ad
274 1959 397 2020 fructum
413 1960 528 2022 arbusta
544 1963 603 2021 vite
628 1980 711 2042 quam
728 1964 836 2040 iugata.
870 1970 935 2020 sunt
956 1963 1006 2038 qui
1032 1961 1194 2021 omninoar.

144 2044 237 2117 putari
269 2052 364 2103 vetant
395 2047 560 2124 priusquam
589 2044 723 2106 arborem
753 2045 934 2124 longitudine
963 2045 1150 2123 aequaverit.

144 2126 234 2185 Prima
250 2127 326 2188 falce
341 2147 396 2188 sax
415 2129 508 2209 pedes
527 2148 543 2189 a
559 2138 637 2190 terra
653 2129 816 2206 recidatur,
842 2128 962 2208 flagello
986 2129 1064 2188 inira
1083 2128 1150 2188 reli·

144 2218 191 2269 cto
208 2219 237 2270 et
252 2213 332 2271 nasei
348 2223 452 2274 coacto
467 2215 665 2274 incurvatione
688 2214 839 2274 materiae.
871 2223 932 2274 tres
953 2213 983 2272 ei
1000 2229 1150 2290 gemmae,

101 2302 220 2356 menon
241 2297 377 2374 amplius,
400 2297 540 2376 deputato
563 2299 718 2376 supersint.
756 2316 796 2358 ex
818 2298 863 2358 bis
884 2299 984 2358 emissi
1011 2298 1151 2376 palmites

143 2394 285 2455 proxumo
298 2399 371 2440 anuo
383 2383 446 2441 imis
459 2382 625 2458 ingerantur
640 2383 776 2457 scamnis,
789 2400 825 2442 ac
840 2400 895 2461 per
907 2382 1043 2458 singulos
1059 2397 1193 2442 annosas*

143 2460 179 2521 ad
194 2466 347 2542 superiora
363 2464 512 2539 scandant,
528 2465 633 2524 relicto
648 2484 766 2544 semper
781 2466 951 2527 duramento
972 2468 1002 2525 in
1026 2465 1150 2544 singulis

142 2544 278 2608 tabulatis
300 2559 329 2608 et
350 2550 500 2608 emissario
522 2565 579 2608 uuo
602 2550 650 2626 qui
672 2550 776 2611 subeat
796 2568 890 2628 usque
913 2567 972 2628 quo
991 2549 1149 2628 placuerit

143 2629 180 2689 da
197 2641 298 2692 cetero
313 2632 460 2711 putatione
478 2634 553 2692 omni
569 2632 686 2710 flagella
704 2652 779 2712 quae
798 2651 941 2713 proxume
955 2633 1090 2694 tulerunt
1105 2650 1149 2692 re·

142 2713 289 2792 addantur,
312 2733 386 2775 nova
410 2717 587 2776 circumcisis
607 2717 734 2797 undique
756 2719 905 2796 capreolis
927 2727 1110 2796 spargantur
1123 2719 1150 2775 in

142 2793 287 2858 tabulatis.
312 2799 477 2860 Vernacula
493 2802 602 2878 putatio
618 2801 741 2861 deiectis
758 2819 812 2880 per
826 2819 924 2862 ramos
940 2803 1043 2862 vitium
1064 2802 1147 2862 crini·
1157 2816 1180 2858 ao

140 2874 196 2937 bus
218 2883 413 2943 circumvestit
434 2884 569 2944 arborem
590 2887 735 2965 crinisque
759 2887 841 2964 ipsos
867 2887 947 2962 uvis,
977 2885 1096 2946 Gallica
1119 2887 1149 2944 in

139 2962 276 3026 traduces
292 2969 463 3045 porrigitur,
487 2968 629 3028 Aemiliae
645 2970 712 3030 viae
730 2971 759 3028 in
776 2969 883 3029 ridicas
896 2970 1053 3030 atiniarum
1073 2971 1149 3030 amb·

96 3046 218 3125 accitu,
240 3051 370 3111 frondem
392 3069 489 3112 earum
508 3053 633 3130 lugiens.
666 3053 725 3132 [26]
746 3052 799 3112 Est
815 3053 997 3131 quorundam
1013 3055 1149 3133 inperitia

141 3130 195 3190 sub
211 3152 291 3195 ramo
306 3137 394 3196 vitem
408 3137 524 3197 vinculo
540 3137 746 3215 suspendendi,
763 3137 924 3198 suffocante
938 3138 1055 3198 iniuria.
1081 3157 1147 3198 con-

139 3212 227 3276 tineri
243 3220 332 3280 debet
346 3221 467 3296 vimine,
490 3238 547 3280 uon
562 3222 658 3281 artari.
678 3253 720 3264 —
740 3222 808 3300 quin
826 3222 912 3281 immo
929 3223 1018 3282 etiam
1043 3223 1179 3302 quibusas

140 3297 250 3362 salices
264 3313 419 3381 supersunt
432 3304 566 3365 molliore
582 3306 639 3365 lroc
655 3304 772 3366 vinculo
794 3305 894 3366 lacere
914 3306 1026 3367 malunt
1044 3307 1148 3368 herba·
1186 3313 1192 3320 '

141 3394 199 3455 que
221 3388 312 3448 Sieuli
333 3406 415 3468 quam
436 3399 541 3449 vocant
562 3387 813 3470 ampelodesmon,
840 3389 964 3450 Graecia
988 3408 1067 3451 vero
1090 3391 1148 3451 uni·

140 3475 229 3528 versa
250 3472 352 3549 iunco,
370 3487 496 3550 cypero,
519 3473 596 3533 ulva.
612 3506 654 3520 -
671 3471 792 3533 liberata
813 3491 931 3553 quoque
954 3475 1081 3536 vinculo
1097 3491 1149 3555 per
