2430 3896
288 238 371 286 nnn.
389 237 481 286 susan.
497 237 569 284 xvr.
588 233 633 288 ao.
657 219 811 306 (to-66.)
979 224 1019 286 31

51 397 241 476 obsequiumque
253 411 314 472 quo
323 393 413 456 libeat
425 392 502 454 lecti
511 393 666 454 calefacto.
679 391 983 455 Differentiasiaciunt
991 401 1021 454 et

49 483 97 546 lolia
110 498 158 540 nou
170 477 258 540 modo
271 478 463 554 multitudine,
479 496 579 538 verano
595 487 626 538 et
639 479 750 540 colore.
773 480 852 542 varia
866 475 1019 540 Laconicis

49 579 69 628 et
81 566 112 626 ab
126 567 174 625 ima
185 571 268 642 parte
290 562 444 637 densiora,
461 562 555 640 qualis
571 563 600 622 in
619 571 709 624 totum
727 565 805 624 circa
821 571 924 640 stagna
940 563 1020 639 gigni

49 659 121 732 potant
132 647 273 709 dissimilis
293 647 422 723 amnicis,
439 646 593 726 longisque
610 648 711 708 vestiri
735 647 815 708 loliis
826 647 987 732 spatiosius
1003 664 1020 706 a

32 736 102 796 ssoio
113 733 262 794 scandente
282 732 440 810 conplexu.
470 729 524 791 list
541 740 571 792 ct
593 730 712 811 obliqua
727 730 874 806 harundo,
898 749 955 790 non
969 731 999 790 in
1011 737 1062 796 167

47 818 211 880 excelsitatem
225 833 365 893 nascens,
383 815 436 879 sed
451 815 529 878 iuxta
541 824 649 878 terram
660 816 774 878 fruticis
787 815 873 876 modo
888 834 921 876 se
936 833 1019 894 spar-

47 922 109 981 gens,
129 901 298 963 suavissima
323 902 353 960 in
376 901 530 962 teneritate
553 901 732 962 animalibus.
769 908 892 962 vocatur
914 919 931 960 a
955 901 1018 978 qni·

47 987 134 1046 bssdsm
161 985 268 1063 elegia.
320 983 375 1046 Est
401 986 484 1046 etin
509 983 593 1046 ltalia
619 1002 745 1046 nascens
770 985 877 1046 adarca
903 987 1019 1045 nomine

46 1070 147 1150 pdmtn's
162 1087 198 1130 ex
214 1071 348 1146 cortice,
364 1078 472 1130 tuntum
488 1069 543 1130 suh
560 1070 624 1148 ipsa
641 1087 740 1147 coma,
758 1071 909 1131 utilissima
925 1069 1018 1130 denti·

27 1156 94 1227 obss,
112 1156 236 1233 moniam
259 1156 306 1214 vis
330 1153 432 1216 eadem
453 1163 499 1214 est
514 1171 588 1232 quae
606 1155 709 1233 sinapi.
747 1154 792 1215 De
810 1153 997 1215 Orchomenii
1010 1161 1062 1219 168

47 1239 101 1299 lamo
120 1239 313 1299 harundinetis
341 1240 505 1299 accuratius
529 1237 585 1298 dici
613 1241 693 1316 cogit
715 1239 866 1301 admiratio
889 1240 1017 1318 antiqua.

48 1323 162 1384 ohnoian
179 1322 329 1384 uocabant
355 1323 530 1384 crassiorem
554 1322 784 1403 firmioremque,
812 1323 924 1400 plotian
943 1340 1017 1384 vero

48 1405 202 1484 subtiliorem,
226 1408 305 1468 hunc
320 1409 350 1468 in
364 1407 466 1468 insulis
482 1406 656 1469 iluitantibus
671 1417 783 1484 natam,
805 1407 927 1468 illumin
944 1408 1017 1485 ripis

48 1491 197 1569 exspatiantis
211 1491 308 1552 lacus.
344 1493 431 1552 tertia
448 1500 493 1551 est
508 1490 638 1552 harundo
654 1492 760 1553 tibialis
777 1491 891 1566 calami,
906 1508 994 1571 quem
1009 1500 1060 1556 169

29 1574 156 1635 auleticon
169 1575 317 1637 dicebant.
347 1593 425 1637 nono
441 1576 489 1636 hio
507 1593 582 1636 anno
597 1576 782 1637 nascebatur.
811 1594 875 1636 nano
890 1584 919 1635 et
935 1576 1018 1636 lacus

48 1658 184 1722 incrementa
210 1661 269 1721 boo
294 1661 438 1740 temporis
460 1662 556 1738 spatio
580 1660 734 1736 servabat,
763 1659 967 1739 prodigiosus,
993 1662 1019 1719 si

48 1743 128 1818 quando
140 1744 356 1823 amplitudinem
370 1746 487 1806 biennio
500 1745 691 1822 extendisset,
708 1744 786 1824 quod
797 1753 926 1804 notatum
941 1743 1019 1822 apud

48 1822 199 1889 chaeroniam
214 1830 344 1890 infausto
360 1828 581 1890 Atheniensium
598 1837 627 1890 et
647 1847 749 1908 saepe.
778 1828 952 1889 Lebadiaiii
965 1845 1017 1888 vo·

48 1919 101 1970 ortus
109 1912 237 1974 induente
246 1912 390 1993 Cephiso.
426 1932 489 1974 cnm
501 1915 589 1991 igitar
601 1931 675 1975 annu
689 1914 848 1992 permansit
859 1913 1016 1988 inundatio,

28 1994 163 2069 aprodoiunt
175 1999 203 2056 in
219 1999 441 2078 aucupatoriam
457 2015 575 2079 quoque
585 1999 811 2077 amplitudinem.
840 1998 1019 2058 vocabantur

48 2080 154 2156 umgitae.
182 2093 285 2144 contra
300 2083 476 2158 bombyciae
492 2085 629 2143 maturius
646 2083 804 2162 reciproco
819 2084 959 2161 graciles,
975 2082 1017 2141 ie·

47 2162 147 2224 nisurum
160 2167 264 2228 latiore
280 2167 356 2229 iulio
372 2176 460 2246 atque
478 2167 665 2243 candidiore,
686 2167 801 2228 modica
817 2168 953 2245 lanugine
970 2174 1020 2227 aut

48 2248 128 2308 onnino
141 2251 215 2312 nulla
231 2251 396 2331 spadonum
410 2253 526 2312 nomine
543 2253 714 2330 insignibus.
751 2251 825 2312 llinc
847 2260 930 2312 erant
951 2270 995 2311 ar·
1010 2257 1060 2317 170

47 2342 151 2394 mneuuu
170 2336 205 2396 ad
221 2336 357 2397 inclusos
379 2345 498 2411 cantus,
525 2354 584 2396 non
604 2336 718 2397 silendo
740 2345 769 2396 et
791 2336 906 2414 reliquo
930 2353 1017 2395 curae

29 2413 159 2494 ammodo,
173 2429 203 2479 ut
214 2423 303 2482 venia
316 2422 353 2480 sit
365 2430 489 2498 argento
504 2422 669 2500 lampetius
685 2423 758 2482 cani.
782 2421 866 2482 caedi
883 2419 1019 2480 solebant

48 2502 198 2576 tempestivae
214 2525 310 2584 usque
324 2504 361 2566 ad
375 2506 581 2583 Antigeniden
595 2505 752 2581 tibicinem,
769 2523 833 2565 oum
845 2504 940 2564 adbuc
951 2505 1016 2563 sino-

48 2578 93 2656 plici
103 2589 201 2650 musica
216 2599 381 2665 uterentur,
396 2590 448 2651 sub
467 2599 593 2651 arcturo.
626 2591 669 2650 sic
693 2598 884 2669 praeparatae
906 2586 1018 2666 aliquot

48 2674 92 2739 titt
104 2686 182 2732 annos
203 2675 293 2735 utiles
315 2691 383 2734 esse
405 2675 599 2753 incipiebant,
622 2683 690 2734 tunc
707 2690 825 2754 quoqne
840 2673 928 2734 multa
944 2672 995 2732 do·
1011 2679 1059 2735 171

21 2817 22 2842 ἦ
48 2751 133 2846 naulae
147 2760 358 2820 exercitatione
380 2768 410 2819 et
431 2777 539 2821 canere
555 2759 643 2820 tibiae
664 2761 748 2838 ipsae
763 2759 927 2834 docendae,
947 2774 1016 2816 con·

21 2839 195 2910 promentibus
214 2861 249 2904 se
273 2843 408 2922 lingulis,
426 2843 584 2924 quoderat
606 2845 666 2904 illis
687 2843 865 2904 theatrorum
888 2841 1018 2902 moribus

48 2916 123 2980 uilius.
146 2936 300 3007 postquam
311 2930 439 2990 varietas
456 2930 583 2990 accessit
599 2939 629 2989 et
645 2938 746 2989 cantus
761 2945 878 3008 quoque
894 2927 1017 3002 luxuria,

49 3003 105 3064 uoti
117 3018 174 3070 aute
190 3013 315 3074 solstitia
329 3023 454 3092 coeptae
470 3022 501 3074 et
515 3014 579 3074 lieri
590 3013 677 3073 utiles
687 3014 715 3072 in
727 3016 852 3090 trimatu,
863 3012 1017 3090 apertiori·

49 3079 83 3142 bno
101 3107 182 3155 earam
202 3098 321 3176 lingulis
344 3092 379 3160 ad
402 3098 565 3160 flectendos
587 3115 694 3174 sonos,
720 3117 796 3178 quae
822 3099 888 3157 inde
906 3105 971 3155 sant
988 3103 1018 3154 et

49 3162 116 3232 totto
140 3181 258 3242 sedtum
271 3201 309 3243 ex
324 3202 375 3245 sua
388 3201 532 3264 quamque
544 3192 650 3244 tantum
663 3182 821 3244 harundine
834 3197 998 3259 congruere
1009 3184 1060 3240 lib

30 3257 178 3352 ilttauasum
200 3277 280 3345 erat,
303 3278 416 3329 etcum
437 3287 513 3348 quae
536 3270 665 3329 radicem
687 3275 889 3328 antecesserat
912 3266 1016 3325 laevae

49 3333 111 3400 idlae
121 3352 281 3431 convenire,
298 3369 373 3430 quae
386 3370 525 3413 cacumen
542 3355 693 3428 dexterae,
706 3354 864 3413 inmensum
880 3357 1016 3429 qnantum

52 3424 152 3493 inclutis
168 3452 236 3513 quas
256 3439 323 3516 ipse
342 3435 486 3516 Cephisos
506 3438 656 3498 abluisset.
692 3456 768 3499 nunc
790 3435 942 3498 sacrificae
958 3431 1014 3492 Tu-

51 3517 133 3572 ¹i⁰ttn
147 3533 162 3574 e
176 3516 267 3599 buxo,
291 3521 420 3582 ludicrae
442 3539 514 3582 vero
536 3541 552 3582 e
574 3522 637 3583 loto
654 3522 829 3600 ossibusque
852 3518 969 3580 asininis
986 3524 1016 3576 et
