2396 3922
210 257 646 312 usr.u1su.xxv.11-13.
671 248 824 326 (ιι-ιι.)
977 247 1021 311 oa
1133 249 1137 256 '

51 413 110 477 chia.
142 411 338 487 thryselinum
362 422 478 474 estnon
493 413 630 472 dissimile
645 413 722 492 apio.
760 415 937 475 huiusradix
952 431 1021 475 con·

49 495 196 558 manducata
212 507 314 574 purgat
330 499 434 575 capitis
448 498 573 576 pituitas.

88 578 143 642 lt.
174 580 255 658 (91.)
284 581 439 640 Oculorum
471 581 562 641 aciem
589 583 735 641 centaurio
765 583 874 642 maiore
901 589 1065 660 potentian
1171 594 1177 612 ·

47 665 173 738 adiuuari,
194 665 218 722 si
234 662 327 724 addita
344 681 416 742 aqua
436 664 603 740 foveantur,
629 682 700 724 suco
721 683 793 724 vero
815 667 933 724 minoris
957 681 1021 724 cum

30 747 118 806 tuelle
133 747 256 823 culices,
267 747 435 823 nubeculas,
450 748 642 808 obscuritates
658 749 777 824 discuti,
800 750 953 808 cicatrices
970 767 1020 808 ex·

46 833 148 906 tenuari,
166 830 326 906 albugines
334 831 449 909 quidem
462 833 547 891 etiam
561 834 749 892 iumentorum
766 832 924 891 sideritide.
956 849 1022 890 uam

46 913 196 974 chelidonia
210 932 298 992 supra
312 914 397 974 dictis
411 915 542 976 omuibus
556 917 627 974 mire
641 915 780 975 medetur.
813 914 933 974 Parracis
946 915 1021 975 radi·

46 1015 95 1055 ceu
110 1015 171 1058 eum
187 998 306 1076 polenta
322 998 472 1078 epiphoris
494 1001 641 1076 inponunt.
670 1000 839 1074 hyoscyami
859 1015 959 1058 semen
980 997 1021 1056 bi·

44 1079 99 1140 hunt
113 1081 217 1156 obolo,
241 1082 404 1141 tantundem
419 1083 533 1141 meconi
551 1083 709 1142 adicientes
726 1084 877 1162 vinumque
898 1083 935 1142 ad
959 1082 1021 1159 epi·

21 1163 136 1242 aphorus
168 1164 346 1226 inhibendas.
389 1168 527 1242 inungunt
557 1175 586 1226 et
614 1168 772 1227 Gentianae
802 1185 901 1226 sucum
937 1181 1022 1242 quem
1089 1204 1091 1210 .
1163 1178 1166 1184 ¹

46 1247 161 1322 collyriis
178 1266 295 1332 quqque
310 1249 469 1310 acrioribus
484 1267 537 1349 prp
554 1252 833 1310 meconiomisceat.
857 1248 1067 1312 tacitum-143

42 1333 139 1391 ritatem
157 1341 187 1390 et
201 1317 429 1411 Euphorbeum'
420 1335 554 1392 inunctis.
583 1333 737 1393 instillatur
748 1334 926 1412 plantaginis
936 1347 1023 1390 sucus

41 1413 200 1512 lippitudini.
246 1416 387 1492 caligines
401 1415 590 1476 aristolochia
605 1417 735 1492 discutit
758 1416 847 1476 iberis
863 1415 1021 1492 adalligata

40 1499 121 1575 capiti.
145 1500 373 1576 quinquefolium
389 1499 546 1578 epiphoras
561 1509 590 1559 et
605 1503 629 1561 si
645 1519 700 1578 qua
716 1502 744 1558 iu
763 1501 855 1560 oculis
872 1500 940 1559 vitia
957 1507 1024 1557 sunt

16 1583 168 1642 nemendnt.
199 1584 370 1644 verbascum
386 1582 536 1660 epiphoris
551 1585 707 1660 inponitur,
722 1586 904 1662 peristereos
921 1601 959 1642 ex
975 1599 1023 1640 ro-

38 1681 114 1726 saceo
131 1666 179 1726 uel
196 1675 291 1726 aceto.
327 1667 364 1726 ad
383 1666 562 1744 hypochysis
577 1676 607 1725 ιι
623 1667 775 1744 caliginem
791 1667 973 1742 cyclaminum
993 1666 1023 1722 iu

37 1750 160 1825 pastillos
176 1750 297 1826 diluunt,
314 1749 476 1850 peucedani
490 1767 599 1826 sucum,
615 1759 645 1810 ut
655 1750 790 1825 diximus,
808 1750 843 1811 ad
856 1750 1016 1809 claritatem
1030 1768 1067 1803 sn

36 1841 61 1891 et
74 1833 215 1910 caligines
230 1851 292 1892 cum
307 1835 440 1893 meconio
457 1843 486 1892 et
500 1849 635 1894 rosaceo
662 1833 795 1960 psyllion
809 1834 918 1893 inlitum
933 1831 1025 1891 irouti

35 1917 183 1994 epiphoras
199 1917 359 1995 suspendit.
1179 1969 1181 1976 ,

16 2011 31 2054 ι
92 2001 140 2060 13.-
163 2000 251 2078 (92)
271 1999 441 2078 Anagallida
458 2000 545 2079 aliqui
561 1999 724 2061 corchorou
740 1957 854 2060 uocant
879 2001 1068 2079 dungo-144

35 2100 95 2141 uera
110 2085 191 2143 eius:
208 2101 269 2142 mas
285 2084 358 2143 llore
373 2084 547 2162 phoeniceo,
566 2085 671 2143 femina
688 2084 842 2158 caeruleo,
866 2101 924 2144 non
940 2085 1025 2146 altio·

34 2183 75 2224 res
89 2167 205 2243 palmo,
226 2167 334 2226 irutioc
347 2177 466 2244 tenero,
489 2168 569 2226 loliis
591 2167 703 2247 pusillis
723 2167 904 2243 rotundis,
895 2187 925 2228 ιιι
944 2179 1023 2228 ιιιιι

34 2248 197 2313 iacentibus.
233 2260 388 2310 nascuntur
404 2251 432 2310 in
448 2251 538 2310 hortis
553 2260 582 2310 ιι
597 2253 725 2330 aquosis.
761 2253 841 2330 prior
856 2251 942 2312 lloret
958 2271 1026 2312 cae·-

34 2331 115 2392 rulea.
162 2336 314 2410 utriusque
345 2351 431 2393 sucus
457 2334 606 2394 oculorum
634 2335 786 2411 caliginem
812 2335 929 2395 discutit
959 2353 1024 2394 cum

16 2415 111 2476 tuelle
131 2427 162 2476 et
185 2435 225 2476 ιιι
249 2419 308 2476 ictu
326 2433 455 2477 cruorem
472 2426 501 2476 ιι
514 2433 630 2494 argema
646 2418 769 2492 rubeus,
785 2420 877 2494 magis
894 2435 957 2477 uum
972 2418 1024 2477 ht-

31 2499 83 2558 lico
98 2500 190 2559 melle
206 2502 338 2560 inunctis.
370 2501 495 2578 pupillas
512 2501 626 2575 dilatat,
647 2510 676 2559 et
696 2501 762 2560 ideo
781 2501 836 2560 hac
849 2503 1037 2576 inunguntur*

32 2590 91 2640 aute
104 2583 214 2660 quihus
229 2585 428 2661 paracentesis
445 2584 484 2642 iit.
515 2587 703 2643 iumentorum
718 2601 833 2663 quoque
855 2583 950 2642 oculis
964 2599 1025 2641 rue-

31 2665 135 2725 dentur.
167 2684 258 2726 sucus
278 2676 364 2745 caput
379 2675 484 2746 purgat
498 2684 552 2745 per
568 2669 645 2726 naris
664 2668 792 2742 inlusus,
814 2669 858 2726 ita·
873 2675 903 2726 ut
918 2665 1024 2725 deiude

31 2749 91 2807 uiuo
108 2750 272 2811 coulnatur.
308 2749 412 2809 bibitur
437 2759 465 2808 et
494 2760 592 2809 contra
618 2753 718 2826 anguis
741 2751 804 2809 suci
830 2749 966 2810 drachma
993 2751 1022 2808 in

16 2832 104 2892 trino.
134 2834 241 2892 mirum
258 2833 335 2910 quod
350 2833 481 2892 feminam
499 2849 607 2910 pecora
624 2835 714 2894 vitant
735 2842 798 2908 aut,
832 2835 856 2892 si
877 2833 1002 2911 deceptu
1015 2843 1067 2896 145

30 2915 212 2976 similitudine
225 2949 266 2960 -·-
277 2917 350 2976 ilore
358 2918 432 2975 enim
444 2925 549 2974 tanturn
557 2916 919 2995 distant—degustavere,
929 2918 1024 2976 statim

28 3014 86 3058 ιιιιι
100 3017 180 3078 quae
204 2999 283 3074 asyla
304 2999 466 3078 appellatur
487 3001 515 3058 in
536 2999 661 3058 remedia
686 3008 833 3077 quaeruut.
870 3019 887 3058 a
915 3003 1025 3060 nostris

27 3081 103 3141 ierus
119 3083 228 3143 oculus
245 3091 374 3142 vocatur.
406 3079 587 3162 praecipiunt
603 3083 690 3161 aliqui
706 3084 855 3142 effossuris
870 3093 936 3143 aute
952 3083 1026 3142 solis

29 3164 134 3242 dmum,
161 3167 330 3243 priusquam
347 3168 498 3244 quicquam
512 3165 588 3226 aliud
606 3166 773 3244 loquantur,
798 3167 923 3226 salutare
948 3181 1023 3241 earn,

16 3249 172 3312 tsublatam
192 3251 370 3326 exprimere,
384 3252 430 3308 >ita
445 3251 615 3329 praecipuas
631 3267 697 3308 esse
717 3251 796 3309 uiris.
832 3250 877 3309 Dc
891 3249 1023 3328 Euphor·

25 3330 94 3393 heae
112 3350 191 3394 suco
208 3334 277 3392 satis
294 3333 396 3392 dictum
415 3343 468 3392 est.
514 3332 684 3410 lippitudini,
701 3335 726 3392 si
741 3343 834 3393 tumor
848 3334 913 3409 erit,
927 3332 1022 3392 absin·
1043 3353 1069 3387 rs

24 3415 108 3476 thium
129 3434 199 3476 cum
216 3416 303 3476 melle
320 3418 423 3492 tritum,
441 3419 507 3476 item
524 3417 694 3476 Vettonicae
709 3417 800 3476 iariua
816 3417 979 3476 conveniet.

86 3501 177 3579 (93.)
209 3500 370 3579 aegilopas
392 3509 471 3561 sanat
497 3499 586 3559 herba
613 3500 716 3560 eodem
743 3503 856 3560 nomine
878 3514 952 3578 quae
975 3500 1069 3560 iuteo
