2458 3906
334 229 593 279 narmiensis.
609 229 651 282 14.
672 220 825 301 (ss-57.)
1016 221 1077 286 213

80 393 170 461 retur,
194 384 391 446 comitialibus
406 386 435 446 in
451 395 536 447 aceto
553 387 649 463 cyathi
670 405 802 449 mensura
825 389 916 450 datur.
946 391 970 450 si
985 409 1077 470 aquae

79 468 236 530 insalubres
265 468 410 530 bibendae
437 471 510 548 sint,
538 473 632 532 tritum
659 473 852 552 adspergitur.
893 473 1078 536 celsitudines

80 556 224 632 corporis,
251 554 357 615 sicum
373 555 441 614 vino
457 564 614 633 tractetur,
635 558 750 634 minuit,
773 574 928 618 nervorum
947 576 1034 620 causa
1049 568 1079 619 et

78 639 102 699 in
126 639 331 699 contractione
360 656 424 699 cum
450 640 513 700 sale
540 649 569 700 et
592 650 677 701 aceto
707 651 735 702 et
759 642 847 703 melle
873 642 1022 704 infricatur
1049 647 1078 704 in

13 805 14 808 Ἴ
62 723 274 802 sopisthotono.
319 721 424 784 bibitur
450 724 486 785 ad
517 726 692 804 serpentium
718 727 791 786 ictus
819 726 989 804 decoctum,
1022 729 1057 789 ad
1070 737 1120 791 155

79 809 263 888 scorpionum
278 808 307 867 in
322 808 391 868 vino
409 811 522 885 tritum,
539 828 671 870 maxume
689 811 765 890 qnod
783 813 811 870 in
830 811 917 871 siccis
938 814 1078 872 nascitur.

12 891 14 970 ᾗ
79 893 107 953 ad
125 895 184 953 oris
203 893 466 970 exulcerationes,
489 893 525 955 ad
545 895 646 955 tussim
667 895 773 955 efficax
793 893 926 955 habetur.
960 895 1015 956 dos
1031 914 1077 956 re·

12 979 14 1048 ζ
78 979 160 1037 centis
185 979 330 1038 incensus
350 976 464 1056 pulices
485 988 570 1040 necat
591 979 693 1040 odore.
727 977 911 1043 Xenocrates
928 978 1007 1058 pulei
1032 999 1076 1040 ra·

12 1071 13 1098 ¹
78 1080 142 1122 nam
162 1061 234 1123 lana
257 1063 414 1122 involutum
433 1064 461 1122 in
479 1065 608 1124 tertianis
629 1073 694 1124 ante
717 1065 918 1124 accessionem
937 1063 1077 1125 olfactan-

12 1181 13 1184 =
52 1146 135 1206 ttdum
149 1147 213 1208 dari
238 1156 288 1206 aut
307 1146 443 1224 stragulis
466 1146 560 1207 subici
583 1148 670 1208 etita
693 1148 842 1209 conlocari
864 1149 984 1226 aegrum
1004 1149 1079 1209 iuter

12 1247 13 1272 ³
78 1230 197 1292 remedia
212 1231 312 1292 tradit.

12 1389 13 1392 Ἴ
130 1315 215 1395 (55.)
248 1315 383 1376 Silvestri
403 1315 439 1376 ad
454 1316 555 1378 eadem
570 1318 614 1376 vis
630 1317 788 1377 efficacior.
825 1317 919 1378 simile
940 1325 986 1377 est
1002 1316 1120 1384 ori-156

12 1419 13 1454 3
79 1416 161 1477 gano,
184 1399 348 1460 minoribus
364 1399 441 1460 foliis
457 1419 541 1480 quam
556 1402 694 1477 sativam,
717 1409 747 1460 et
764 1419 780 1460 a
800 1401 971 1480 quibusdam
989 1402 1078 1464 dicta·
1103 1437 1108 1440 -

78 1501 150 1544 nanos
160 1493 298 1545 uocatur.
322 1493 465 1562 gustatum
482 1503 497 1546 a
513 1502 622 1566 pecore
636 1486 790 1565 caprisque
802 1484 929 1548 balatum
942 1489 1078 1564 concitat,

12 1603 13 1624 r
54 1568 143 1630 nsunde
165 1569 286 1648 quidam
307 1568 411 1630 Graeci
440 1569 535 1631 littera
557 1578 664 1631 mutata
690 1569 865 1632 blechonem
890 1580 1078 1633 rocaverunt.

80 1662 168 1714 natura
192 1663 255 1714 tam
275 1654 394 1714 fervens
417 1663 462 1714 est
482 1662 513 1714 ut
535 1654 631 1715 inlitas
653 1656 744 1734 partis
768 1657 932 1718 exulceret.
960 1657 1032 1716 tussi
1051 1657 1080 1714 in

79 1738 264 1815 perfrictione
287 1739 385 1798 fricari
404 1747 470 1798 ante
490 1737 605 1800 balinea
624 1739 775 1816 convenit,
801 1749 829 1800 et
849 1750 914 1801 ante
931 1741 1079 1800 accessio·

79 1839 135 1882 num
148 1822 305 1883 horrorem
321 1822 470 1883 convolsis
485 1833 513 1884 et
529 1823 706 1884 torminibus.
730 1824 870 1904 podagris
882 1826 956 1885 mire
971 1823 1122 1905 prod-157

12 1927 14 1974 t
81 1916 131 1982 est,
151 1907 294 1986 spasticis
311 1925 373 1966 cum
391 1907 479 1968 melle
497 1916 526 1968 et
540 1908 603 1968 sale
618 1905 774 1969 bibendum
792 1908 890 1987 datur,
914 1910 1079 1989 pulmonum

12 1983 14 2090 l
55 1992 139 2052 uaria
154 1990 353 2053 exscreabilia
368 1991 445 2051 facit.
477 1992 513 2053 ad
525 1992 631 2053 lienem
649 2010 713 2053 cum
730 1993 791 2054 sale
807 1994 878 2054 utile
897 2003 986 2055 estet
1004 1994 1079 2054 vesi·

80 2094 124 2135 cae
138 2084 166 2136 et
181 2077 319 2156 suspiriis
337 2084 365 2136 et
381 2075 589 2152 inflationibus,
607 2076 760 2139 decoctum
775 2094 847 2138 suco
862 2078 1034 2158 aequaliter,
1051 2085 1081 2138 et

79 2159 170 2222 volvas
189 2161 317 2238 corrigit
339 2168 369 2219 et
385 2169 486 2220 contra
502 2159 727 2239 scolopendram
745 2161 915 2224 terrestrem
932 2163 981 2223 vel
996 2163 1080 2222 mari·

80 2261 147 2320 nam,
174 2247 247 2306 item
274 2245 464 2322 scorpiones,
495 2245 686 2324 privatimque
711 2245 792 2306 valet
826 2256 925 2309 contra
952 2246 1080 2315 ,bominis

80 2344 205 2390 morsum.
237 2329 322 2390 radix
347 2337 448 2389 contra
474 2329 668 2390 increscentia
685 2328 785 2390 ulcera
806 2348 913 2391 recens
939 2332 1080 2410 potentis-

12 2407 15 2558 Ι
54 2413 155 2488 asima,
179 2413 263 2474 arida
280 2429 353 2474 vero
372 2412 555 2474 cicatricibus
572 2412 711 2474 decorem
726 2414 829 2475 adfert.
887 2412 890 2418 '

12 2559 13 2576 ,
133 2498 219 2578 (56.)
243 2496 316 2558 Item
329 2497 427 2577 puleio
440 2507 486 2558 est
496 2507 682 2576 nepetaeque
696 2499 833 2559 societas.
850 2498 973 2559 decocta
987 2499 1123 2562 enim158

12 2589 15 2654 t
79 2582 103 2640 in
121 2599 193 2662 aqua
213 2583 252 2643 ad
273 2584 373 2642 tertias
395 2582 550 2642 discutiunt
565 2583 677 2660 frigora
696 2583 903 2661 mulierumque
925 2580 1098 2642 menstruis

80 2676 190 2744 prosunt
215 2674 245 2727 et
268 2675 379 2727 aestate
394 2666 496 2730 sedant
513 2666 639 2727 calores.
669 2676 776 2745 nepeta
791 2684 908 2746 quoque
923 2667 993 2726 viris
1011 2682 1078 2725 con·

12 2783 14 2822 ;
79 2758 115 2810 tra
130 2751 277 2832 serpentis
293 2749 390 2811 babet.
412 2751 519 2811 famum
536 2769 573 2812 ex
590 2769 625 2810 ea
643 2751 832 2830 nidoremque
848 2751 976 2829 fugiunt,
995 2768 1081 2829 quam

12 2823 14 2896 l
55 2843 106 2893 aet
118 2836 308 2897 substernere
324 2835 352 2894 in
366 2845 443 2895 metu
460 2853 496 2896 eo
518 2835 682 2896 dormituris
697 2837 767 2896 utile
785 2843 838 2896 est.
868 2845 951 2896 tunsa
969 2835 1079 2912 aegilo-

12 2927 14 2994 Ῐ
82 2920 128 2998 piis
147 2921 297 3000 inponitur
323 2928 352 2979 et
373 2919 476 2998 capitis
497 2919 648 2980 doloribus
672 2938 777 2979 recens
802 2938 866 2980 cum
891 2921 976 2981 tertia
996 2929 1080 3001 parte

82 3007 154 3082 panis
172 3013 341 3084 temperata
364 3012 449 3064 aceto
472 3004 608 3065 inlinitur.
642 3021 729 3064 sucus
750 3005 812 3064 eius
832 3004 987 3066 instillatus
1005 3006 1079 3066 nari-

83 3087 128 3147 bus
146 3091 259 3170 supinis
276 3086 449 3167 profluvium
467 3089 613 3166 sanguinis
629 3089 720 3165 sistit,
743 3089 811 3148 item
827 3090 910 3150 radix
926 3108 1000 3168 quae
1017 3108 1081 3150 cum

12 3209 14 3248 ,
82 3175 157 3248 myrti
172 3174 285 3234 semiue
300 3173 328 3232 iu
344 3189 432 3252 passo
448 3173 548 3252 tepido
564 3173 746 3251 gargarizata
762 3174 874 3250 anginis
889 3173 1029 3234 medetur.

12 3255 14 3300 ὲ
56 3274 75 3316 u
138 3260 222 3340 (57.)
248 3255 398 3318 (luminum
419 3256 555 3318 silvestre
578 3266 623 3317 est
647 3267 825 3336 praetenue,
850 3257 995 3337 quaternis
1011 3265 1059 3317 aut
1072 3267 1121 3322 159

12 3411 13 3418 ἵ
83 3343 168 3420 quinis
185 3344 264 3405 foliis
287 3340 377 3402 veluti
402 3343 537 3418 serratis,
563 3341 615 3402 sed
638 3351 668 3402 ut
689 3345 783 3404 sativo
804 3349 924 3420 magnus
941 3360 1025 3418 usus,
1051 3341 1079 3401 in

12 3427 14 3500 ,
84 3429 216 3490 stomachi
243 3426 403 3507 praecipue
428 3426 573 3488 remediis.
616 3426 730 3488 discutit
755 3427 889 3508 pituitas,
916 3425 1079 3486 inflationes

84 3512 171 3574 tritum
197 3522 319 3575 et-cum
341 3528 416 3590 pane
437 3519 579 3590 sumptum
600 3511 649 3572 vel
673 3520 770 3591 potum
797 3529 925 3590 exaqua
941 3511 1078 3589 vinoque,
