2396 3900
1 241 3 392 p
253 271 532 322 namurcum.
551 269 673 324 40-43.
695 257 848 344 (ta-84.)
1004 263 1042 322 41

57 425 227 503 spectabilis,
243 437 438 487 ramentorum
454 429 591 504 crinibus,
607 430 772 507 pampinato
788 447 905 509 semper
924 429 997 488 orbe
1012 449 1045 491 se

1 579 2 598 χ
56 509 168 570 volvens
187 510 223 570 acl
249 511 384 572 incitatos
416 515 553 574 runcinae
580 523 689 592 raptus.
730 515 833 574 eadem
860 522 889 573 et
913 514 1046 574 curribus

1 601 5 670 l
54 611 175 654 maxume
201 595 353 656 sociabilis
374 596 484 674 glutino
515 599 543 656 in
568 607 676 657 tantum
699 607 730 657 ut
757 598 879 659 findatur
900 606 966 658 ante
990 617 1046 678 qua

1 683 3 755 l
55 677 135 738 solida
151 687 208 738 est.

1 759 2 842 3
35 775 46 814 ⁵
102 763 150 824 43.
175 760 264 842 (83.)
287 763 391 842 Magna
406 774 500 826 autem
516 775 545 826 et
559 765 660 844 glutini
675 768 748 826 ratio
764 775 886 846 propter
903 785 938 827 ea
950 785 1024 845 quae
1036 775 1092 832 aab

1 852 2 891 l
53 846 196 907 sectilibus
214 848 318 908 lamnis
332 867 368 909 ac
383 851 411 908 in
426 850 484 910 alio
500 867 611 927 genere
624 852 801 928 operiuntur.
833 852 999 911 stamineam
1017 853 1046 910 in

1 892 3 998 l
52 930 100 990 loc
126 950 183 992 uso
215 927 345 1011 probant
373 951 490 1010 venam,
522 943 551 994 et
574 945 682 995 vocant
706 936 847 996 feruleam
873 944 1045 1013 argumento

1 1001 3 1125 p
52 1015 251 1092 similitudinis,
272 1019 406 1096 qnoniam
427 1019 564 1080 lacunosa
587 1027 641 1078 est.
678 1021 774 1100 crispa
789 1021 818 1079 in
836 1020 911 1080 omni
932 1037 1046 1096 genere

1 1128 3 1172 q
51 1099 180 1178 glutinum
198 1100 344 1162 abdicant.
377 1103 517 1182 quaedam
534 1113 564 1164 et
578 1104 654 1163 inter
669 1121 701 1163 se
717 1114 825 1164 etcum
840 1104 904 1164 allis
920 1103 1043 1163 insocia-

1 1177 2 1247 l
29 1184 108 1245 ullu
123 1185 252 1263 glutino,
270 1187 347 1246 sicut
360 1186 460 1264 robur,
477 1205 533 1246 nec
551 1188 615 1247 iere
635 1189 794 1249 cohaerent
808 1189 862 1247 nisi
879 1187 981 1247 similia
995 1204 1045 1247 na·

1 1291 3 1369 p
52 1277 117 1346 tura,
137 1278 171 1329 nt
192 1271 218 1330 si
236 1271 299 1349 quis
315 1271 441 1349 lapidem
463 1271 628 1350 lignumque
654 1273 809 1350 coniungit.
846 1289 964 1332 cornum
986 1289 1045 1332 ma·

51 1371 124 1414 mmo
141 1355 206 1414 odit
217 1354 334 1429 sorbus,
352 1356 497 1433 carpinus,
510 1355 614 1430 buxus,
631 1366 734 1436 postea
749 1358 819 1418 tilia.
848 1353 1026 1434 Cuicumque
1035 1365 1091 1420 22?

52 1439 122 1516 operi
143 1437 244 1498 facilia
265 1439 376 1500 flexilia
398 1441 491 1500 omnia
513 1457 588 1518 quae
606 1441 683 1502 lenta
702 1443 840 1518 diximus,
863 1449 1091 1519 praeterquam
1190 1481 1193 1486 -

50 1539 135 1582 noros
145 1531 178 1582 et
193 1523 361 1602 caprificus.
392 1523 524 1584 forabilia
542 1543 577 1584 ac
594 1525 706 1586 sectilia
721 1544 795 1604 quae
810 1525 924 1585 modice
938 1525 1042 1584 umida.

28 1606 118 1666 canta
135 1609 214 1667 eninr
230 1607 314 1667 latius
329 1626 413 1687 quam
429 1618 508 1668 teras
524 1611 640 1686 cedunt,
650 1607 688 1646 **
703 1612 806 1670 viridia
820 1619 939 1688 praeter
956 1607 1045 1667 robur

50 1699 73 1750 et
90 1691 197 1750 buxum
225 1693 404 1770 pertinacius
424 1693 564 1753 resistunt
585 1711 790 1773 serrarumque
811 1694 906 1754 dentis
929 1693 1045 1770 replent

49 1774 217 1854 aequalitate
237 1777 338 1853 inerti,
357 1795 414 1856 qua
430 1776 467 1836 de
484 1794 571 1838 cansa
588 1777 700 1839 alterna
716 1779 902 1839 inclinatione
921 1785 1045 1853 egerunt

49 1859 171 1920 scobem.

104 1941 187 2027 (84.)
209 1943 476 2006 Oboedientissima
498 1963 681 2026 quocumque
708 1947 737 2006 in
764 1964 856 2026 opere
882 1945 1090 2020 inanimem
1173 1990 1176 1995 -

26 2028 202 2107 ”eademqne
216 2027 309 2089 hastis
325 2030 427 2104 corylo
442 2030 561 2107 melior,
579 2047 668 2090 cornu
685 2030 796 2108 levior,
820 2029 909 2090 sorbo
925 2028 1042 2104 lentior,

51 2110 152 2172 Gallica
164 2129 238 2172 vero
249 2113 382 2173 etiamad
398 2132 498 2174 currus
511 2114 632 2174 flexibili
644 2116 713 2174 vite.
737 2115 930 2175 aemularetur
938 2113 1042 2188 ulmae,

51 2196 73 2254 ni
86 2197 197 2274 pondos
210 2207 292 2257 esset
301 2199 331 2256 in
341 2197 437 2276 culpa.
459 2196 566 2258 Facilis
582 2209 611 2258 et
625 2198 719 2276 fagus,
733 2215 902 2278 quamquam
914 2197 1088 2275 fragilisbtb

51 2287 75 2338 ct
86 2290 195 2340 tenera.
229 2282 332 2342 eadem
350 2282 500 2342 sectilibus
516 2283 617 2344 lamnis
632 2284 660 2341 in
674 2285 751 2342 tenui
767 2282 872 2343 flexilis
886 2284 1043 2361 capsisque

51 2380 79 2422 ac
91 2365 204 2425 scriniis
220 2367 285 2427 sola
307 2367 396 2426 utilis.
429 2367 552 2428 Secatur
571 2368 599 2426 in
619 2366 728 2427 lamnas
745 2367 911 2446 praetenuis
927 2375 957 2426 et
971 2366 1042 2440 ilex,

1 2492 2 2511 ι
27 2448 143 2508 sectore
154 2467 273 2530 quoque
288 2467 347 2510 non
362 2452 485 2528 ingrata,
497 2450 550 2511 sed
562 2469 694 2512 maxume
706 2452 762 2512 lida
772 2455 806 2512 iis
816 2469 890 2530 quae
902 2459 1041 2524 terantur,

52 2540 77 2590 ut
89 2543 214 2594 rotarum
231 2534 346 2612 axibus,
362 2535 397 2595 ad
414 2553 488 2614 quos
501 2536 614 2596 lentore
629 2535 757 2596 fraxinus
776 2537 850 2596 sicut
867 2534 967 2594 duritia
982 2532 1042 2591 ilex

52 2625 76 2676 et
90 2628 211 2698 utroque
228 2620 336 2697 legitur
353 2619 454 2680 ulmus.
479 2621 550 2680 Snnt
564 2637 636 2682 vero
652 2629 681 2680 et
695 2622 777 2700 parvi
798 2637 868 2678 usus
883 2616 1025 2678 fabrilium
1032 2626 1086 2678 230

50 2703 264 2764 ministeriorum
275 2705 416 2782 insignes,
428 2705 554 2783 ideoque
572 2706 715 2783 proditum
732 2703 857 2764 terebris
873 2703 992 2779 vaginas
1005 2719 1043 2760 ex

52 2785 179 2864 oleastro,
189 2788 281 2865 buxo,
294 2788 374 2864 ilice,
386 2788 475 2862 ulmo,
493 2789 607 2850 fraxino
622 2790 788 2849 utilissimas
804 2788 877 2862 lieri,
890 2805 928 2846 ex
938 2785 1041 2846 iisdem

27 2871 178 2949 unalleos,
197 2873 384 2952 maioresque
408 2891 425 2933 e
439 2875 507 2952 pinu
524 2883 552 2933 et
567 2875 644 2934 ilice.
679 2873 716 2933 Et
731 2873 776 2933 bis
792 2881 886 2932 autem
900 2873 991 2930 maior
1006 2870 1042 2930 aul

52 2953 199 3017 firmitatem
209 2975 298 3018 causa
308 2959 499 3037 tempestivae
509 2975 649 3019 caesurae
660 2974 744 3036 quam
756 2958 923 3029 inmaturae,
933 2957 1040 3034 quippe

1 3021 2 3110 l
53 3054 110 3098 cum
121 3059 155 3100 ex
170 3042 249 3118 olea,
266 3040 419 3101 durissimo
438 3042 533 3119 ligno,
558 3043 689 3103 cardines
707 3043 735 3101 in
752 3039 863 3100 loribus
882 3041 985 3100 diutius
1000 3039 1040 3097 in-

1 3119 2 3144 *
52 3124 114 3182 moti
134 3125 252 3204 plantae
275 3126 362 3186 modo
382 3128 614 3204 germinaverint.
657 3123 730 3185 Cato
757 3126 850 3184 vectis
872 3122 1039 3201 aquifolios,

55 3205 175 3285 lauraos,
197 3211 313 3270 ulmeos
329 3210 391 3270 lieri
411 3211 506 3286 iubet,
523 3210 653 3288 Hyginus
673 3210 820 3270 manubria
842 3208 956 3268 rusticis
979 3222 1039 3264 car·

26 3291 136 3371 spinea,
152 3295 252 3374 iligna,
270 3312 383 3355 cerrea.
414 3294 495 3369 Quae
512 3296 539 3353 in
561 3295 672 3354 lamnas
688 3303 824 3354 secantur
839 3306 1018 3370 quorumque
1030 3296 1080 3350 231

55 3378 220 3450 operimento
245 3381 388 3439 vestiatur
408 3379 463 3440 alia
487 3380 639 3454 materies,
663 3380 821 3458 praecipua
842 3384 907 3434 sunt
928 3375 1039 3447 citrum,

55 3459 233 3537 terebinthus,
250 3464 348 3523 aceris
361 3479 487 3540 genera,
504 3463 626 3539 buxum,
644 3463 752 3542 palma,
770 3459 954 3540 aquifolium,
969 3456 1039 3534 ilex,

56 3539 142 3604 sabuci
158 3547 246 3624 radix,
262 3545 401 3627 populus.
432 3548 480 3607 dat
498 3556 526 3607 et
540 3546 633 3623 alnus,
652 3555 682 3606 ut
698 3546 802 3606 dictum
821 3552 876 3619 est,
889 3541 974 3602 tuber
991 3559 1037 3600 se·
1049 3562 1073 3596 o
