2458 3906
1 843 2 860 t

1 937 3 966 l

1 1075 2 1137 l

1 1211 2 1244 l

1 1335 2 1372 l

1 1375 2 1401 t

302 269 384 316 usn.
399 267 491 315 ursa.
506 267 565 314 xx,
578 264 700 316 ul-uu.
720 253 871 332 (ao-89.)
1026 251 1087 312 227

78 427 184 486 beatur
199 423 236 483 ad
250 422 461 483 confirmandas
473 422 575 495 laucis,
588 420 776 493 stomachum,
790 420 904 496 oculos,
921 429 1007 498 caput
1023 437 1087 478 sen·

80 526 189 587 susque
216 510 325 580 omnis,
358 506 508 566 mulierum
536 506 621 564 etiam
649 504 850 579 lassitudines,
879 504 1089 564 saluberrimae

80 609 192 670 genere
206 593 381 651 medicinae.
419 588 548 649 calculos
567 605 683 667 quoque
698 589 814 648 discutit
830 597 928 666 potum
947 590 975 646 in
992 597 1087 647 aceto.

81 677 210 736 inlinitur
232 685 261 735 et
277 675 417 735 livoribus
432 672 655 751 suggillatisque
671 686 734 732 cum
750 670 838 732 melle
861 681 889 730 et
903 670 988 750 adipe
1007 689 1089 731 anse-

64 764 161 833 5rino,
180 769 230 818 aut
246 777 315 820 cera
333 757 449 837 Gppria.
486 757 560 816 litet
575 755 671 815 oleum
688 774 725 814 ex
743 772 778 815 eo
799 757 907 814 semine
925 755 1088 816 madefacto

82 848 110 904 in
129 845 200 903 oleo
221 847 441 922 expressoque,
461 858 519 920 quo
536 848 650 899 utuntur
665 841 702 900 ad
720 857 874 899 nervorum
889 841 1004 916 rigores
1019 841 1090 898 lum·

83 930 244 1005 horumque
259 935 290 986 ct
307 927 495 1006 coxendicum
511 931 541 983 et
555 924 771 1003 perfrictiones.

87 1121 90 1126 ⁴
144 1052 233 1134 (88.)
246 1053 362 1130 Sinopis
373 1061 473 1111 natura
487 1069 554 1110 esse
567 1051 748 1128 effectusque
764 1050 884 1110 eosdem
896 1049 1008 1109 habere
1019 1058 1133 1112 tra-241

1 1149 2 1152 ’
84 1139 157 1198 ditur
179 1138 288 1198 adarca
311 1137 386 1194 inter
406 1135 551 1194 silvestria
572 1134 665 1210 dicta,
688 1136 716 1192 in
738 1135 850 1194 cortice
869 1133 1044 1193 calamorum
1064 1153 1134 1192 nance

55 1222 135 1288 qsub
152 1223 219 1300 ipsa
236 1237 319 1281 coma
332 1237 465 1300 nascens.

145 1347 233 1425 (89.)
262 1345 435 1405 blarrubium
456 1345 588 1422 plerique
609 1345 684 1403 inter
704 1345 810 1422 primas
825 1342 932 1403 herbas
949 1360 1091 1402 commen·

86 1433 210 1503 darere,
230 1429 308 1507 quod
324 1427 427 1488 Graeci
441 1430 560 1506 prasion
575 1436 697 1501 vocant,
714 1427 762 1487 alii
781 1426 1001 1505 linostropbcn,
1021 1444 1091 1486 non·

84 1514 154 1574 nulli
168 1513 346 1592 philopaeda
362 1521 409 1571 aut
426 1512 629 1591 philochares,
650 1512 746 1571 notius
768 1529 853 1591 quam
867 1519 898 1571 ut
912 1510 1092 1571 indicandum

86 1600 129 1657 sit.
169 1597 254 1657 buius
271 1596 342 1656 lolia
358 1613 515 1674 semenque
535 1597 657 1656 contrita
672 1605 794 1673 prosunt
815 1605 916 1654 contra
934 1597 1091 1672 serpentis,

56 1714 78 1753 15
87 1690 239 1760 pectorum
262 1689 292 1739 et
314 1679 412 1740 lateris
428 1679 565 1755 dolores,
588 1681 688 1739 tussim
702 1689 850 1754 veterem,
869 1687 898 1738 et
912 1679 947 1737 iis
961 1677 1009 1756 qui
1028 1695 1091 1737 sau·

85 1768 202 1842 guinem
217 1765 374 1824 reieceriut
388 1764 492 1823 eximie
507 1765 594 1838 utile,
617 1765 718 1841 scopis
734 1765 796 1822 eius
812 1782 876 1822 cum
893 1763 996 1840 panico
1018 1778 1092 1841 aqua

1 1845 3 1905 l
86 1850 235 1925 decoctis,
257 1857 288 1906 ut
305 1849 447 1925 asperitas
465 1849 528 1908 suci
547 1849 701 1924 mitigetur.
737 1848 882 1925 inponitur
897 1847 1012 1906 strumis
1029 1864 1093 1906 cum

1 1978 2 2007 ,
87 1933 181 2012 adipe.
213 1941 279 1991 sunt
296 1933 343 2008 qui
361 1932 459 1992 viridis
480 1949 596 2007 semen,
617 1941 757 2010 quantum
778 1931 889 1991 duobus
911 1930 1008 2007 digitis
1026 1939 1135 1992 catti

1 2049 2 2062 ι
86 2019 180 2092 piant,
205 2033 269 2075 cum
283 2014 369 2075 larris
385 2015 497 2094 pugillo
513 2016 667 2076 decoctum
685 2015 782 2076 addito
798 2017 905 2092 exiguo
925 2015 985 2074 olei
1006 2023 1034 2074 et
1049 2032 1092 2074 sa-

1 2109 2 2156 t
57 2099 121 2164 sciis
142 2099 261 2160 sorberi
284 2099 388 2159 ieiunis
404 2099 440 2159 ad
460 2101 562 2158 tussim
583 2097 711 2163 iubeant.
741 2099 789 2159 alii
804 2099 873 2159 nibil
890 2108 1048 2176 conparant
1066 2102 1094 2158 in

1 2218 2 2236 .
88 2185 188 2244 eadem
205 2201 293 2244 causa
308 2183 434 2242 marrubi
450 2192 479 2242 et
494 2183 613 2243 feniculi
623 2185 706 2244 sucis
721 2183 757 2243 ad
772 2185 917 2244 sextarios
931 2191 1031 2242 temes
1044 2201 1093 2242 cx·

1 2263 2 2320 J
88 2269 198 2346 pressis
225 2267 417 2345 decoctisque
442 2267 478 2326 ad
504 2268 650 2328 sextarios
676 2267 765 2343 duos,
794 2277 852 2328 tum
878 2267 974 2327 addito
999 2267 1095 2326 mellis

89 2353 233 2428 sextario,
265 2368 365 2409 rursus
394 2350 519 2410 decocto
550 2352 586 2410 ad
612 2353 756 2410 scutarios
784 2351 873 2426 duos,
913 2352 937 2409 si
966 2350 1094 2411 cocleari

1 2441 2 2476 ³
89 2451 220 2495 mensura
240 2435 270 2493 iu
291 2433 338 2494 die
363 2432 517 2494 sorbeatur
536 2436 566 2493 iu
590 2452 682 2512 aquae
705 2434 819 2510 cyatho.
853 2433 977 2493 virilium
998 2435 1137 2497 vitiis243

59 2529 199 2579 retensum
215 2535 279 2578 cum
294 2517 382 2577 melle
401 2519 624 2596 mireprodest.
663 2518 792 2579 lichenas
813 2526 917 2594 purgat
939 2535 976 2576 ex
997 2525 1092 2591 aceto,

88 2605 196 2679 ruptis,
227 2595 392 2676 convolsis,
422 2603 556 2680 spasticis
582 2604 678 2662 nervis
704 2603 840 2663 salutare.
878 2609 978 2680 potum
1000 2599 1095 2659 alvom

89 2688 172 2747 soluit
195 2703 260 2745 cum
280 2685 342 2744 sale
360 2694 391 2744 et
414 2695 517 2759 aceto,
540 2687 608 2746 item
622 2695 768 2746 menstrua
791 2695 819 2745 et
833 2685 977 2744 secundas
992 2683 1093 2743 mulie·

89 2788 155 2830 rum.
187 2770 268 2828 arida
286 2769 380 2828 ¹farina
403 2787 466 2828 cum
488 2769 575 2830 melle
596 2771 632 2830 ad
648 2772 749 2830 tussim
768 2771 877 2830 siccam
893 2769 1096 2829 efficacissima

1 2888 2 2895 .
92 2863 148 2930 est,
163 2855 232 2912 item
249 2853 285 2914 ad
301 2864 484 2930 gangraenas
501 2861 530 2912 et
544 2857 688 2934 pterygia.
720 2871 806 2914 sucus
823 2870 895 2913 vero
915 2852 1051 2914 auriculis
1067 2862 1097 2912 et

1 3009 2 3013 Ἰ
61 2937 203 2997 mnaribus
216 2947 248 2996 et
261 2936 365 2997 morbo
382 2939 466 3013 regio
481 2939 710 3017 minuendaeque
726 2937 851 2998 bilicum
862 2936 950 2997 melle
962 2937 1093 3018 prodest,

1 3018 2 3082 Ϊ
91 3025 153 3082 item
165 3031 266 3082 contra
280 3038 391 3080 venena
401 3022 476 3080 iuter
489 3041 581 3100 pauca
591 3031 704 3101 potens.
720 3024 785 3100 ipsa
796 3022 888 3082 herba
900 3022 1139 3085 stomachum-244

1 3114 2 3117 ’
93 3115 120 3166 et
133 3106 356 3165 exscreationes
378 3107 508 3183 pectoris
523 3111 629 3184 purgat
645 3122 709 3164 cum
728 3105 801 3166 iride
820 3115 849 3166 et
862 3105 969 3182 melle,
987 3108 1096 3165 urinam

92 3191 161 3266 ciet,
190 3189 319 3250 carenda
342 3198 439 3250 tamen
461 3190 647 3250 exulceratae
671 3192 790 3250 vesicae
817 3199 845 3250 et
872 3191 983 3250 renium
1007 3191 1095 3249 vitiis.

92 3274 191 3334 dicitur
210 3291 299 3332 sucus
316 3282 346 3332 et
367 3272 527 3334 claritatem
548 3273 699 3333 oculorum
721 3275 869 3335 adiuvare.
903 3273 1008 3334 Castor
1022 3292 1095 3334 mar·

63 3357 150 3419 atmbi
170 3357 227 3417 duo
249 3374 360 3434 genera
379 3357 481 3434 tradit,
499 3359 611 3435 nigrum
628 3366 656 3417 et
676 3359 754 3438 quod
769 3361 861 3436 magis
877 3357 982 3436 probat
998 3357 1094 3416 candi·

1 3457 2 3530 ᾗ
94 3442 161 3506 dum.
192 3443 222 3500 in
239 3443 423 3502 cruminans
438 3461 538 3502 sucum
556 3442 634 3502 addit
653 3443 678 3501 is
695 3445 847 3521 ipsumque
862 3459 948 3501 ovom
963 3441 1094 3518 infundit,

94 3525 146 3586 mel
165 3527 268 3604 aequis
288 3524 488 3605 portionibus,
511 3526 688 3604 tepefactum
710 3528 839 3588 vomicas
853 3544 1006 3603 rumpere,
1028 3543 1095 3605 pur-

871 3610 931 3670 15*
