2458 3906
285 239 367 287 usu.
383 240 474 288 msa.
493 241 564 288 xxr.
577 239 663 295 o—t.
683 229 836 307 (ut—ao.)
1000 226 1062 290 239

72 395 132 455 lent
145 392 258 453 odores.
287 395 465 472 quorundam
480 395 534 456 dos
549 403 655 456 tantum
673 395 828 469 iucundus,
851 393 982 473 reliquae
997 411 1062 473 par·

71 489 109 538 tas
127 475 266 554 ignavae,
291 487 322 537 ιιι
344 477 440 538 uiolae
468 497 503 539 ao
524 496 620 540 rosae.
660 478 837 539 hortensium
858 478 1104 544 odoratissimaib

70 579 137 642 qnae
149 561 241 636 siena,
265 569 296 622 nt
313 571 392 637 ruta,
415 572 525 639 menta,
548 564 643 640 apium
659 573 688 622 et
706 580 780 642 quae
796 563 824 620 in
839 563 926 622 sionis
940 581 1060 623 nasoan·

68 657 116 706 tur.
146 644 283 722 quaedam
299 654 444 706 vetustate
465 647 649 722 odoratiora,
678 655 709 707 ut
734 655 874 719 cotonea,
902 647 1062 724 eademque

49 730 199 807 sdeoerpta
215 746 300 807 quam
323 732 351 789 in
372 732 431 790 suis
447 730 603 791 radicibus.
630 731 770 808 quaedam
787 747 845 788 non
862 730 917 789 nisi
932 730 1063 792 delraota

7 807 10 950 Ι
68 824 109 875 aut
122 831 159 872 ex
178 815 272 874 attritu
289 815 384 889 olent,
411 814 467 875 alia
481 815 607 875 nonnisi
623 814 754 874 detracto
771 815 899 890 eortina,
922 815 1063 893 quaedam

67 916 130 958 rero
144 914 202 957 non
216 899 271 957 nisi
287 907 366 974 usta,
394 900 468 960 siout
483 907 546 960 tura
566 915 747 977 murraeque.
779 897 868 959 llores
884 900 942 958 triti
958 916 1058 959 omnes
1069 909 1104 964 39

7 953 11 1112 q
67 984 215 1043 amariores
237 999 321 1060 quam
343 983 452 1044 intacti.
487 983 582 1060 aliqua
604 982 681 1042 arida
706 983 811 1044 diutius
828 981 949 1042 odorem
973 985 1062 1043 eonti-

65 1075 142 1140 nent,
166 1074 198 1124 nt
216 1065 373 1126 melilotos.
406 1066 546 1145 quaedam
568 1065 664 1126 locum
688 1068 782 1146 ipsum
805 1065 1000 1126 odoratiorem
1020 1067 1061 1126 ia·

7 1113 10 1196 l
37 1151 150 1226 moiunt,
184 1159 213 1208 ut
233 1151 301 1225 iris,
336 1152 404 1229 quin
424 1159 453 1210 et
472 1149 607 1211 arborem
624 1159 729 1226 totam,
759 1151 965 1229 cuiuscumque
988 1151 1061 1211 radi·

7 1209 10 1306 l
66 1253 110 1294 aas
135 1234 267 1312 attinget.
298 1233 432 1312 hesperis
459 1244 546 1295 nootu
575 1236 666 1312 magis
690 1236 768 1310 olet,
792 1235 858 1294 inde
884 1236 999 1294 nomine
1022 1235 1063 1293 in·

65 1327 154 1378 rento.
188 1317 348 1377 animalium
364 1318 471 1378 nullum
483 1318 645 1395 odoratum,
660 1320 714 1379 nisi
729 1319 754 1378 si
769 1319 806 1380 do
820 1318 968 1398 pantheris
985 1318 1063 1398 quod

65 1401 162 1462 dictum
179 1411 225 1462 est
244 1402 406 1463 oredimus,
1051 1427 1069 1469 s,
1081 1427 1104 1460 us

121 1486 206 1564 (19.)
230 1485 284 1546 llla
299 1503 417 1565 quoque
432 1504 488 1546 non
504 1486 658 1547 omittenda
675 1487 837 1548 differentia
853 1497 913 1562 est,
944 1497 972 1547 et
988 1487 1059 1548 odo·
1070 1495 1105 1550 to

36 1579 250 1630 aeramentorum
270 1570 359 1630 multa
375 1571 445 1632 nihil
460 1572 582 1632 attinere
599 1572 637 1631 ad
657 1579 872 1646 eoronamonta,
896 1580 927 1630 ut
941 1572 1004 1631 irim
1021 1581 1061 1630 at·

63 1673 114 1734 que
127 1652 301 1730 saliuncam,
326 1672 495 1733 quamquam
511 1655 681 1716 nobilissimi
699 1656 799 1716 odoris
819 1663 979 1733 utramque.
1009 1655 1063 1714 sed

62 1741 107 1799 iris
121 1737 220 1799 radice
237 1748 344 1800 tantum
361 1739 592 1817 commendatur,
619 1742 770 1817 unguentis
786 1757 910 1798 nasoens
929 1747 958 1798 et
972 1739 1061 1799 medi·

59 1823 147 1883 sinae.
182 1822 378 1883 laudatissima
404 1824 431 1882 in
453 1823 591 1898 lllyrioo,
616 1833 645 1882 et
669 1823 708 1884 ibi
725 1841 842 1902 quoque
857 1840 914 1881 non
935 1823 962 1881 in
977 1823 1061 1882 mari·

61 1907 145 1982 timis,
173 1907 273 1968 sedin
294 1907 476 1967 silvestribus
495 1906 632 1968 Drinonis
655 1917 684 1966 et
700 1906 851 1982 Naronae,
880 1923 1020 1985 proxuma
1035 1909 1063 1966 in

32 1988 243 2066 Macedonia,
274 1990 443 2068 longissima
463 1992 537 2052 liaeo
558 2001 587 2051 et
604 1992 757 2053 candicans
772 2000 801 2051 et
815 1991 910 2052 exilis.
946 1992 1103 2066 tertiumsi

61 2075 149 2134 looum
183 2074 273 2136 habet
302 2075 457 2150 Africana,
490 2075 664 2155 amplissima
693 2077 769 2136 inter
798 2077 889 2136 omnis
918 2084 1063 2154 gustuque

61 2161 243 2219 amarissima.
274 2158 393 2234 Illyrica
410 2177 527 2238 quoque
548 2160 669 2220 duorum
690 2179 830 2238 generum
847 2168 901 2219 est.
930 2160 1062 2238 raphani·

61 2243 93 2300 tis
107 2260 122 2302 a
140 2242 344 2317 similitudine,
372 2261 447 2321 quae
462 2253 491 2304 et
504 2244 607 2304 melior
623 2244 801 2319 rhinotomo,
821 2243 950 2304 subrufa.
979 2252 1062 2321 optu-

60 2344 115 2403 ma,
142 2345 219 2405 quae
240 2337 436 2387 sternumenta
452 2337 575 2390 traotatu
599 2337 712 2404 mouet,
740 2328 853 2388 oaulem
874 2326 962 2386 habet
983 2327 1061 2387 nubi-

31 2411 160 2488 aulem,
185 2420 325 2471 erectum.
359 2411 447 2471 lloret
463 2413 638 2472 versicolori
655 2412 773 2492 speeie,
804 2413 878 2471 siout
893 2427 978 2469 arcus
994 2429 1060 2470 oae-

59 2493 153 2572 lestis,
169 2495 245 2556 uude
262 2504 290 2556 et
305 2513 419 2556 nomen.
448 2514 507 2556 non
521 2497 690 2576 inprobatur
704 2506 733 2556 et
748 2495 879 2556 Pisidica.
910 2501 939 2551 et
955 2493 1105 2552 fossuridt

58 2578 144 2639 tribus
163 2589 230 2642 ante
251 2578 398 2640 mensibus
420 2580 512 2641 mulsa
532 2600 607 2661 aqua
631 2581 803 2641 circumfusa
818 2577 874 2637 boo
896 2575 986 2636 ueluti
1001 2576 1062 2654 pla-

59 2672 186 2723 camento
216 2672 313 2725 terrae
340 2662 539 2740 blandiuntur,
572 2667 790 2743 circumscripta
816 2677 953 2720 mucrone
987 2659 1064 2737 gladi

59 2746 127 2806 orbe
143 2747 269 2825 triplioi,
291 2756 321 2807 at
343 2767 406 2808 oum
430 2748 564 2825 legerunt
587 2751 717 2828 protinus
739 2749 766 2805 iu
788 2743 900 2808 caelum
919 2744 1062 2803 attollunt.

7 2893 8 2900 ,
30 2835 156 2892 ”natura
172 2841 218 2891 est
239 2831 375 2908 fervens,
393 2841 573 2911 tractataque
589 2832 708 2911 pusulas
732 2829 853 2890 ambusti
873 2827 960 2887 modo
983 2829 1063 2889 iacit.

7 2941 9 3012 q
59 2917 235 2993 praecipitur
255 2926 321 2976 ante
338 2917 432 2977 omnia
452 2925 482 2975 ut
506 2917 577 2976 oasti
601 2916 711 2993 legant.
745 2913 895 2973 teredines
912 2929 969 2971 non
985 2914 1065 2974 sinna

7 3023 9 3042 ι
60 2998 140 3059 nodo
157 3018 258 3059 verum
274 3008 303 3061 et
319 3002 348 3061 in
363 3010 441 3060 terra
459 2999 611 3060 celerrime
627 2999 723 3060 sentit.
754 3005 899 3074 optumum
917 3005 1002 3056 antea
1017 2997 1064 3056 iri-

59 3099 120 3141 num
137 3082 273 3146 Lenoade
284 3095 314 3144 et
331 3085 420 3146 Elida
438 3083 602 3158 ferebatur,
618 3116 662 3130 —-
680 3080 846 3159 iampridem
859 3080 934 3137 enim
948 3087 978 3138 et
995 3082 1066 3140 seri-

7 3165 9 3232 l
60 3173 170 3244 tur-,
201 3186 277 3230 nuno
301 3187 317 3228 e
339 3167 524 3246 Pamphylia,
551 3168 605 3229 sed
628 3165 759 3226 Cilicium
781 3179 912 3222 maxume
935 3164 1069 3223 laudatur

7 3233 9 3334 ζ
31 3258 143 3328 statque
160 3269 177 3311 o
192 3251 479 3330 septentrionalibus.
994 3285 997 3290 ι

7 3337 9 3416 l
119 3335 205 3414 (20.)
228 3336 363 3396 Saliunoa
386 3335 459 3395 lolio
476 3337 591 3414 quidem
607 3331 745 3394 subbrevi
760 3339 790 3390 et
812 3328 888 3406 quod
904 3330 983 3386 neoti
1008 3339 1112 3394 nonis

7 3419 9 3492 Ξ
61 3421 151 3495 possit
173 3420 265 3480 radioi
286 3437 459 3481 numerosae
483 3420 638 3493 oohaeret,
671 3415 762 3476 herba
780 3413 878 3472 uerius
895 3427 982 3486 quam
1003 3412 1071 3490 llos,

61 3501 149 3564 densa
164 3503 253 3563 veluti
275 3523 357 3565 manu
374 3522 476 3584 pressa
500 3504 688 3580 breuiterque
718 3513 842 3574 oaespas
869 3494 913 3552 sui
936 3499 1072 3570 generis.
