2396 3900
139 227 179 292 68
479 241 509 289 c.
530 241 626 289 runnu
643 239 794 289 ssounnr

138 395 284 474 bipalio
317 394 493 455 subactus
517 395 566 454 sit
591 393 762 473 beneque
785 395 940 471 gluttus.
979 413 1057 455 cum
1087 403 1146 456 ta·

138 479 926 558 leamdemittes,pedetaleamopprimito.
960 480 1144 558 siparum

137 562 509 638 descendat‚malleo
530 563 765 622 autmateola
785 563 950 640 adigiro,
980 573 1142 624 caveto·

97 657 227 727 luoque
250 666 292 708 ne
315 647 448 708 librum
467 646 635 723 scindas,
652 665 730 706 eum
750 646 894 724 adiges.
929 648 1013 726 palo
1031 649 1143 726 prius

138 734 253 792 locum
275 750 318 792 ne
336 731 712 809 iecerisquotaleam
729 731 922 808 demittas,
939 731 1169 796 itameliuss

136 819 248 877 vivet.
278 814 738 891 taleaeubitrimaesunt,
758 815 1004 893 tumdeniqne
1021 833 1143 876 curae

137 903 224 975 sint,
248 900 307 960 ubi
330 899 428 960 liber
452 918 490 959 se
510 907 644 959 vertet.
678 899 764 960 siin
788 898 990 960 scrobibus
1018 902 1145 960 autin

137 985 387 1060 soleremus,
410 993 538 1044 ternas
555 983 820 1063 taleasponilo
838 984 1143 1061 easquedivari·

138 1077 231 1130 cato.
268 1067 879 1148 supraterramneplusquattuor
899 1067 1142 1145 digitostra·

136 1169 269 1212 versos
291 1153 487 1228 emineant,
508 1152 569 1212 vel
586 1152 694 1212 oculo
716 1153 885 1212 serito.·..
917 1150 1177 1230 Diligenterno

136 1235 1142 1316 eximereoleamoportetetradicesquamplurumas

136 1338 214 1380 cum
246 1330 344 1380 terra
373 1319 491 1397 ierne,
522 1319 584 1380 ubi
613 1320 760 1381 radices
791 1319 886 1380 bene
916 1321 1141 1399 operueriS‚

137 1405 284 1466 calcare
315 1404 426 1482 bene,
452 1404 598 1483 nequid
622 1414 765 1466 noceat.
802 1405 832 1463 si
854 1406 938 1484 quis
960 1414 1141 1483 quaerat,

136 1489 231 1566 quod
253 1498 394 1568 tempus
418 1489 525 1550 oleae
548 1489 731 1550 serendae
753 1489 816 1568 sit,
835 1505 928 1566 agro
946 1491 1050 1549 sicco
1072 1507 1143 1567 per

94 1581 371 1651 ltlscmentem
396 1592 484 1651 agro
505 1574 608 1634 laeto
631 1591 698 1652 per
717 1591 789 1632 ver.
830 1573 914 1653 (30.)
940 1574 980 1654 [1]
1004 1571 1175 1637 Olim-rs

134 1657 1140 1736 tumdiebusxvanteaequinoctiumvernumincipito

136 1752 274 1822 putare.
320 1761 364 1803 ex
381 1760 424 1802 eo
441 1741 594 1802 diedies
615 1755 662 1802 xc
683 1750 789 1802 recte
808 1742 971 1818 putabis.
1010 1740 1045 1801 id
1068 1741 1141 1802 boc

135 1828 239 1887 modo
261 1835 408 1904 putato:
437 1845 506 1905 qua
533 1826 641 1886 locus
666 1833 770 1886 recte
793 1825 901 1885 ferax
926 1827 1013 1901 erit,
1041 1844 1140 1905 quae

135 1911 240 1971 arida
262 1919 369 1970 erunt
391 1919 425 1969 et
442 1910 474 1968 si
496 1909 583 1988 quid
605 1919 732 1970 ventus
748 1909 1035 1987 interiregerit,
1052 1911 1141 1970 inde

136 2013 176 2054 ea
203 1994 318 2054 omnia
345 1993 509 2057 eximito.
542 2012 605 2071 qua
630 1996 732 2054 lucus
758 1994 865 2053 ferax
892 2011 961 2054 non
986 1995 1077 2070 erit,
1104 1995 1173 2058 idas

136 2079 216 2157 plus
238 2077 427 2137 concidito
450 2086 651 2158 artatoque
673 2077 767 2139 bene
789 2077 1027 2156 enodatoque
1046 2079 1139 2137 stir-

135 2161 575 2241 pisqnelerislacito...
609 2159 1139 2222 Circumcleasautumnitate

138 2245 415 2324 ablaqueatoet
434 2255 582 2306 stercus
605 2246 741 2307 addito.
775 2246 834 2324 qui
856 2245 1138 2306 olivetumsae·

136 2329 1137 2409 pissimeetaltissimemiscebil,istenuissimasra-

136 2414 242 2474 dices
265 2412 444 2474 exarabit.
480 2415 634 2475 simale
656 2412 807 2488 crodit,
835 2413 987 2474 radices
1011 2431 1173 2474 susumes

136 2497 304 2574 abibunt,
328 2500 541 2559 crassiores
565 2498 660 2558 iient
682 2506 717 2558 et
739 2514 781 2557 eo
800 2498 833 2556 in
857 2497 1011 2558 radices
1031 2499 1136 2558 vires

93 2583 269 2698 lipoleae
297 2581 457 2642 abibunt.
497 2583 537 2663 [2]
572 2581 653 2682 Quae
678 2599 788 2660 genera
810 2583 939 2642 olearum
963 2591 992 2641 et
1018 2583 1047 2642 in
1075 2599 1136 2662 quo

92 2665 135 2742 ,02
126 2666 168 2753 ᾖ,
174 2684 285 2766 genere
302 2674 398 2726 terrae
414 2665 528 2726 iuberet
545 2668 614 2741 seri,
632 2683 748 2744 quoque
764 2675 900 2746 spectare
914 2665 1039 2744 oliveta,
1063 2666 1136 2727 dixi·

134 2768 196 2810 mus
211 2752 239 2810 in
256 2751 367 2811 ratione
384 2751 452 2811 olei
482 2747 613 2848 diagora
631 2750 708 2811 colle
728 2760 758 2810 et
779 2751 866 2810 siccis
888 2760 918 2811 et
938 2751 1042 2827 argilla
1061 2752 1138 2812 inter

134 2844 296 2895 autmnnum
317 2843 347 2895 el
368 2833 495 2894 brumam
521 2834 579 2894 seri
600 2835 698 2911 iussit,
727 2836 756 2895 in
777 2851 878 2895 crasso
900 2842 948 2895 aul
969 2835 1066 2896 umido
1089 2845 1171 2896 autso

135 2919 273 2996 subriguo
295 2919 361 2980 solo
382 2937 398 2978 a
420 2935 516 2978 messe
537 2918 572 2978 ad
594 2917 731 2979 brumam.
766 2919 843 2999 quod
860 2921 1053 2999 praecepisse
1072 2939 1137 2981 eum

134 3003 253 3064 Africae
267 3003 454 3080 intellegitur.
488 3001 570 3062 ltalia
587 3003 702 3081 quidem
718 3021 793 3062 nunc
806 3021 877 3062 vere
896 3021 1031 3064 maxume
1054 3006 1136 3065 serit.

135 3088 188 3148 sed
210 3088 234 3146 si
255 3097 285 3147 et
301 3096 435 3147 autumno
453 3085 558 3163 libeat,
581 3097 648 3166 post
671 3089 882 3167 aequinoctium
904 3102 950 3148 xc
973 3088 1080 3149 diebus
1102 3089 1137 3150 ad
1184 3083 1186 3162 fi

134 3171 319 3247 vergiliarum
335 3187 472 3230 oceasum
488 3179 623 3250 quattuor
636 3172 692 3232 soli
707 3172 770 3232 dies
791 3180 856 3232 sunl
876 3172 980 3250 quibus
1003 3175 1063 3234 seri
1085 3191 1135 3233 no·
1183 3175 1185 3198 ¹

94 3264 143 3318 129
155 3263 228 3315 ceat
272 3254 390 3316 Africae
415 3255 563 3333 peculiare
586 3255 663 3336 quod
681 3256 709 3316 in
736 3255 864 3317 oleastro
887 3257 989 3317 inserit
1012 3257 1173 3359 quodenset

135 3339 322 3413 aeternitate,
339 3357 404 3399 cum
419 3349 590 3418 senescant,
607 3357 747 3420 proxuma
763 3341 955 3420 adoptioni
927 3361 1010 3420 unga
1028 3345 1134 3404 emissa

135 3430 222 3518 atque
233 3423 272 3483 ita
285 3422 341 3484 alia
352 3423 459 3484 arbore
472 3441 509 3483 ex
521 3423 643 3484 eadem
634 3435 842 3488 iuvenescente
852 3427 1015 3507 iterumque
1025 3437 1134 3507 etquo-

135 3504 209 3563 tiens
232 3521 305 3584 opus
328 3508 382 3584 sit,
407 3516 437 3567 ul
459 3509 538 3568 aevis
563 3509 665 3569 eadem
687 3509 794 3572 oliveta
819 3521 962 3572 constent.
998 3514 1135 3574 inseritur
