2370 3922
243 199 324 247 1111.
340 197 430 246 rursu.
447 198 588 250 xx111.o.
605 197 629 250 7.
648 186 800 262 (sc-ea.)
979 185 1019 246 23

26 355 162 418 calciatus
180 361 266 430 atque
281 353 367 412 etiam
383 350 459 411 anuli
470 351 653 430 decerpserit
661 351 774 412 duobus
787 351 896 428 digitis,
912 352 1020 429 pollice

26 448 59 500 et
76 446 175 517 quarto
193 438 327 496 sinistrae
345 453 454 511 manus,
470 443 555 512 atque
574 439 613 494 ita
631 435 758 495 lustratis
770 434 828 494 levi
840 443 917 494 tactu
929 436 1021 497 oculis

25 525 57 582 in
83 540 115 582 os
135 521 259 580 additum
279 519 480 595 devoraverit,
508 537 544 578 ne
567 518 655 578 dente
669 521 833 596 contingat,
860 519 1023 580 adfirmatur
1071 511 1076 526 ’

26 605 133 665 nullam
145 603 292 664 oculorum
302 601 527 662 imbecillitatem
539 620 675 680 passurus
688 601 790 661 eodem
802 619 884 662 anno.
913 603 999 662 iidem
1013 616 1060 668 111

2 683 118 764 scytini
135 688 240 747 siccati.
256 683 374 764 tritique
393 688 486 745 carnis
505 687 704 746 excrescentis
721 686 875 782 cohibent,
895 688 1021 764 gingivis

2 787 3 804 ¹
26 781 58 832 et
85 771 218 831 dentibus
238 771 405 846 medentur,
431 769 479 828 vel
497 771 522 828 si
543 769 667 828 mobiles
690 771 765 845 sint,
795 769 917 830 decocto
940 789 1020 831 suco.

2 879 3 884 ¹
25 857 92 934 ipsa
105 853 277 933 corpuscula
291 855 358 912 trita
372 852 518 912 ulceribus
534 871 607 930 quae
625 860 746 929 serpunt
759 861 966 931 putrescuntve
982 856 1023 914 in·

2 944 5 1021 l
26 937 155 1000 Haustus·
162 979 173 1014 ,
199 938 270 996 item
294 935 443 996 oculorum
471 936 682 995 inflammationi
709 938 968 1013 intestinorumque
994 946 1024 998 et

24 1023 91 1084 iere
112 1020 148 1080 ad
171 1022 265 1080 omnia
279 1037 353 1098 quae
371 1022 497 1080 cortices
512 1019 657 1079 malorum.
689 1019 878 1080 adversantur
894 1022 1024 1099 scorpio·

25 1105 120 1166 nibus.

91 1189 172 1264 (66.)
202 1186 269 1247 Non
283 1195 330 1246 est
345 1188 415 1246 satis
429 1189 524 1247 mirari
541 1203 636 1246 curam
648 1186 882 1265 diligentiamque
895 1189 1005 1265 prisco·
1017 1198 1068 1252 112

23 1291 86 1334 rum
106 1273 156 1348 qui
173 1273 266 1330 omnia
281 1272 399 1330 scrutati
414 1269 484 1330 nibil
495 1272 692 1348 intemptatum
706 1270 894 1348 reliquerunt.
927 1275 956 1331 in
970 1273 1027 1332 boc

24 1357 91 1434 ipso
117 1356 218 1430 cytino
243 1352 355 1414 ilosculi
383 1362 465 1430 sunt,
495 1362 646 1430 antequam
671 1354 785 1414 scilicet
810 1353 913 1414 malum
931 1358 1026 1434 ipsum

7 1434 10 1437 ’
25 1439 151 1518 prodeat
169 1444 365 1514 erumpentes,
381 1455 453 1514 quos
468 1436 639 1496 balaustium
655 1440 754 1497 vocari
768 1438 899 1497 diximus.
927 1440 983 1499 bos
996 1459 1069 1498 suns

18 1539 144 1600 quoque
161 1538 234 1597 ergo
247 1522 361 1598 experti
373 1523 512 1580 invenere
525 1521 728 1596 scorpionibus
742 1521 898 1581 adversari.
922 1525 1028 1582 sistunt

26 1614 98 1686 potu
114 1621 233 1664 meuses
248 1605 432 1680 laminarum,
447 1611 547 1664 sanant
560 1603 659 1663 ulcera
675 1607 753 1680 oris,
769 1603 919 1681 tonsillas,
935 1623 1028 1682 uvam,

28 1689 178 1764 sanguinis
194 1683 432 1763 exscreationes,
449 1689 560 1747 ventris
575 1695 606 1747 et
621 1687 759 1746 stomachi
776 1687 957 1764 solutiones,
977 1705 1029 1764 ge.-

24 1770 146 1846 'ritalia,
178 1769 278 1830 ulcera
301 1787 476 1848 quacumque
498 1773 528 1831 in
550 1779 634 1848 parte
657 1773 806 1829 manantia.
857 1771 1009 1830 slecavero
1021 1784 1072 1837 113

30 1857 131 1932 edam,
155 1862 185 1912 ut
202 1857 245 1913 sic
259 1870 375 1931 quoque
391 1856 614 1931 experirentur,
632 1856 863 1931 inveneruntque
881 1861 1032 1912 tonsorum

0 1946 1 1955 ’
30 1940 120 1998 lerina
142 1937 339 2013 dysintericos
360 1955 377 1998 a
398 1946 491 1997 morte
511 1939 662 2013 revocari,
688 1937 782 1996 alvom
801 1939 874 1996 sisti.
908 1938 977 2014 quin
1000 1945 1032 1997 et

31 2021 152 2081 nucleos
173 2023 257 2098 ipsos
279 2021 425 2080 acinorum
447 2022 576 2099 experiri
593 2039 651 2080 non
672 2022 773 2098 piguit.
805 2022 875 2080 tosti
893 2023 1032 2098 tunsique

1 2133 2 2136 ¹
32 2103 208 2164 stomachum
228 2105 327 2164 iuvant
344 2102 410 2162 cibo
426 2112 474 2162 aut
489 2104 657 2182 potionibus
673 2105 808 2182 inspersi.
839 2104 978 2164 bibuntur
994 2123 1033 2164 ex

35 2205 101 2264 aqua
117 2186 248 2248 caelesti
260 2186 295 2246 ad
310 2187 467 2246 sistendum
481 2188 583 2247 alvom.
607 2187 690 2247 radix
701 2188 822 2248 decocta
837 2205 935 2248 sucum
952 2189 1033 2246 emit·

38 2272 70 2328 tit
88 2273 134 2348 qui
159 2272 271 2328 taenias
295 2278 379 2329 necat
399 2273 543 2330 victoriati
561 2271 700 2349 pondere.
734 2271 835 2331 eadem
854 2270 985 2330 discocta
1003 2273 1033 2328 iu

15 2390 24 2399 ..
37 2370 102 2431 aqua
116 2372 189 2430 quas
205 2353 311 2428 lycium
326 2362 456 2430 praestat
470 2355 618 2414 utilitates.

92 2437 175 2516 (61.)
201 2435 256 2495 Est
270 2445 300 2495 et
310 2436 447 2498 silvestre
459 2440 590 2515 punicum
603 2437 815 2507 asimilitudine
824 2435 1009 2513 appellatum.
1024 2444 1075 2498 llt

1 2581 2 2600 ἦ
35 2523 94 2580 eius
109 2520 226 2580 radices
244 2520 334 2578 rubro
348 2522 459 2582 cortice
472 2521 570 2582 denari
583 2521 714 2600 pondere
727 2521 840 2579 euvino
854 2526 943 2594 potae
957 2533 1031 2573 som·

1 2602 2 2648 l
34 2605 215 2664 nosiaciunt.
249 2604 361 2662 semine
379 2612 451 2681 poto
469 2622 541 2681 aqua
557 2622 630 2681 qnae
650 2604 772 2662 subierit
788 2608 884 2661 cutem
898 2601 1029 2658 siccatur.

1 2651 3 2716 l
34 2686 96 2746 mali
110 2689 208 2765 punici
226 2687 344 2746 corticis
363 2687 440 2746 fumo
456 2687 564 2747 culices
579 2688 721 2764 sugantur.

23 2812 24 2823 .
94 2772 121 2830 7.
162 2769 247 2849 (62.)
274 2768 406 2828 Pirorum
427 2773 549 2830 omniurn
563 2771 645 2832 cibus
662 2772 747 2829 ctiam
761 2765 924 2826 valentibus
941 2776 1075 2833 one-115

1 2879 2 2888 ¹
36 2873 128 2930 rosus,
147 2855 249 2930 aegris
263 2854 323 2912 vini
335 2871 451 2931 quoque
466 2855 551 2914 modo
564 2862 694 2930 negatur.
718 2851 840 2910 decocta
851 2847 952 2908 eadem
959 2849 1032 2909 mire

37 2937 159 2998 salubria
180 2945 210 2996 et
228 2944 329 3014 grata,
346 2939 503 3015 praecipue
521 2935 709 2997 Crustumina.
742 2947 939 3011 quaecumque
958 2949 1032 2993 vero

37 3039 95 3081 cum
115 3021 206 3080 melle
229 3020 352 3080 decocta
374 3021 548 3080 stomachum
570 3020 711 3078 adiuvant.
745 3017 815 3075 liunt
831 3013 1036 3090 cataplasmata

39 3124 54 3163 e
72 3107 140 3182 piris
158 3105 194 3164 ad
212 3103 393 3164 discutienda
407 3121 562 3182 corporum
577 3105 663 3176 vitia,
689 3108 719 3158 et
737 3100 860 3159 decocto
879 3114 981 3157 eorum
1000 3105 1038 3164 ad

1 3188 151 3262 aduritias
177 3196 304 3248 utuntur.
338 3189 401 3263 ipsa
416 3187 604 3247 adversantur
618 3183 729 3244 boletis
745 3191 831 3259 atque
848 3181 957 3256 iungis,
976 3189 1042 3262 pel.

1 3269 2 3294 *
39 3270 149 3350 lantque
160 3267 344 3350 ponderati·
355 3278 535 3348 repugnante
549 3287 627 3329 suco.
651 3266 749 3325 Pirum
760 3264 895 3324 silvestre
911 3266 1020 3330 tardis.
1038 3289 1088 3345 115

40 3356 103 3415 sime
117 3356 299 3416 maturescit.
327 3353 487 3413 conciditur
501 3368 732 3431 suspensumque
748 3350 872 3407 siccatur
887 3344 923 3403 ad
933 3349 1052 3426 sistam.

41 3436 95 3498 dam
113 3438 211 3498 alvom
220 3481 231 3515 ,
254 3436 333 3514 quod
347 3445 378 3498 et
393 3437 542 3496 decoctum
558 3438 620 3496 eius
635 3441 710 3512 potu
727 3434 864 3510 praestat.
896 3427 1057 3514 demean.
