2458 3906
156 211 219 273 ‘218
322 251 324 254 -
503 219 811 268 ceommundum

159 389 189 440 et
208 397 325 439 menses
351 377 417 438 ciet.
456 377 525 455 quin
545 376 630 437 immo
654 376 776 437 linteolo
797 375 932 453 deligatis
948 381 1060 436 tantum
1072 373 1175 452 granis

158 477 233 526 xxx
245 461 388 523 secundas
402 461 477 520 trahi
489 462 618 540 reperio.
646 462 723 521 aiunt
736 470 766 522 et
779 460 870 522 clavis
882 460 911 520 in
922 459 1048 539 pedibus
1059 459 1175 520 mederi

159 549 254 610 tritum
268 549 296 606 in
312 548 410 624 urina,
434 545 544 607 culices
561 544 657 607 sulhtu
675 563 798 623 necare,
815 546 884 606 item
898 561 1025 605 muscas.
1171 617 1173 620 y

117 645 167 699 185
222 632 308 713 (72.)
336 630 373 691 llt
394 648 512 691 anesum
535 630 689 692 adversum
711 631 885 710 scorpiones
907 647 946 689 ex
964 630 1032 689 uino
1048 627 1176 690 habetur

159 717 345 794 Pythagorae
358 716 433 776 iuter
449 731 541 795 pauca
557 715 702 776 laudatum
716 717 780 776 sive
792 714 911 776 crudum
927 715 989 774 sive
1003 714 1173 789 decoctum,
1186 725 1199 766 ⁵

158 806 227 862 item
248 801 341 861 viride
362 801 510 863 aridumve
529 798 660 860 omnibus
679 819 753 880 quae
777 799 949 860 condiuntur
969 816 1107 877 quaeque
1133 799 1174 856 in·

159 889 307 963 tinguntur
329 885 540 961 desideratum,
564 886 646 964 panis
669 887 755 945 etiam
776 885 881 945 crustis
900 882 1089 944 inferioribus
1106 880 1174 942 snb·

160 973 257 1034 ditum.
302 971 397 1032 saccis
424 985 542 1049 quoque
570 968 696 1030 additum
724 987 789 1030 cunr
821 969 925 1030 amaris
953 966 1076 1027 nucibus
1107 968 1175 1026 vina

117 1067 169 1122 186
181 1055 371 1117 commendat.
411 1056 478 1133 quin
493 1055 587 1133 ipsum
603 1055 662 1113 oris
678 1053 795 1114 halitum
812 1053 1011 1115 iucundiorem
1026 1050 1098 1112 lacit
1112 1052 1174 1112 lae·

160 1150 312 1219 toremque
333 1138 408 1199 tollit
432 1137 632 1199 manducatum
651 1139 795 1199 matutinis
811 1156 875 1199 cum
891 1139 1020 1212 zmyrnio
1039 1145 1069 1196 et
1083 1135 1175 1196 melle
1185 1151 1207 1192 no

161 1227 285 1302 exiguo,
313 1241 381 1283 mox
409 1223 477 1282 vino
497 1222 653 1284 conlutum.
699 1223 808 1284 voltum
827 1224 1007 1283 iuueniorem
1030 1229 1173 1300 praestat.

161 1310 299 1368 insomnia
324 1308 403 1368 levat
428 1325 601 1386 suspensum
625 1310 654 1367 in
683 1308 819 1388 pulvino,
846 1316 876 1366 ut
903 1307 1082 1368 dormientes
1109 1305 1174 1366 ole-

161 1394 277 1454 iaciant.
310 1392 505 1470 adpetentiam
532 1390 662 1452 ciborum
687 1400 831 1472 praestat,
857 1390 972 1470 quando
998 1389 1027 1450 id
1054 1405 1175 1468 qnoque

160 1480 234 1538 inter
251 1476 372 1538 artihcia
392 1475 517 1536 deliciae
538 1475 658 1554 iecere,
682 1495 720 1538 ex
740 1493 798 1556 quo
812 1475 897 1537 labor
917 1472 1105 1536 desiit'ciboa
1120 1491 1174 1554 po·

162 1580 257 1622 scere.
283 1560 320 1622 ob
336 1561 388 1621 has
405 1578 508 1622 causas
525 1562 639 1641 quidam
654 1562 798 1622 anicetum
813 1560 841 1620 id
858 1577 1016 1621 vocavere.
1185 1576 1207 1615 nr

119 1655 168 1711 187
222 1645 308 1726 (73.)
322 1644 560 1706 laudatissimum
573 1655 619 1706 est
631 1643 791 1722 Creticum,
804 1661 976 1724 proxumum
984 1643 1173 1723 Aegyptium.

160 1732 218 1792 hoc
233 1731 360 1809 ligustici
382 1730 477 1791 vicem
497 1738 626 1809 praestat
646 1732 674 1791 in
696 1731 902 1808 condimentis,
923 1729 1044 1791 dolores
1069 1730 1175 1808 capitis

161 1816 241 1878 levat
263 1815 389 1876 suffitum
404 1813 531 1876 naribus.
568 1814 718 1894 epiphoris
736 1815 888 1876 oculorum
904 1815 1024 1876 Euenor
1044 1814 1174 1874 radicem

162 1902 224 1961 eius
246 1909 357 1960 tunsam
381 1899 508 1978 inponit,
530 1897 620 1960 lollas
641 1901 735 1979 ipsum
756 1918 820 1960 cum
842 1917 931 1961 croco
954 1901 1017 1978 pari
1038 1898 1127 1958 modo
1145 1907 1174 1957 et

161 1986 245 2059 vino,
269 1992 298 2043 et
318 2000 372 2062 per
391 2001 423 2042 se
441 1984 536 2043 tritum
553 2003 616 2044 cum
629 1984 750 2063 polenta
765 1985 800 2046 ad
814 2002 933 2062 maguus
948 1984 1105 2044 ductiones
1120 2001 1172 2043 ex·
1183 1997 1206 2040 ao

161 2067 367 2146 trahendisque
382 2069 407 2127 si
420 2086 476 2148 qua
493 2069 522 2129 in
535 2069 639 2130 oculos
652 2068 816 2130 inciderint.
846 2071 956 2129 nerium
973 2085 1093 2148 quoque
1112 2085 1174 2127 car·

121 2161 171 2216 188
183 2152 303 2213 cinodes
325 2153 467 2213 consumit
487 2154 596 2215 inlitum
618 2172 656 2214 ex
676 2171 761 2234 aqua.
795 2153 878 2215 sedat
901 2155 1020 2231 anginas
1038 2169 1104 2212 cum
1122 2152 1173 2226 hy·

163 2253 237 2316 sopo
266 2254 301 2297 ac
326 2237 416 2298 melle
443 2257 482 2298 ex
498 2248 594 2316 ⁸aceto
611 2240 846 2316 gargarizatum,
875 2237 992 2298 auribus
1015 2236 1176 2296 infunditur

163 2340 226 2381 cunr
252 2339 397 2400 rosaceo,
427 2324 554 2384 thoracis
580 2323 697 2401 pituitas
721 2332 826 2402 purgat
848 2331 971 2400 tostum,
995 2337 1060 2384 cunr
1084 2320 1174 2381 melle

161 2415 304 2485 sumptum
319 2406 432 2468 melius.
458 2425 520 2468 cum
533 2407 686 2469 acetabulo
703 2409 784 2469 anesi
800 2425 890 2468 nuces
906 2424 1019 2468 amaras
1031 2419 1053 2467 L
1066 2412 1205 2484 'purga-n

162 2499 287 2552 testere
307 2493 336 2551 in
358 2491 446 2552 melle
465 2493 501 2553 ad
522 2493 633 2553 tussim.
664 2492 802 2554 facillime
821 2510 893 2553 vero
914 2493 997 2553 anesi
1015 2490 1174 2551 drachmae

163 2584 238 2652 tres,
254 2577 411 2656 papaveris
428 2574 501 2636 duae
519 2577 676 2638 miscentur
691 2577 779 2638 melle
795 2577 831 2638 nd
847 2575 932 2637 labae
946 2575 1175 2654 magnitudinem

122 2669 172 2723 189
184 2669 212 2720 et
225 2668 326 2721 ternae
338 2658 440 2721 diebus
452 2670 608 2722 sumuntur.
636 2663 824 2741 praecipuum
839 2670 935 2722 autem
952 2669 997 2720 est
1011 2659 1048 2720 nd
1062 2669 1174 2720 ructus.

163 2744 230 2804 ideo
246 2744 440 2805 inflationibus
456 2746 598 2807 stomachi
613 2755 642 2806 et
657 2747 855 2807 intestinorum
870 2743 1041 2806 torminibus
1057 2753 1088 2804 et
1105 2761 1174 2804 coe·

165 2827 247 2888 lincis
268 2829 409 2890 medetur.
445 2830 589 2907 singultus
615 2839 645 2889 et
668 2830 805 2891 olfactum
830 2839 989 2910 potumque
1016 2830 1173 2890 decoctum
1183 2847 1205 2890 co

163 2911 283 2972 inhibet.
310 2913 390 2974 loliis
404 2913 537 2974 decoctis
552 2915 658 2991 digerit
676 2914 843 2976 cruditates.
869 2932 957 2975 sucus
973 2915 1094 2976 decocti
1112 2932 1175 2974 cum

163 2996 230 3074 apio
254 2996 378 3058 ollactus
403 3007 597 3059 sternumenta
617 2998 736 3059 inhibet.
772 3008 872 3078 potum
893 3015 1012 3060 somnos
1038 3000 1173 3075 concitat,

164 3079 296 3142 calculos
318 3082 418 3163 pellit,
439 3084 612 3143 vomitiones
636 3083 754 3144 cohibet
775 3092 804 3143 01
826 3085 1068 3162 praecordiorum
1083 3093 1173 3144 turno·

165 3182 230 3242 res,
258 3175 287 3226 01
307 3175 459 3245 pectorum
483 3168 576 3246 vitiis,
604 3169 701 3229 neruis
720 3186 838 3248 quoque
861 3167 965 3247 quibus
992 3171 1175 3229 succinctum

122 3259 174 3313 190
186 3258 231 3310 est
250 3267 357 3332 corpus
373 3252 564 3312 utilissimum.
601 3253 723 3331 prodest
737 3262 767 3314 et
783 3253 887 3332 capitis
907 3253 1061 3333 doloribus
1081 3251 1204 3312 instilar

165 3334 218 3394 lari
240 3353 340 3396 sucum
359 3355 421 3396 cum
436 3336 504 3398 oleo
525 3337 651 3403 decocti.
688 3355 746 3398 non
762 3339 838 3399 aliud
854 3338 951 3399 utilius
969 3338 1066 3398 ventri
1085 3347 1116 3398 01
1133 3339 1174 3396 in·

165 3421 277 3480 testinis
293 3427 407 3499 putant,
426 3420 494 3481 ideo
511 3422 694 3498 dysintericis
713 3433 743 3484 et
758 3424 786 3484 in
798 3433 945 3484 tenesmos
958 3423 1045 3484 datur
1057 3431 1175 3483 tostum,

167 3502 255 3582 aliqui
278 3503 384 3565 addunt
405 3514 434 3565 et
455 3507 569 3585 opium,
592 3508 689 3588 pilulis
711 3510 740 3569 in
755 3509 802 3570 die
816 3511 907 3570 ternis
924 3508 1016 3588 lupini
1033 3508 1174 3593 magnitu-
