2504 3930
304 268 386 316 usu.
405 267 495 316 arsa.
512 269 609 316 xxxi.
629 267 654 320 o.
669 265 696 320 7.
713 257 863 337 (aa—41.)
1007 257 1068 320 275

81 420 241 500 appellato.
272 409 430 481 similis'est
446 440 570 499 corpore
585 423 700 484 alumini
715 425 790 503 quod
817 424 945 484 schiston
960 434 1074 504 vocant,

81 506 177 582 longis
193 505 306 581 glaebis
327 524 422 584 neque
439 505 613 584 perlucidis,
635 509 764 583 idgratus
779 526 899 586 sapore,
923 507 975 567 sed
987 508 1075 568 medi·

79 592 163 651 cinae
178 589 265 648 utilis.
295 589 435 667 probatur
451 607 533 666 quam
548 607 678 649 maxume
692 594 877 670 perspicuus,
899 594 987 651 rectis
1003 593 1074 650 scis·

79 676 165 734 suris.
195 674 310 750 insigna
324 673 360 732 de
380 690 416 732 eo
433 673 565 751 proditur
589 673 664 752 quod
689 677 852 734 levissimus
875 677 946 735 intra
968 693 1074 753 specus

56 776 148 818 ssuos
164 759 193 816 in
205 757 298 816 lacem
310 759 472 817 uniuersam
485 757 615 836 prolatus
630 759 678 816 vix
690 759 821 818 credibili
836 759 965 836 pondere
980 761 1074 835 ingra-

78 851 190 902 vescat.
220 859 307 900 causa
322 841 458 916 evidens,
476 841 674 902 cuniculorum
690 844 791 920 spiritu
806 842 918 901 madido
936 845 979 900 sic
996 844 1074 902 adiu·

16 917 22 930 '
78 924 318 986 vantemoliantis
334 934 363 983 ut
384 925 516 985 adiuvant
534 941 636 1000 aquae.
673 925 848 986 adulteratur
869 926 967 985 Siculo
990 944 1073 1003 quern
1093 946 1116 982 ιι
1222 971 1229 987 .

8 999 10 1012 ’
79 1010 255 1070 Cocanicum
271 1008 498 1086 appellavimus,
514 1025 638 1068 necnon
655 1019 684 1068 et
700 1007 807 1087 Cyprio
824 1011 895 1069 mire
911 1008 1004 1068 simili.
1038 1009 1117 1075 Inoo

78 1093 215 1170 Hispania
231 1107 348 1170 quoque
365 1093 501 1151 citeriore
515 1093 674 1166 Egelestae
700 1093 828 1152 caeditur
845 1092 959 1168 glaebis
981 1110 1073 1170 paene

46 1192 70 1233 ιι
81 1175 289 1236 tralucentibus
305 1177 350 1234 cui
363 1179 418 1234 iam
434 1175 545 1252 pridem
561 1175 656 1255 palma
672 1195 687 1236 a
703 1177 852 1254 plerisque
867 1175 985 1234 medicis
1001 1177 1075 1235 inter

11 1275 31 1330 ‚¹
82 1261 172 1318 omnia
188 1258 256 1318 salis
268 1276 377 1335 genera
394 1257 572 1338 perhibemr.
605 1259 702 1319 Omnis
717 1261 799 1318 locus
814 1260 843 1318 in
858 1277 915 1337 quo
930 1261 1076 1336 reperitur

8 1369 9 1410 1
81 1343 123 1402 sal
139 1342 246 1402 sterilis
258 1351 302 1402 est
313 1343 440 1420 nihilque
457 1345 561 1420 gignit.
587 1353 616 1402 et
631 1345 658 1402 in
673 1352 762 1402 totum
778 1351 881 1420 sponte
896 1359 1018 1402 nascens
1034 1344 1074 1401 in·

8 1435 9 1440 ’
79 1425 203 1486 trahaec
212 1436 267 1486 est.
282 1425 401 1486 Facticii
410 1431 488 1486 varia
502 1429 623 1504 genera,
638 1427 764 1504 volgaris
776 1427 1015 1505 plurumusqnein
1028 1444 1071 1485 sa·
1083 1435 1115 1490 81

78 1510 143 1568 linis
158 1510 228 1568 mari
246 1509 348 1569 adfuso
360 1528 417 1570 non
430 1513 491 1571 sine
508 1525 598 1586 aquae
614 1510 705 1570 dulcis
720 1513 825 1586 riguis,
845 1510 895 1568 scd
910 1509 999 1568 imbre
1017 1525 1074 1568 ma·

14 1609 17 1620 ·
46 1611 69 1651 ιι
79 1611 164 1655 xume
181 1595 295 1652 iurante
309 1612 345 1653 ac
361 1610 449 1672 super
467 1595 560 1654 omnia
576 1595 649 1670 sole,
663 1594 821 1672 multoque,
836 1595 919 1652 aliter
934 1610 991 1651 non
1010 1611 1073 1652 are·

77 1695 175 1736 scens.
207 1676 307 1736 Africa
319 1679 396 1738 circa
408 1678 522 1739 Uticam
538 1680 677 1737 construit
688 1695 810 1736 acervos
822 1677 891 1736 salis
906 1676 940 1734 ad
958 1677 1074 1736 collium

50 1755 52 1764 ’
77 1761 222 1838 speciem,
240 1762 287 1838 qui
304 1761 352 1820 ubi
369 1762 433 1820 sole
448 1763 573 1838 lunaque
590 1761 760 1837 induruere,
775 1761 853 1820 nullo
870 1777 969 1819 umore
984 1760 1073 1838 lique·

77 1852 161 1902 scunt
171 1844 278 1922 vixque
293 1845 376 1904 etiam
389 1845 468 1904 ferro
483 1843 649 1904 caeduntur.
677 1846 707 1903 lit
718 1854 810 1903 tamen
827 1852 855 1902 ct
869 1844 898 1902 in
910 1841 997 1919 Creta
1013 1845 1073 1902 sine

77 1928 168 2003 riguis
185 1944 263 1986 mare
278 1929 307 1986 in
332 1929 439 1989 salinas
453 1925 666 1988 infundentibus
690 1938 718 1987 et
736 1930 814 1987 circa
828 1925 992 2006 Aegyptum
1008 1930 1073 2006 ipso

44 2011 149 2070 murari
165 2011 301 2070 induente
316 2013 344 2070 in
360 2014 470 2089 solum,
494 2021 523 2072 ut
538 2013 645 2085 credo,
667 2010 734 2071 Nilo
751 2027 894 2070 sucosum.
927 2012 957 2070 nr
974 2020 1002 2069 et
1022 2028 1073 2088 pu·

77 2097 133 2153 teis
148 2095 177 2152 in
193 2097 298 2154 salinas
312 2097 444 2173 ingestis.
473 2097 565 2175 prima
586 2095 715 2156 densatio
731 2093 879 2168 Babylone
900 2096 928 2152 in
946 2094 1070 2152 bitumen
1082 2103 1116 2158 ΒΞ

77 2177 215 2256 liquidum
242 2180 354 2256 cogitur
380 2180 447 2240 oleo
473 2177 584 2255 simile,
612 2197 668 2256 quo
694 2188 722 2238 et
745 2181 773 2236 in
795 2177 920 2236 lucernis
950 2187 1073 2236 utuntur.

77 2260 134 2321 hoc
149 2260 281 2322 detracto
296 2262 395 2322 subest
412 2263 465 2322 sal.
495 2271 525 2322 et
544 2265 572 2322 in
590 2262 808 2341 Cappadociae
826 2263 918 2340 puteis
938 2280 972 2321 ac
993 2261 1073 2320 ionte

78 2361 180 2423 aquam
197 2345 224 2402 in
247 2345 354 2405 salinas
375 2347 518 2422 ingerunt.
553 2349 582 2406 in
597 2344 725 2406 Chaonia
749 2353 893 2404 excocunt
912 2363 1012 2423 aquam
1037 2363 1075 2402 ex

42 2428 158 2490 asiontc
177 2428 439 2507 refrigerandoque
461 2430 550 2490 salem
573 2429 682 2489 faciunt
706 2431 826 2507 inertem
842 2445 897 2487 nec
916 2427 1073 2486 candidum.

78 2509 189 2572 Galliae
207 2511 434 2593 Germaniaeque
453 2513 618 2574 ardentibus
639 2513 727 2588 lignis
745 2527 847 2588 aquam
863 2510 967 2570 salsam
984 2509 1073 2569 infun·

77 2594 153 2653 dunt.

141 2677 226 2757 (40.)
245 2678 389 2759 llispania
400 2681 519 2757 quadam
533 2681 575 2738 sui
584 2688 666 2756 parte
680 2677 802 2754 eputeis
814 2675 944 2734 hauriunt
953 2675 1070 2734 muriam
1081 2685 1116 2740 83

77 2761 269 2840 appellantes,
299 2762 340 2822 illi
356 2764 469 2839 quidem
486 2773 515 2823 et
530 2764 637 2840 lignum
654 2761 766 2820 referre
782 2758 961 2818 arbitrantur.
989 2777 1072 2836 quer·

41 2865 68 2907 ao
79 2863 127 2904 cus
143 2854 276 2922 optuma,
300 2854 329 2904 ut
343 2864 418 2924 quae
440 2865 493 2926 per
511 2866 543 2906 se
561 2847 657 2905 cinere
675 2846 790 2903 sincero
807 2843 862 2900 vim
879 2843 948 2900 salis
962 2841 1072 2914 reddat,

77 2928 144 2987 alibi
156 2929 273 3003 corylus
288 2929 427 2990 laudatur.
454 2932 493 2989 ita
509 2931 604 2989 inluso
620 2930 733 3007 liquore
749 2926 827 2986 salso
844 2925 931 2984 carbo
946 2927 1031 2985 etiarn
1046 2928 1073 2984 in

78 3012 167 3070 salem
181 3013 310 3071 vertitur.
340 3015 512 3091 quicumque
528 3014 610 3091 ligno
631 3013 719 3071 confit
740 3010 783 3070 sal
799 3011 885 3086 niger
907 3018 960 3067 est.
987 3008 1073 3087 Apud

77 3093 308 3172 Theophrastum
329 3097 443 3157 invenio
465 3097 590 3158 Umbros
613 3095 779 3156 harundinis
803 3102 831 3151 et
851 3094 925 3152 iunci
947 3094 1073 3152 cinerem

76 3177 244 3256 decoquere
269 3197 342 3257 aqua
367 3181 469 3240 solitos
492 3183 586 3240 donec
609 3182 744 3256 exiguum
766 3185 936 3254 superesset
956 3177 1071 3234 umoris.

40 3263 142 3338 acquin
158 3271 188 3320 et
205 3279 221 3319 e
238 3265 328 3322 muria
340 3264 574 3324 salsamentorum
589 3265 757 3341 recoquitur
768 3263 927 3336 iterumque
944 3275 1072 3318 consum-

74 3355 125 3423 pto
140 3345 254 3422 liquore
270 3346 307 3406 sd
320 3356 449 3408 naturam
465 3367 544 3408 suam
560 3349 650 3424 redit,
673 3347 761 3423 volgo
785 3363 802 3404 e
817 3345 907 3403 menis
930 3342 1073 3401 iucundis-

74 3447 172 3488 simus.

139 3513 226 3590 (41.)
248 3511 419 3574 Morinorum
434 3531 565 3574 maxume
587 3514 716 3575 laudatur
732 3512 855 3592 Cyprius
878 3529 895 3571 a
916 3511 1068 3588 Salamine,
1081 3518 1117 3574 84

848 3599 913 3661 18*
