2508 3924
249 263 328 312 nun.
345 262 435 311 utun.
451 263 575 313 xxvut.
594 262 637 315 13.
655 260 698 316 14.
715 249 864 332 (ts-tat)
993 250 1052 314 193

70 417 162 478 elixus
179 418 211 475 in
227 415 304 476 cibo.
334 418 363 476 in
378 418 477 480 vesica
499 435 616 496 quoque
630 416 715 479 bovis
737 417 775 480 ali
794 420 888 496 capita
902 415 958 477 XX
972 425 1054 477 tunsa

70 502 220 561 numanati
238 502 365 560 senario
384 501 555 579 inponuntur
569 501 605 560 ad
620 501 703 560 lienis
719 501 845 562 dolores.
882 500 981 560 eadem
997 511 1094 566 extol
1121 557 1125 563 .
1219 554 1228 570 ,

68 598 156 644 causa
190 585 245 642 emi
265 584 370 644 lienem
392 585 470 644 vituli
501 585 597 663 quanti
625 585 764 646 indicatus
793 588 829 646 sit
853 585 952 645 iubent
976 584 1054 660 Magi

67 667 145 728 nulla
162 669 237 746 preti
253 667 452 743 cunctatione,
475 671 607 746 quoniam
622 667 678 728 boc
699 683 819 748 quoque,
833 669 972 744 religiose
988 685 1053 745 per·

46 752 172 830 atinent,
195 750 372 828 divisumque
393 768 447 830 per
467 751 671 827 longitudinem
692 751 804 813 adnecti
827 754 938 812 tunicae
958 752 1053 811 utrim-

68 853 125 912 que
135 843 165 894 et
176 833 340 894 induentem
354 835 413 913 pati
428 834 564 894 decidere
579 835 615 894 ad
628 835 728 913 pedes,
744 835 809 894 dein
823 834 977 894 collectum
991 853 1053 895 are·

69 917 167 978 iacere
187 917 337 977 inumbra.
375 937 438 979 cum
451 917 508 976 boc
526 919 589 995 liat,
605 919 686 978 simul
700 919 831 978 residere
848 919 951 978 lienem
972 919 1053 994 aegri

68 1003 193 1061 uitiatum
208 1001 381 1078 liberarique
396 1019 460 1060 eum
480 1001 582 1062 morbo
601 1002 712 1062 dicitur.
741 1001 861 1080 prodest
877 1001 972 1080 pulmo
992 1001 1053 1060 vol·

69 1086 143 1164 pium
160 1086 258 1144 cinere
273 1085 398 1146 siccatus
410 1094 495 1162 atque
508 1087 537 1145 in
551 1103 625 1163 aqua
639 1094 735 1164 potus,
748 1087 813 1146 item
827 1085 983 1146 haedorum
997 1084 1054 1144 lien

36 1169 219 1246 roinpositus.
1160 1231 1162 1236 ,

76 1287 79 1292 -
132 1252 179 1310 ld.
204 1252 286 1330 (58.)
308 1251 415 1312 Alnom
427 1253 501 1312 sistit
515 1253 595 1312 cervi
608 1253 734 1329 sanguis,
747 1253 814 1310 item
828 1268 933 1312 cornus
949 1251 1031 1327 cinis,
1044 1261 1097 1314 202

67 1337 148 1396 iocur
166 1352 306 1412 aprunum
326 1353 365 1396 ex
378 1336 446 1395 vino
463 1345 560 1414 potum
582 1337 652 1396 citra
673 1335 763 1395 salem
785 1353 964 1412 recensque,
987 1336 1054 1394 item

66 1415 166 1478 assum'
178 1418 292 1478 suillum
313 1420 362 1480 nel
384 1419 522 1478 hircinum
542 1419 693 1478 decoctum
714 1417 751 1478 ad
770 1420 893 1496 quintam
915 1418 1055 1478 heminam

67 1503 96 1560 in
109 1504 188 1577 vino,
207 1502 360 1578 coagulum
377 1502 489 1580 leporis
504 1504 533 1562 in
547 1505 614 1562 vino
631 1503 734 1562 ciceris
750 1501 943 1578 magnitudine
958 1509 1016 1575 aut,
1031 1503 1056 1560 si

30 1585 158 1645 salebris
175 1587 222 1660 sit,
239 1603 275 1644 ex
289 1603 363 1663 aqua
377 1619 421 1632 --
431 1585 517 1663 aliqui
532 1595 561 1646 et
575 1583 680 1662 gallam
692 1585 825 1662 adiciunt,
841 1584 888 1643 alii
900 1602 952 1662 per
966 1603 999 1644 se
1013 1585 1054 1644 le·

66 1671 149 1748 poris
165 1670 305 1744 sanguine
322 1670 453 1728 contenti
467 1677 531 1728 sunt
546 1669 622 1728 lacte
640 1677 725 1728 cocto
740 1701 800 1743 -,
821 1669 916 1746 equini
938 1668 994 1726 simi
1016 1669 1054 1726 ci·

65 1755 111 1811 nis
129 1753 160 1810 in
183 1761 255 1829 aqua
277 1760 377 1829 potus,
400 1753 501 1812 taurini
520 1770 625 1811 cornus
648 1753 755 1811 veteris
778 1769 794 1809 e
817 1759 898 1828 parte
913 1753 966 1810 ima
984 1751 1055 1810 cinis

65 1839 216 1913 inspersus
238 1837 348 1912 potioni
373 1853 464 1912 aquae
485 1836 601 1911 sanguis
624 1835 749 1894 hircinus
770 1835 798 1892 in
820 1833 946 1893 carbone
968 1835 1059 1896 deco.

65 1928 147 1994 otus,
171 1919 278 1977 corium
297 1919 443 1997 caprinum
464 1936 527 1978 cum
546 1935 598 1978 suo
617 1918 677 1996 pilo
693 1918 843 1978 decoctum
867 1935 937 1976 suco
954 1927 1053 1996 epoto.

27 2001 228 2078 quoagulum
248 2002 315 2079 equi
336 2011 365 2061 et
389 2003 507 2079 sanguis
527 2003 660 2080 caprinus
677 2000 724 2060 vel
744 2000 869 2061 medulla
887 2001 935 2060 vel
950 2001 1033 2061 iocur
1046 2011 1097 2065 203

65 2085 164 2145 alvom
178 2083 282 2160 solvit,
306 2084 346 2144 iel
367 2085 426 2162 lupi
449 2103 512 2145 cum
534 2085 656 2146 elaterio
679 2084 814 2144 umbilico
835 2083 980 2160 inligatum
1006 2083 1055 2144 uel

64 2167 152 2228 lactis
167 2168 263 2244 equini
278 2177 379 2244 potus,
402 2171 470 2228 item
483 2169 592 2246 caprini
608 2187 671 2228 curu
690 2168 753 2228 saie
774 2176 804 2227 et
822 2167 925 2244 melle,
946 2185 1054 2246 caprae

64 2250 110 2311 iel
125 2267 188 2309 cnm
208 2251 358 2324 cyclamini
373 2268 443 2312 suco
458 2261 489 2312 et
504 2251 633 2312 aluminis
646 2260 790 2312 momento
806 2283 849 2298 ·—
864 2251 951 2329 aliqui
968 2261 996 2311 et
1012 2252 1053 2310 ni·

65 2343 142 2395 mm
156 2342 185 2393 et
200 2351 300 2412 aquam
315 2334 459 2394 adiecisse
473 2334 578 2407 malunt
600 2369 657 2412 -‚
677 2335 719 2395 iel
742 2335 814 2394 tauri
830 2353 893 2394 cum
912 2334 1054 2394 absinthio

21 2433 54 2476 25
65 2419 164 2478 tritum
178 2434 214 2476 ac
228 2417 370 2478 subditum
385 2417 512 2496 pastillo,
528 2416 658 2492 butyrum
667 2419 775 2494 largius
790 2427 939 2496 sumptum.
967 2434 1034 2476 coe·
1046 2429 1098 2482 aot

63 2500 152 2561 liaois
166 2509 195 2560 et
210 2501 391 2576 dysintericis
406 2500 535 2560 medetur
552 2502 636 2560 iocur
650 2503 807 2578 vaccinum,
824 2519 928 2560 cornus
946 2501 1055 2561 cervini

64 2585 141 2644 cinis
157 2583 249 2644 tribus
265 2584 362 2660 digitis
381 2592 482 2662 captus
499 2584 528 2642 in
545 2584 662 2662 potione
678 2601 787 2662 aquas,
803 2584 955 2660 coagulum
972 2582 1054 2660 lepo-

62 2669 107 2728 ris
121 2666 270 2728 subactum
284 2671 313 2728 in
329 2685 420 2746 pane,
444 2668 468 2726 si
491 2683 561 2724 vero
582 2669 747 2742 sanguinem
773 2665 935 2742 detrahant,
956 2668 984 2724 in
1000 2683 1055 2764 po:

62 2751 158 2826 lenta,
174 2768 274 2848 apruni
266 2751 333 2810 vel
344 2751 419 2812 suilli
432 2749 479 2810 vel
494 2749 616 2827 leporini
626 2751 682 2808 limi
695 2751 766 2808 cinis
779 2750 927 2826 inspersus
946 2749 1055 2826 potioni

16 2855 52 2898 ao
64 2834 161 2913 tepidi
177 2835 243 2892 vini
273 2835 353 2894 uituli
373 2851 486 2912 quoque
511 2835 555 2892 ius
570 2833 734 2915 volgariter
749 2831 842 2892 datum
865 2833 937 2891 inter
952 2832 1055 2893 auxilia

63 2918 267 2978 coeliacorum
289 2926 318 2977 et
340 2917 576 3015 dysintericorum
590 2916 712 2978 tradunt.
741 2915 825 2976 lactis
845 2916 947 2974 asinini
969 2924 1055 2993 potus

59 3001 167 3062 utilior
181 3000 278 3060 addito
289 3000 386 3074 ruello,
401 3019 456 3059 nec
470 3002 561 3061 minus
572 3001 677 3060 eilicax
694 3001 750 3059 limi
767 3000 837 3058 cinis
855 3017 893 3058 ex
905 3001 971 3058 vino
986 3001 1053 3058 utri·

60 3102 126 3182 que
140 3084 228 3159 vitio,
251 3085 318 3143 item
334 3082 418 3161 polea
437 3100 520 3161 supra
536 3082 620 3144 dicta.
644 3085 711 3162 equi
726 3081 894 3160 coagulum,
911 3082 987 3160 quod
1000 3083 1096 3140 ali-200

60 3187 115 3246 qut
108 3165 277 3266 'biqqacen
292 3165 454 3245 appellant,
477 3168 561 3226 etiam
578 3168 602 3226 si
620 3168 784 3244 sanguinem
800 3165 962 3242 detrahant,
986 3165 1031 3224 vel
1045 3175 1096 3228 205

11 3269 49 3310 ³5
62 3252 127 3310 limi
147 3251 219 3310 cinis
237 3249 417 3328 dentiumque
437 3249 563 3308 eiusdem
583 3260 728 3310 tonsorum
751 3249 840 3308 farina
864 3249 1005 3309 salutares
1026 3257 1055 3308 et

60 3332 171 3394 bubuli
187 3333 270 3393 lactis
285 3333 401 3393 decocti
408 3343 509 3412 potus.
539 3332 719 3408 dysintericis
733 3331 797 3392 addi
811 3332 906 3392 mellis
921 3334 1055 3408 exiguum

60 3417 254 3496 praecipiunt
268 3426 311 3492 at,
336 3417 361 3474 si
374 3419 494 3477 tormina
517 3417 589 3491 sint,
614 3433 717 3476 cornus
733 3417 852 3474 cervini
862 3417 987 3475 cinerem
1008 3424 1055 3475 aut

57 3501 107 3562 fel
129 3500 272 3560 murinum
295 3502 405 3560 cumino
425 3502 541 3563 mixtum
559 3509 588 3560 et
609 3498 773 3561 cucurbitae
801 3501 894 3560 caruis
920 3499 1055 3566 umbilico

104 3603 181 3646 nun.
198 3603 259 3642 nur.
275 3603 347 3650 nasu,
357 3587 405 3642 lV.
857 3582 892 3644 13
