<?xml version="1.0" encoding="UTF-8"?>
<!DOCTYPE html PUBLIC "-//W3C//DTD XHTML 1.0 Transitional//EN"
    "http://www.w3.org/TR/xhtml1/DTD/xhtml1-transitional.dtd">
<html xmlns="http://www.w3.org/1999/xhtml" xml:lang="en" lang="en">
 <head>
  <title>
</title>
<meta http-equiv="Content-Type" content="text/html;charset=utf-8" />
  <meta name='ocr-system' content='tesseract 3.04.00' />
  <meta name='ocr-capabilities' content='ocr_page ocr_carea ocr_par ocr_line ocrx_word'/>
</head>
<body>
  <div class='ocr_page' id='page_1' title='image "./naturalishistor00plingoog_0424.png"; bbox 0 0 2370 3922; ppageno 0'>
   <div class='ocr_carea' id='block_1_1' title="bbox 40 227 785 290">
    <p class='ocr_par' dir='ltr' id='par_1_1' title="bbox 40 227 785 290">
     <span class='ocr_line' id='line_1_1' title="bbox 40 227 785 290; baseline -0.005 0"><span class='ocrx_word' id='word_1_1' title='bbox 40 241 43 250; x_wconf 87' lang='lat'>·</span> <span class='ocrx_word' id='word_1_2' title='bbox 153 227 172 290; x_wconf 85' lang='lat'><em>8</em></span> <span class='ocrx_word' id='word_1_3' title='bbox 476 237 505 286; x_wconf 86' lang='lat' dir='ltr'><strong>c.</strong></span> <span class='ocrx_word' id='word_1_4' title='bbox 523 239 619 286; x_wconf 77' lang='lat' dir='ltr'><strong>anim</strong></span> <span class='ocrx_word' id='word_1_5' title='bbox 635 239 785 288; x_wconf 77' lang='lat' dir='ltr'><strong>suenum</strong></span> 
     </span>
    </p>
   </div>
   <div class='ocr_carea' id='block_1_2' title="bbox 152 393 1139 536">
    <p class='ocr_par' dir='ltr' id='par_1_2' title="bbox 152 393 1139 536">
     <span class='ocr_line' id='line_1_2' title="bbox 152 393 1139 536; baseline 0.001 -83"><span class='ocrx_word' id='word_1_6' title='bbox 152 393 215 536; x_wconf 62' lang='lat' dir='ltr'><strong>dplps</strong></span> <span class='ocrx_word' id='word_1_7' title='bbox 235 393 298 536; x_wconf 71' lang='lat' dir='ltr'><strong>tboc</strong></span> <span class='ocrx_word' id='word_1_8' title='bbox 318 393 395 454; x_wconf 87' lang='lat' dir='ltr'><strong>idenr</strong></span> <span class='ocrx_word' id='word_1_9' title='bbox 416 401 546 472; x_wconf 88' lang='lat' dir='ltr'><strong>praestat</strong></span> <span class='ocrx_word' id='word_1_10' title='bbox 568 395 650 470; x_wconf 81' lang='lat' dir='ltr'><strong>nigra</strong></span> <span class='ocrx_word' id='word_1_11' title='bbox 670 396 755 470; x_wconf 89' lang='lat' dir='ltr'><strong>vitis,</strong></span> <span class='ocrx_word' id='word_1_12' title='bbox 778 395 912 470; x_wconf 87' lang='lat' dir='ltr'><strong>quoniam</strong></span> <span class='ocrx_word' id='word_1_13' title='bbox 932 393 997 454; x_wconf 88' lang='lat' dir='ltr'><strong>alba</strong></span> <span class='ocrx_word' id='word_1_14' title='bbox 1013 396 1139 472; x_wconf 88' lang='lat' dir='ltr'><strong>pruritum</strong></span> 
     </span>
     <span class='ocr_line' id='line_1_3' title="bbox 152 496 253 536; baseline -0.01 0"><span class='ocrx_word' id='word_1_15' title='bbox 152 496 168 536; x_wconf 94' lang='lat' dir='ltr'><strong>a</strong></span> <span class='ocrx_word' id='word_1_16' title='bbox 199 496 253 536; x_wconf 88' lang='lat' dir='ltr'><strong>er.</strong></span> 
     </span>
    </p>
   </div>
   <div class='ocr_carea' id='block_1_3' title="bbox 46 576 1177 1571">
    <p class='ocr_par' dir='ltr' id='par_1_3' title="bbox 109 576 1177 656">
     <span class='ocr_line' id='line_1_4' title="bbox 109 576 1177 656; baseline -0.007 -14"><span class='ocrx_word' id='word_1_17' title='bbox 109 588 142 642; x_wconf 79' lang='lat'><strong>27</strong></span> <span class='ocrx_word' id='word_1_18' title='bbox 218 578 299 656; x_wconf 84' lang='lat'><strong>(17.)</strong></span> <span class='ocrx_word' id='word_1_19' title='bbox 323 576 389 637; x_wconf 45' lang='lat' dir='ltr'><strong>,Est</strong></span> <span class='ocrx_word' id='word_1_20' title='bbox 414 594 486 653; x_wconf 82' lang='lat' dir='ltr'><strong>ergo</strong></span> <span class='ocrx_word' id='word_1_21' title='bbox 511 585 541 636; x_wconf 89' lang='lat' dir='ltr'><strong>et</strong></span> <span class='ocrx_word' id='word_1_22' title='bbox 563 579 662 653; x_wconf 82' lang='lat' dir='ltr'><strong>nigra,</strong></span> <span class='ocrx_word' id='word_1_23' title='bbox 690 595 773 654; x_wconf 90' lang='lat' dir='ltr'><strong>quam</strong></span> <span class='ocrx_word' id='word_1_24' title='bbox 794 578 913 654; x_wconf 81' lang='lat' dir='ltr'>proprie</span> <span class='ocrx_word' id='word_1_25' title='bbox 934 577 1083 651; x_wconf 73' lang='lat' dir='ltr'><strong>bryoniam</strong></span> <span class='ocrx_word' id='word_1_26' title='bbox 1099 595 1140 636; x_wconf 87' lang='lat' dir='ltr'><strong>vo·</strong></span> <span class='ocrx_word' id='word_1_27' title='bbox 1176 647 1177 652; x_wconf 8' lang='grc' dir='ltr'>η</span> 
     </span>
    </p>

    <p class='ocr_par' dir='ltr' id='par_1_4' title="bbox 102 657 1161 827">
     <span class='ocr_line' id='line_1_5' title="bbox 102 657 1141 738; baseline -0.002 -17"><span class='ocrx_word' id='word_1_28' title='bbox 102 662 105 672; x_wconf 95' lang='grc'><strong>’</strong></span> <span class='ocrx_word' id='word_1_29' title='bbox 153 670 235 738; x_wconf 88' lang='lat' dir='ltr'><strong>cant,</strong></span> <span class='ocrx_word' id='word_1_30' title='bbox 259 661 307 721; x_wconf 92' lang='lat' dir='ltr'><strong>alii</strong></span> <span class='ocrx_word' id='word_1_31' title='bbox 329 657 509 736; x_wconf 82' lang='lat' dir='ltr'><strong>chironiam,</strong></span> <span class='ocrx_word' id='word_1_32' title='bbox 529 660 577 720; x_wconf 89' lang='lat' dir='ltr'><strong>alii</strong></span> <span class='ocrx_word' id='word_1_33' title='bbox 593 659 814 736; x_wconf 75' lang='lat' dir='ltr'>gynaecanthen</span> <span class='ocrx_word' id='word_1_34' title='bbox 830 669 877 720; x_wconf 87' lang='lat' dir='ltr'><strong>aut</strong></span> <span class='ocrx_word' id='word_1_35' title='bbox 894 662 1059 738; x_wconf 79' lang='lat' dir='ltr'><strong>apronium,</strong></span> <span class='ocrx_word' id='word_1_36' title='bbox 1076 662 1141 719; x_wconf 89' lang='lat' dir='ltr'><strong>simi·</strong></span> 
     </span>
     <span class='ocr_line' id='line_1_6' title="bbox 152 743 1161 827; baseline -0.004 -23"><span class='ocrx_word' id='word_1_37' title='bbox 152 745 210 806; x_wconf 85' lang='lat' dir='ltr'><strong>lem</strong></span> <span class='ocrx_word' id='word_1_38' title='bbox 234 745 345 827; x_wconf 76' lang='lat' dir='ltr'><strong>priori,</strong></span> <span class='ocrx_word' id='word_1_39' title='bbox 371 752 574 824; x_wconf 82' lang='lat' dir='ltr'><strong>praeterquam</strong></span> <span class='ocrx_word' id='word_1_40' title='bbox 594 743 713 820; x_wconf 89' lang='lat' dir='ltr'><strong>colore,</strong></span> <span class='ocrx_word' id='word_1_41' title='bbox 741 743 825 804; x_wconf 91' lang='lat' dir='ltr'><strong>huius</strong></span> <span class='ocrx_word' id='word_1_42' title='bbox 851 746 927 803; x_wconf 92' lang='lat' dir='ltr'><strong>enim</strong></span> <span class='ocrx_word' id='word_1_43' title='bbox 950 745 1064 820; x_wconf 80' lang='lat' dir='ltr'><strong>nigrum</strong></span> <span class='ocrx_word' id='word_1_44' title='bbox 1082 762 1161 802; x_wconf 73' lang='lat' dir='ltr'><strong>esset</strong></span> 
     </span>
    </p>

    <p class='ocr_par' dir='ltr' id='par_1_5' title="bbox 110 825 1141 988">
     <span class='ocr_line' id='line_1_7' title="bbox 110 825 1141 907; baseline -0.008 -15"><span class='ocrx_word' id='word_1_45' title='bbox 110 839 145 892; x_wconf 77' lang='lat'><strong>24</strong></span> <span class='ocrx_word' id='word_1_46' title='bbox 157 829 287 890; x_wconf 82' lang='lat' dir='ltr'><strong>diximus.</strong></span> <span class='ocrx_word' id='word_1_47' title='bbox 319 835 477 906; x_wconf 82' lang='lat' dir='ltr'><strong>asparagos</strong></span> <span class='ocrx_word' id='word_1_48' title='bbox 498 829 560 886; x_wconf 92' lang='lat' dir='ltr'><strong>eius</strong></span> <span class='ocrx_word' id='word_1_49' title='bbox 576 825 696 888; x_wconf 88' lang='lat' dir='ltr'><strong>Diocles</strong></span> <span class='ocrx_word' id='word_1_50' title='bbox 713 827 851 907; x_wconf 88' lang='lat' dir='ltr'><strong>praetulit</strong></span> <span class='ocrx_word' id='word_1_51' title='bbox 865 829 944 887; x_wconf 86' lang='lat' dir='ltr'><strong>veris</strong></span> <span class='ocrx_word' id='word_1_52' title='bbox 958 828 1105 904; x_wconf 82' lang='lat' dir='ltr'><strong>asparagis</strong></span> <span class='ocrx_word' id='word_1_53' title='bbox 1118 829 1141 884; x_wconf 92' lang='lat' dir='ltr'><strong>in</strong></span> 
     </span>
     <span class='ocr_line' id='line_1_8' title="bbox 153 909 1141 988; baseline -0.004 -16"><span class='ocrx_word' id='word_1_54' title='bbox 153 913 219 973; x_wconf 91' lang='lat' dir='ltr'><strong>cibo</strong></span> <span class='ocrx_word' id='word_1_55' title='bbox 237 913 338 972; x_wconf 90' lang='lat' dir='ltr'><strong>urinae</strong></span> <span class='ocrx_word' id='word_1_56' title='bbox 355 911 475 972; x_wconf 75' lang='lat' dir='ltr'><strong>ciendae</strong></span> <span class='ocrx_word' id='word_1_57' title='bbox 490 911 619 988; x_wconf 82' lang='lat' dir='ltr'><strong>lienique</strong></span> <span class='ocrx_word' id='word_1_58' title='bbox 632 911 795 972; x_wconf 91' lang='lat' dir='ltr'><strong>minuendo.</strong></span> <span class='ocrx_word' id='word_1_59' title='bbox 821 911 851 970; x_wconf 93' lang='lat' dir='ltr'><strong>iu</strong></span> <span class='ocrx_word' id='word_1_60' title='bbox 862 911 997 971; x_wconf 83' lang='lat' dir='ltr'><strong>frutectis</strong></span> <span class='ocrx_word' id='word_1_61' title='bbox 1011 918 1042 970; x_wconf 88' lang='lat' dir='ltr'><strong>et</strong></span> <span class='ocrx_word' id='word_1_62' title='bbox 1052 909 1141 969; x_wconf 89' lang='lat' dir='ltr'><strong>harun-</strong></span> 
     </span>
    </p>

    <p class='ocr_par' dir='ltr' id='par_1_6' title="bbox 111 993 1177 1322">
     <span class='ocr_line' id='line_1_9' title="bbox 111 993 1141 1071; baseline -0.002 -17"><span class='ocrx_word' id='word_1_63' title='bbox 111 1004 144 1054; x_wconf 81' lang='lat'><strong>28</strong></span> <span class='ocrx_word' id='word_1_64' title='bbox 155 996 262 1057; x_wconf 91' lang='lat' dir='ltr'><strong>dinetis</strong></span> <span class='ocrx_word' id='word_1_65' title='bbox 275 1011 405 1055; x_wconf 80' lang='lat' dir='ltr'><strong>maxume</strong></span> <span class='ocrx_word' id='word_1_66' title='bbox 417 997 551 1054; x_wconf 89' lang='lat' dir='ltr'><strong>nascitur.</strong></span> <span class='ocrx_word' id='word_1_67' title='bbox 564 994 647 1054; x_wconf 86' lang='lat' dir='ltr'><strong>radix</strong></span> <span class='ocrx_word' id='word_1_68' title='bbox 657 995 730 1054; x_wconf 87' lang='lat' dir='ltr'><strong>loris</strong></span> <span class='ocrx_word' id='word_1_69' title='bbox 738 996 832 1071; x_wconf 83' lang='lat' dir='ltr'><strong>nigra,</strong></span> <span class='ocrx_word' id='word_1_70' title='bbox 845 995 920 1053; x_wconf 93' lang='lat' dir='ltr'><strong>intus</strong></span> <span class='ocrx_word' id='word_1_71' title='bbox 932 995 1033 1054; x_wconf 85' lang='lat' dir='ltr'><strong>buxeo</strong></span> <span class='ocrx_word' id='word_1_72' title='bbox 1041 993 1141 1068; x_wconf 88' lang='lat' dir='ltr'><strong>colore,</strong></span> 
     </span>
     <span class='ocr_line' id='line_1_10' title="bbox 153 1077 1140 1155; baseline -0.006 -15"><span class='ocrx_word' id='word_1_73' title='bbox 153 1097 222 1142; x_wconf 89' lang='lat' dir='ltr'><strong>ossa</strong></span> <span class='ocrx_word' id='word_1_74' title='bbox 245 1080 367 1138; x_wconf 80' lang='lat' dir='ltr'><strong>infracta</strong></span> <span class='ocrx_word' id='word_1_75' title='bbox 384 1078 432 1138; x_wconf 89' lang='lat' dir='ltr'><strong>vel</strong></span> <span class='ocrx_word' id='word_1_76' title='bbox 449 1079 594 1138; x_wconf 82' lang='lat' dir='ltr'><strong>efficacius</strong></span> <span class='ocrx_word' id='word_1_77' title='bbox 611 1077 737 1137; x_wconf 81' lang='lat' dir='ltr'><strong>extrahit</strong></span> <span class='ocrx_word' id='word_1_78' title='bbox 753 1095 835 1154; x_wconf 86' lang='lat' dir='ltr'><strong>quam</strong></span> <span class='ocrx_word' id='word_1_79' title='bbox 853 1094 939 1155; x_wconf 91' lang='lat' dir='ltr'><strong>supra</strong></span> <span class='ocrx_word' id='word_1_80' title='bbox 956 1078 1044 1137; x_wconf 88' lang='lat' dir='ltr'><strong>dicta.</strong></span> <span class='ocrx_word' id='word_1_81' title='bbox 1075 1085 1140 1136; x_wconf 89' lang='lat' dir='ltr'><strong>cete·</strong></span> 
     </span>
     <span class='ocr_line' id='line_1_11' title="bbox 151 1160 1177 1240; baseline -0.007 -17"><span class='ocrx_word' id='word_1_82' title='bbox 151 1181 214 1223; x_wconf 93' lang='lat' dir='ltr'><strong>rum</strong></span> <span class='ocrx_word' id='word_1_83' title='bbox 236 1163 330 1224; x_wconf 92' lang='lat' dir='ltr'><strong>eidem</strong></span> <span class='ocrx_word' id='word_1_84' title='bbox 351 1162 499 1240; x_wconf 91' lang='lat' dir='ltr'><strong>peculiare</strong></span> <span class='ocrx_word' id='word_1_85' title='bbox 521 1170 568 1221; x_wconf 88' lang='lat' dir='ltr'><strong>est</strong></span> <span class='ocrx_word' id='word_1_86' title='bbox 589 1160 666 1238; x_wconf 91' lang='lat' dir='ltr'><strong>quod</strong></span> <span class='ocrx_word' id='word_1_87' title='bbox 683 1163 874 1221; x_wconf 89' lang='lat' dir='ltr'><strong>iumentorum</strong></span> <span class='ocrx_word' id='word_1_88' title='bbox 889 1160 1056 1221; x_wconf 83' lang='lat' dir='ltr'><strong>ceruicibus</strong></span> <span class='ocrx_word' id='word_1_89' title='bbox 1070 1162 1177 1218; x_wconf 63' lang='lat' dir='ltr'><strong>unicurt</strong></span> 
     </span>
     <span class='ocr_line' id='line_1_12' title="bbox 152 1244 1141 1322; baseline -0.006 -15"><span class='ocrx_word' id='word_1_90' title='bbox 152 1246 292 1307; x_wconf 86' lang='lat' dir='ltr'><strong>medetur.</strong></span> <span class='ocrx_word' id='word_1_91' title='bbox 323 1247 418 1321; x_wconf 92' lang='lat' dir='ltr'><strong>aiunt,</strong></span> <span class='ocrx_word' id='word_1_92' title='bbox 436 1247 460 1304; x_wconf 85' lang='lat' dir='ltr'><strong>si</strong></span> <span class='ocrx_word' id='word_1_93' title='bbox 476 1246 539 1322; x_wconf 88' lang='lat' dir='ltr'><strong>quis</strong></span> <span class='ocrx_word' id='word_1_94' title='bbox 558 1244 655 1303; x_wconf 88' lang='lat' dir='ltr'><strong>villam</strong></span> <span class='ocrx_word' id='word_1_95' title='bbox 670 1261 706 1304; x_wconf 90' lang='lat' dir='ltr'><strong>ea</strong></span> <span class='ocrx_word' id='word_1_96' title='bbox 721 1247 863 1320; x_wconf 82' lang='lat' dir='ltr'><strong>cinxerit,</strong></span> <span class='ocrx_word' id='word_1_97' title='bbox 878 1244 985 1321; x_wconf 85' lang='lat' dir='ltr'><strong>fugere</strong></span> <span class='ocrx_word' id='word_1_98' title='bbox 1000 1245 1141 1321; x_wconf 79' lang='lat' dir='ltr'><strong>accipitres</strong></span> 
     </span>
    </p>

    <p class='ocr_par' dir='ltr' id='par_1_7' title="bbox 46 1327 1177 1406">
     <span class='ocr_line' id='line_1_13' title="bbox 46 1327 1177 1406; baseline -0.004 -18"><span class='ocrx_word' id='word_1_99' title='bbox 46 1336 49 1342; x_wconf 73' lang='grc'>“</span> <span class='ocrx_word' id='word_1_100' title='bbox 153 1338 286 1406; x_wconf 87' lang='lat' dir='ltr'><strong>tutasque</strong></span> <span class='ocrx_word' id='word_1_101' title='bbox 306 1329 370 1389; x_wconf 87' lang='lat' dir='ltr'><strong>lieri</strong></span> <span class='ocrx_word' id='word_1_102' title='bbox 390 1329 531 1388; x_wconf 88' lang='lat' dir='ltr'><strong>villaticas</strong></span> <span class='ocrx_word' id='word_1_103' title='bbox 549 1328 643 1388; x_wconf 88' lang='lat' dir='ltr'><strong>alites.</strong></span> <span class='ocrx_word' id='word_1_104' title='bbox 673 1329 775 1389; x_wconf 89' lang='lat' dir='ltr'><strong>eadem</strong></span> <span class='ocrx_word' id='word_1_105' title='bbox 791 1330 821 1388; x_wconf 94' lang='lat' dir='ltr'><strong>in</strong></span> <span class='ocrx_word' id='word_1_106' title='bbox 835 1329 963 1388; x_wconf 89' lang='lat' dir='ltr'><strong>iumento</strong></span> <span class='ocrx_word' id='word_1_107' title='bbox 979 1327 1141 1403; x_wconf 80' lang='lat' dir='ltr'><strong>homineque</strong></span> <span class='ocrx_word' id='word_1_108' title='bbox 1176 1363 1177 1368; x_wconf 22' lang='grc' dir='ltr'><strong><em>κ</em></strong></span> 
     </span>
    </p>

    <p class='ocr_par' dir='ltr' id='par_1_8' title="bbox 130 1409 1140 1488">
     <span class='ocr_line' id='line_1_14' title="bbox 130 1409 1140 1488; baseline -0.006 -16"><span class='ocrx_word' id='word_1_109' title='bbox 130 1449 131 1456; x_wconf 44' lang='lat'>1</span> <span class='ocrx_word' id='word_1_110' title='bbox 154 1413 268 1472; x_wconf 88' lang='lat' dir='ltr'><strong>llemina</strong></span> <span class='ocrx_word' id='word_1_111' title='bbox 289 1420 337 1472; x_wconf 90' lang='lat' dir='ltr'><strong>aut</strong></span> <span class='ocrx_word' id='word_1_112' title='bbox 354 1414 522 1488; x_wconf 82' lang='lat' dir='ltr'><strong>sanguinem</strong></span> <span class='ocrx_word' id='word_1_113' title='bbox 537 1413 584 1488; x_wconf 90' lang='lat' dir='ltr'><strong>qui</strong></span> <span class='ocrx_word' id='word_1_114' title='bbox 602 1429 635 1470; x_wconf 88' lang='lat' dir='ltr'><strong>sc</strong></span> <span class='ocrx_word' id='word_1_115' title='bbox 652 1412 687 1472; x_wconf 91' lang='lat' dir='ltr'><strong>ad</strong></span> <span class='ocrx_word' id='word_1_116' title='bbox 706 1412 781 1472; x_wconf 91' lang='lat' dir='ltr'><strong>talos</strong></span> <span class='ocrx_word' id='word_1_117' title='bbox 797 1412 939 1472; x_wconf 90' lang='lat' dir='ltr'><strong>deiecerit</strong></span> <span class='ocrx_word' id='word_1_118' title='bbox 956 1409 1140 1486; x_wconf 81' lang='lat' dir='ltr'><strong>circumligata</strong></span> 
     </span>
    </p>

    <p class='ocr_par' dir='ltr' id='par_1_9' title="bbox 154 1494 809 1571">
     <span class='ocr_line' id='line_1_15' title="bbox 154 1494 809 1571; baseline -0.003 -15"><span class='ocrx_word' id='word_1_119' title='bbox 154 1504 242 1556; x_wconf 85' lang='lat' dir='ltr'><strong>sanat.</strong></span> <span class='ocrx_word' id='word_1_120' title='bbox 268 1494 307 1554; x_wconf 83' lang='lat' dir='ltr'><strong>Et</strong></span> <span class='ocrx_word' id='word_1_121' title='bbox 320 1495 459 1556; x_wconf 87' lang='lat' dir='ltr'><strong>hactenus</strong></span> <span class='ocrx_word' id='word_1_122' title='bbox 475 1496 512 1555; x_wconf 90' lang='lat' dir='ltr'><strong>dc</strong></span> <span class='ocrx_word' id='word_1_123' title='bbox 528 1495 629 1554; x_wconf 88' lang='lat' dir='ltr'><strong>vitium</strong></span> <span class='ocrx_word' id='word_1_124' title='bbox 643 1495 809 1571; x_wconf 84' lang='lat' dir='ltr'><strong>generibus.</strong></span> 
     </span>
    </p>
   </div>
   <div class='ocr_carea' id='block_1_4' title="bbox 109 1609 1177 3556">
    <p class='ocr_par' dir='ltr' id='par_1_10' title="bbox 111 1609 1177 2104">
     <span class='ocr_line' id='line_1_16' title="bbox 111 1609 1158 1690; baseline -0.009 -18"><span class='ocrx_word' id='word_1_125' title='bbox 111 1622 145 1676; x_wconf 75' lang='lat'><strong>29</strong></span> <span class='ocrx_word' id='word_1_126' title='bbox 215 1610 297 1690; x_wconf 88' lang='grc'>(18.)</span> <span class='ocrx_word' id='word_1_127' title='bbox 325 1609 419 1669; x_wconf 91' lang='lat' dir='ltr'><strong>lllusta</strong></span> <span class='ocrx_word' id='word_1_128' title='bbox 434 1609 612 1670; x_wconf 80' lang='lat' dir='ltr'><strong>differentias</strong></span> <span class='ocrx_word' id='word_1_129' title='bbox 628 1610 735 1670; x_wconf 91' lang='lat' dir='ltr'><strong>hahent</strong></span> <span class='ocrx_word' id='word_1_130' title='bbox 754 1609 892 1670; x_wconf 90' lang='lat' dir='ltr'><strong>naturalis</strong></span> <span class='ocrx_word' id='word_1_131' title='bbox 906 1611 976 1689; x_wconf 88' lang='lat' dir='ltr'><strong>has,</strong></span> <span class='ocrx_word' id='word_1_132' title='bbox 997 1611 1074 1689; x_wconf 88' lang='lat' dir='ltr'><strong>quod</strong></span> <span class='ocrx_word' id='word_1_133' title='bbox 1090 1617 1158 1668; x_wconf 82' lang='lat' dir='ltr'><strong>sunto</strong></span> 
     </span>
     <span class='ocr_line' id='line_1_17' title="bbox 154 1693 1136 1772; baseline -0.004 -18"><span class='ocrx_word' id='word_1_134' title='bbox 154 1693 271 1754; x_wconf 90' lang='lat' dir='ltr'><strong>candida</strong></span> <span class='ocrx_word' id='word_1_135' title='bbox 286 1703 333 1753; x_wconf 88' lang='lat' dir='ltr'><strong>aut</strong></span> <span class='ocrx_word' id='word_1_136' title='bbox 345 1695 427 1770; x_wconf 81' lang='lat' dir='ltr'><strong>nigra</strong></span> <span class='ocrx_word' id='word_1_137' title='bbox 441 1701 488 1752; x_wconf 90' lang='lat' dir='ltr'><strong>aut</strong></span> <span class='ocrx_word' id='word_1_138' title='bbox 499 1694 576 1752; x_wconf 88' lang='lat' dir='ltr'><strong>inter</strong></span> <span class='ocrx_word' id='word_1_139' title='bbox 589 1701 750 1772; x_wconf 89' lang='lat' dir='ltr'><strong>utrumque,</strong></span> <span class='ocrx_word' id='word_1_140' title='bbox 767 1693 879 1771; x_wconf 87' lang='lat' dir='ltr'><strong>aliaque</strong></span> <span class='ocrx_word' id='word_1_141' title='bbox 893 1695 1050 1772; x_wconf 86' lang='lat' dir='ltr'><strong>exquibus</strong></span> <span class='ocrx_word' id='word_1_142' title='bbox 1063 1697 1136 1753; x_wconf 90' lang='lat' dir='ltr'><strong>vium</strong></span> 
     </span>
     <span class='ocr_line' id='line_1_18' title="bbox 152 1775 1138 1855; baseline -0.004 -19"><span class='ocrx_word' id='word_1_143' title='bbox 152 1778 218 1854; x_wconf 90' lang='lat' dir='ltr'><strong>liat,</strong></span> <span class='ocrx_word' id='word_1_144' title='bbox 241 1777 296 1836; x_wconf 90' lang='lat' dir='ltr'><strong>alia</strong></span> <span class='ocrx_word' id='word_1_145' title='bbox 320 1795 358 1838; x_wconf 86' lang='lat' dir='ltr'><strong>ex</strong></span> <span class='ocrx_word' id='word_1_146' title='bbox 379 1777 482 1854; x_wconf 87' lang='lat' dir='ltr'><strong>quibus</strong></span> <span class='ocrx_word' id='word_1_147' title='bbox 502 1795 626 1855; x_wconf 89' lang='lat' dir='ltr'><strong>passum.</strong></span> <span class='ocrx_word' id='word_1_148' title='bbox 658 1795 726 1836; x_wconf 89' lang='lat' dir='ltr'><strong>cura</strong></span> <span class='ocrx_word' id='word_1_149' title='bbox 743 1777 921 1838; x_wconf 84' lang='lat' dir='ltr'><strong>differentias</strong></span> <span class='ocrx_word' id='word_1_150' title='bbox 937 1775 1138 1838; x_wconf 86' lang='lat' dir='ltr'><strong>innumerabilis</strong></span> 
     </span>
     <span class='ocr_line' id='line_1_19' title="bbox 152 1859 1138 1938; baseline -0.005 -17"><span class='ocrx_word' id='word_1_151' title='bbox 152 1861 238 1936; x_wconf 89' lang='lat' dir='ltr'><strong>facit,</strong></span> <span class='ocrx_word' id='word_1_152' title='bbox 253 1863 283 1919; x_wconf 94' lang='lat' dir='ltr'><strong>in</strong></span> <span class='ocrx_word' id='word_1_153' title='bbox 299 1859 416 1938; x_wconf 91' lang='lat' dir='ltr'><strong>plenum</strong></span> <span class='ocrx_word' id='word_1_154' title='bbox 430 1878 503 1936; x_wconf 85' lang='lat' dir='ltr'><strong>ergo</strong></span> <span class='ocrx_word' id='word_1_155' title='bbox 519 1860 592 1920; x_wconf 91' lang='lat' dir='ltr'><strong>haec</strong></span> <span class='ocrx_word' id='word_1_156' title='bbox 609 1860 719 1920; x_wconf 81' lang='lat' dir='ltr'><strong>dixisse</strong></span> <span class='ocrx_word' id='word_1_157' title='bbox 735 1863 905 1921; x_wconf 88' lang='lat' dir='ltr'><strong>conveniat:</strong></span> <span class='ocrx_word' id='word_1_158' title='bbox 929 1861 1057 1922; x_wconf 82' lang='lat' dir='ltr'><strong>blastum</strong></span> <span class='ocrx_word' id='word_1_159' title='bbox 1072 1877 1138 1920; x_wconf 90' lang='lat' dir='ltr'><strong>omne</strong></span> 
     </span>
     <span class='ocr_line' id='line_1_20' title="bbox 154 1943 1177 2022; baseline -0.004 -19"><span class='ocrx_word' id='word_1_160' title='bbox 154 1943 302 2003; x_wconf 85' lang='lat' dir='ltr'><strong>stomacho</strong></span> <span class='ocrx_word' id='word_1_161' title='bbox 327 1943 448 2019; x_wconf 91' lang='lat' dir='ltr'><strong>inutile,</strong></span> <span class='ocrx_word' id='word_1_162' title='bbox 471 1946 554 2003; x_wconf 88' lang='lat' dir='ltr'><strong>venis</strong></span> <span class='ocrx_word' id='word_1_163' title='bbox 575 1945 733 2005; x_wconf 88' lang='lat' dir='ltr'><strong>iucundum.</strong></span> <span class='ocrx_word' id='word_1_164' title='bbox 765 1943 906 2017; x_wconf 87' lang='lat' dir='ltr'><strong>abalneis</strong></span> <span class='ocrx_word' id='word_1_165' title='bbox 925 1948 1032 2022; x_wconf 88' lang='lat' dir='ltr'><strong>raptim</strong></span> <span class='ocrx_word' id='word_1_166' title='bbox 1047 1953 1075 2004; x_wconf 93' lang='lat' dir='ltr'><strong>et</strong></span> <span class='ocrx_word' id='word_1_167' title='bbox 1089 1945 1138 2002; x_wconf 90' lang='lat' dir='ltr'><strong>sine</strong></span> <span class='ocrx_word' id='word_1_168' title='bbox 1175 1975 1177 1986; x_wconf 43' lang='lat' dir='ltr'><strong>r</strong></span> 
     </span>
     <span class='ocr_line' id='line_1_21' title="bbox 152 2027 1160 2104; baseline -0.007 -18"><span class='ocrx_word' id='word_1_169' title='bbox 152 2028 390 2104; x_wconf 87' lang='lat' dir='ltr'><strong>interspiratione</strong></span> <span class='ocrx_word' id='word_1_170' title='bbox 402 2035 501 2104; x_wconf 91' lang='lat' dir='ltr'><strong>potum</strong></span> <span class='ocrx_word' id='word_1_171' title='bbox 513 2035 604 2086; x_wconf 88' lang='lat' dir='ltr'><strong>necat.</strong></span> <span class='ocrx_word' id='word_1_172' title='bbox 632 2027 825 2087; x_wconf 88' lang='lat' dir='ltr'><strong>cantharidum</strong></span> <span class='ocrx_word' id='word_1_173' title='bbox 837 2036 955 2088; x_wconf 89' lang='lat' dir='ltr'><strong>naturae</strong></span> <span class='ocrx_word' id='word_1_174' title='bbox 970 2029 1160 2099; x_wconf 62' lang='lat' dir='ltr'><strong>adversatura</strong></span> 
     </span>
    </p>

    <p class='ocr_par' dir='ltr' id='par_1_11' title="bbox 111 2109 1177 2355">
     <span class='ocr_line' id='line_1_22' title="bbox 111 2109 1139 2188; baseline -0.009 -14"><span class='ocrx_word' id='word_1_175' title='bbox 111 2113 224 2174; x_wconf 83' lang='lat' dir='ltr'><strong>30itern</strong></span> <span class='ocrx_word' id='word_1_176' title='bbox 238 2109 439 2188; x_wconf 79' lang='lat' dir='ltr'><strong>serpentibus,</strong></span> <span class='ocrx_word' id='word_1_177' title='bbox 456 2128 584 2169; x_wconf 85' lang='lat' dir='ltr'><strong>maxume</strong></span> <span class='ocrx_word' id='word_1_178' title='bbox 600 2109 813 2171; x_wconf 88' lang='lat' dir='ltr'><strong>haemorrhoidi</strong></span> <span class='ocrx_word' id='word_1_179' title='bbox 831 2119 861 2170; x_wconf 91' lang='lat' dir='ltr'><strong>et</strong></span> <span class='ocrx_word' id='word_1_180' title='bbox 876 2110 1080 2170; x_wconf 83' lang='lat' dir='ltr'><strong>salamandrae.</strong></span> <span class='ocrx_word' id='word_1_181' title='bbox 1105 2125 1139 2166; x_wconf 90' lang='lat' dir='ltr'><strong>ca·</strong></span> 
     </span>
     <span class='ocr_line' id='line_1_23' title="bbox 152 2192 1139 2272; baseline -0.003 -21"><span class='ocrx_word' id='word_1_182' title='bbox 152 2195 221 2271; x_wconf 90' lang='lat' dir='ltr'><strong>pitis</strong></span> <span class='ocrx_word' id='word_1_183' title='bbox 238 2192 357 2252; x_wconf 88' lang='lat' dir='ltr'><strong>dolores</strong></span> <span class='ocrx_word' id='word_1_184' title='bbox 374 2194 457 2272; x_wconf 86' lang='lat' dir='ltr'><strong>iacit,</strong></span> <span class='ocrx_word' id='word_1_185' title='bbox 482 2202 511 2252; x_wconf 94' lang='lat' dir='ltr'><strong>et</strong></span> <span class='ocrx_word' id='word_1_186' title='bbox 527 2195 636 2270; x_wconf 84' lang='lat' dir='ltr'><strong>gutturi</strong></span> <span class='ocrx_word' id='word_1_187' title='bbox 652 2194 754 2254; x_wconf 87' lang='lat' dir='ltr'><strong>inutile</strong></span> <span class='ocrx_word' id='word_1_188' title='bbox 761 2237 771 2272; x_wconf 91' lang='lat'><strong>,</strong></span> <span class='ocrx_word' id='word_1_189' title='bbox 788 2194 911 2271; x_wconf 88' lang='lat' dir='ltr'><strong>prodest</strong></span> <span class='ocrx_word' id='word_1_190' title='bbox 926 2195 1066 2270; x_wconf 85' lang='lat' dir='ltr'><strong>renibus,</strong></span> <span class='ocrx_word' id='word_1_191' title='bbox 1083 2193 1139 2252; x_wconf 84' lang='lat' dir='ltr'><strong>ioci·</strong></span> 
     </span>
     <span class='ocr_line' id='line_1_24' title="bbox 153 2277 1177 2355; baseline -0.002 -21"><span class='ocrx_word' id='word_1_192' title='bbox 153 2277 216 2335; x_wconf 88' lang='lat' dir='ltr'><strong>ucri</strong></span> <span class='ocrx_word' id='word_1_193' title='bbox 234 2284 264 2334; x_wconf 93' lang='lat' dir='ltr'><strong>et</strong></span> <span class='ocrx_word' id='word_1_194' title='bbox 278 2279 436 2337; x_wconf 87' lang='lat' dir='ltr'><strong>interaneis</strong></span> <span class='ocrx_word' id='word_1_195' title='bbox 449 2278 584 2353; x_wconf 87' lang='lat' dir='ltr'><strong>vesicae,</strong></span> <span class='ocrx_word' id='word_1_196' title='bbox 601 2277 736 2337; x_wconf 91' lang='lat' dir='ltr'><strong>conlevat</strong></span> <span class='ocrx_word' id='word_1_197' title='bbox 751 2279 826 2337; x_wconf 92' lang='lat' dir='ltr'><strong>enim</strong></span> <span class='ocrx_word' id='word_1_198' title='bbox 840 2295 882 2336; x_wconf 88' lang='lat' dir='ltr'><strong>ca.</strong></span> <span class='ocrx_word' id='word_1_199' title='bbox 909 2281 1043 2355; x_wconf 91' lang='lat' dir='ltr'><strong>privatim</strong></span> <span class='ocrx_word' id='word_1_200' title='bbox 1055 2283 1138 2336; x_wconf 88' lang='lat' dir='ltr'><strong>contra</strong></span> <span class='ocrx_word' id='word_1_201' title='bbox 1174 2293 1177 2342; x_wconf 78' lang='grc' dir='ltr'>ι</span> 
     </span>
    </p>

    <p class='ocr_par' dir='ltr' id='par_1_12' title="bbox 109 2359 1177 2690">
     <span class='ocr_line' id='line_1_25' title="bbox 109 2359 1137 2438; baseline -0.004 -20"><span class='ocrx_word' id='word_1_202' title='bbox 109 2370 111 2376; x_wconf 78' lang='grc'>’</span> <span class='ocrx_word' id='word_1_203' title='bbox 153 2359 314 2436; x_wconf 86' lang='lat' dir='ltr'><strong>buprestim</strong></span> <span class='ocrx_word' id='word_1_204' title='bbox 341 2359 437 2437; x_wconf 89' lang='lat' dir='ltr'><strong>valet,</strong></span> <span class='ocrx_word' id='word_1_205' title='bbox 467 2369 567 2420; x_wconf 90' lang='lat' dir='ltr'><strong>contra</strong></span> <span class='ocrx_word' id='word_1_206' title='bbox 593 2363 770 2437; x_wconf 89' lang='lat' dir='ltr'><strong>meconium,</strong></span> <span class='ocrx_word' id='word_1_207' title='bbox 800 2360 883 2420; x_wconf 88' lang='lat' dir='ltr'><strong>lactis</strong></span> <span class='ocrx_word' id='word_1_208' title='bbox 909 2362 1137 2438; x_wconf 83' lang='lat' dir='ltr'><strong>coagulationem,</strong></span> 
     </span>
     <span class='ocr_line' id='line_1_26' title="bbox 154 2443 1177 2522; baseline -0.004 -20"><span class='ocrx_word' id='word_1_209' title='bbox 154 2443 291 2520; x_wconf 90' lang='lat' dir='ltr'><strong>cicutam,</strong></span> <span class='ocrx_word' id='word_1_210' title='bbox 308 2445 418 2521; x_wconf 86' lang='lat' dir='ltr'><strong>toxica,</strong></span> <span class='ocrx_word' id='word_1_211' title='bbox 434 2443 618 2520; x_wconf 76' lang='lat' dir='ltr'><strong>dorycnium,</strong></span> <span class='ocrx_word' id='word_1_212' title='bbox 638 2463 676 2504; x_wconf 87' lang='lat' dir='ltr'><strong>ex</strong></span> <span class='ocrx_word' id='word_1_213' title='bbox 691 2445 759 2505; x_wconf 93' lang='lat' dir='ltr'><strong>oleo</strong></span> <span class='ocrx_word' id='word_1_214' title='bbox 774 2453 873 2522; x_wconf 90' lang='lat' dir='ltr'><strong>potum</strong></span> <span class='ocrx_word' id='word_1_215' title='bbox 890 2444 1087 2520; x_wconf 87' lang='lat' dir='ltr'><strong>redditumque</strong></span> <span class='ocrx_word' id='word_1_216' title='bbox 1098 2457 1159 2499; x_wconf 82' lang='lat' dir='ltr'><strong>von</strong></span> <span class='ocrx_word' id='word_1_217' title='bbox 1176 2489 1177 2522; x_wconf 18' lang='grc' dir='ltr'><strong>ἐ</strong></span> 
     </span>
     <span class='ocr_line' id='line_1_27' title="bbox 153 2527 1177 2606; baseline -0.004 -22"><span class='ocrx_word' id='word_1_218' title='bbox 153 2527 329 2587; x_wconf 91' lang='lat' dir='ltr'><strong>mitiouibus.</strong></span> <span class='ocrx_word' id='word_1_219' title='bbox 366 2528 519 2588; x_wconf 90' lang='lat' dir='ltr'><strong>adomnia</strong></span> <span class='ocrx_word' id='word_1_220' title='bbox 543 2527 681 2587; x_wconf 86' lang='lat' dir='ltr'><strong>infirmius</strong></span> <span class='ocrx_word' id='word_1_221' title='bbox 698 2527 810 2606; x_wconf 89' lang='lat' dir='ltr'><strong>album,</strong></span> <span class='ocrx_word' id='word_1_222' title='bbox 834 2527 984 2587; x_wconf 91' lang='lat' dir='ltr'><strong>iucundius</strong></span> <span class='ocrx_word' id='word_1_223' title='bbox 1001 2527 1077 2606; x_wconf 92' lang='lat' dir='ltr'><strong>passi</strong></span> <span class='ocrx_word' id='word_1_224' title='bbox 1091 2543 1137 2582; x_wconf 92' lang='lat' dir='ltr'><strong>mu·</strong></span> <span class='ocrx_word' id='word_1_225' title='bbox 1175 2527 1177 2584; x_wconf 94' lang='grc'><strong>1</strong></span> 
     </span>
     <span class='ocr_line' id='line_1_28' title="bbox 155 2610 937 2690; baseline -0.001 -21"><span class='ocrx_word' id='word_1_226' title='bbox 155 2618 246 2686; x_wconf 83' lang='lat' dir='ltr'><strong>stum,</strong></span> <span class='ocrx_word' id='word_1_227' title='bbox 262 2619 292 2670; x_wconf 91' lang='lat' dir='ltr'><strong>et</strong></span> <span class='ocrx_word' id='word_1_228' title='bbox 307 2611 384 2690; x_wconf 85' lang='lat' dir='ltr'><strong>quod</strong></span> <span class='ocrx_word' id='word_1_229' title='bbox 397 2613 537 2670; x_wconf 89' lang='lat' dir='ltr'><strong>minorem</strong></span> <span class='ocrx_word' id='word_1_230' title='bbox 552 2613 655 2689; x_wconf 88' lang='lat' dir='ltr'><strong>capitis</strong></span> <span class='ocrx_word' id='word_1_231' title='bbox 670 2610 802 2672; x_wconf 90' lang='lat' dir='ltr'><strong>dolorem</strong></span> <span class='ocrx_word' id='word_1_232' title='bbox 819 2611 937 2671; x_wconf 79' lang='lat' dir='ltr'><strong>adierat.</strong></span> 
     </span>
    </p>

    <p class='ocr_par' dir='ltr' id='par_1_13' title="bbox 114 2727 1136 2807">
     <span class='ocr_line' id='line_1_29' title="bbox 114 2727 1136 2807; baseline -0.008 -17"><span class='ocrx_word' id='word_1_233' title='bbox 114 2737 143 2790; x_wconf 82' lang='lat'><strong>31</strong></span> <span class='ocrx_word' id='word_1_234' title='bbox 223 2727 304 2806; x_wconf 78' lang='lat'>(19.)</span> <span class='ocrx_word' id='word_1_235' title='bbox 331 2727 397 2786; x_wconf 89' lang='lat' dir='ltr'><strong>Vini</strong></span> <span class='ocrx_word' id='word_1_236' title='bbox 413 2745 523 2803; x_wconf 88' lang='lat' dir='ltr'><strong>genera</strong></span> <span class='ocrx_word' id='word_1_237' title='bbox 538 2728 775 2806; x_wconf 83' lang='lat' dir='ltr'><strong>differentiasque</strong></span> <span class='ocrx_word' id='word_1_238' title='bbox 790 2747 927 2807; x_wconf 85' lang='lat' dir='ltr'><strong>perquam</strong></span> <span class='ocrx_word' id='word_1_239' title='bbox 940 2727 1045 2787; x_wconf 90' lang='lat' dir='ltr'><strong>multas</strong></span> <span class='ocrx_word' id='word_1_240' title='bbox 1061 2739 1136 2801; x_wconf 83' lang='lat' dir='ltr'><strong>eupo-</strong></span> 
     </span>
    </p>

    <p class='ocr_par' dir='ltr' id='par_1_14' title="bbox 114 2806 1158 3137">
     <span class='ocr_line' id='line_1_30' title="bbox 114 2806 1136 2893; baseline -0.005 -25"><span class='ocrx_word' id='word_1_241' title='bbox 114 2806 174 2893; x_wconf 55' lang='lat' dir='ltr'><strong>¹sspp⁹</strong></span> <span class='ocrx_word' id='word_1_242' title='bbox 196 2813 303 2870; x_wconf 87' lang='lat' dir='ltr'><strong>suimus</strong></span> <span class='ocrx_word' id='word_1_243' title='bbox 322 2818 351 2870; x_wconf 91' lang='lat' dir='ltr'><strong>et</strong></span> <span class='ocrx_word' id='word_1_244' title='bbox 366 2810 431 2870; x_wconf 87' lang='lat' dir='ltr'><strong>iere</strong></span> <span class='ocrx_word' id='word_1_245' title='bbox 446 2813 585 2888; x_wconf 84' lang='lat' dir='ltr'><strong>cujusque</strong></span> <span class='ocrx_word' id='word_1_246' title='bbox 603 2814 807 2891; x_wconf 90' lang='lat' dir='ltr'><strong>proprietates.</strong></span> <span class='ocrx_word' id='word_1_247' title='bbox 837 2830 932 2889; x_wconf 89' lang='lat' dir='ltr'><strong>neque</strong></span> <span class='ocrx_word' id='word_1_248' title='bbox 949 2820 996 2870; x_wconf 88' lang='lat' dir='ltr'><strong>est</strong></span> <span class='ocrx_word' id='word_1_249' title='bbox 1012 2811 1067 2870; x_wconf 95' lang='lat' dir='ltr'><strong>ulla</strong></span> <span class='ocrx_word' id='word_1_250' title='bbox 1081 2823 1136 2886; x_wconf 91' lang='lat' dir='ltr'><strong>pars</strong></span> 
     </span>
     <span class='ocr_line' id='line_1_31' title="bbox 155 2891 1158 2976; baseline -0.004 -26"><span class='ocrx_word' id='word_1_251' title='bbox 155 2893 301 2976; x_wconf 79' lang='lat' dir='ltr'><strong>difficilior</strong></span> <span class='ocrx_word' id='word_1_252' title='bbox 322 2901 444 2954; x_wconf 89' lang='lat' dir='ltr'><strong>tractatu</strong></span> <span class='ocrx_word' id='word_1_253' title='bbox 467 2903 515 2952; x_wconf 92' lang='lat' dir='ltr'><strong>aut</strong></span> <span class='ocrx_word' id='word_1_254' title='bbox 540 2897 739 2972; x_wconf 89' lang='lat' dir='ltr'><strong>numerosior,</strong></span> <span class='ocrx_word' id='word_1_255' title='bbox 765 2899 872 2974; x_wconf 88' lang='lat' dir='ltr'><strong>quippe</strong></span> <span class='ocrx_word' id='word_1_256' title='bbox 896 2913 959 2954; x_wconf 91' lang='lat' dir='ltr'><strong>cum</strong></span> <span class='ocrx_word' id='word_1_257' title='bbox 981 2897 1021 2954; x_wconf 91' lang='lat' dir='ltr'><strong>sit</strong></span> <span class='ocrx_word' id='word_1_258' title='bbox 1042 2891 1158 2952; x_wconf 83' lang='lat' dir='ltr'><strong>tardema</strong></span> 
     </span>
     <span class='ocr_line' id='line_1_32' title="bbox 155 2973 1135 3057; baseline -0.006 -21"><span class='ocrx_word' id='word_1_259' title='bbox 155 2976 233 3036; x_wconf 91' lang='lat' dir='ltr'><strong>dictu</strong></span> <span class='ocrx_word' id='word_1_260' title='bbox 261 2977 391 3054; x_wconf 91' lang='lat' dir='ltr'><strong>pluribus</strong></span> <span class='ocrx_word' id='word_1_261' title='bbox 417 2979 510 3056; x_wconf 85' lang='lat' dir='ltr'><strong>prosit</strong></span> <span class='ocrx_word' id='word_1_262' title='bbox 536 2997 571 3037; x_wconf 92' lang='lat' dir='ltr'><strong>an</strong></span> <span class='ocrx_word' id='word_1_263' title='bbox 597 2987 709 3056; x_wconf 86' lang='lat' dir='ltr'><strong>noceat.</strong></span> <span class='ocrx_word' id='word_1_264' title='bbox 748 2987 901 3057; x_wconf 90' lang='lat' dir='ltr'><strong>praeterea</strong></span> <span class='ocrx_word' id='word_1_265' title='bbox 929 2995 1012 3056; x_wconf 86' lang='lat' dir='ltr'><strong>quam</strong></span> <span class='ocrx_word' id='word_1_266' title='bbox 1035 2973 1135 3051; x_wconf 88' lang='lat' dir='ltr'><strong>ancipiti</strong></span> 
     </span>
     <span class='ocr_line' id='line_1_33' title="bbox 154 3055 1134 3137; baseline -0.006 -18"><span class='ocrx_word' id='word_1_267' title='bbox 154 3069 265 3120; x_wconf 86' lang='lat' dir='ltr'><strong>eventu-</strong></span> <span class='ocrx_word' id='word_1_268' title='bbox 287 3068 386 3137; x_wconf 91' lang='lat' dir='ltr'><strong>potum</strong></span> <span class='ocrx_word' id='word_1_269' title='bbox 409 3063 505 3120; x_wconf 92' lang='lat' dir='ltr'><strong>statim</strong></span> <span class='ocrx_word' id='word_1_270' title='bbox 526 3062 661 3121; x_wconf 86' lang='lat' dir='ltr'><strong>auxilium</strong></span> <span class='ocrx_word' id='word_1_271' title='bbox 683 3063 714 3120; x_wconf 83' lang='lat' dir='ltr'><strong>sit</strong></span> <span class='ocrx_word' id='word_1_272' title='bbox 735 3071 783 3122; x_wconf 92' lang='lat' dir='ltr'><strong>aut</strong></span> <span class='ocrx_word' id='word_1_273' title='bbox 800 3060 958 3122; x_wconf 80' lang='lat' dir='ltr'><strong>venenum!</strong></span> <span class='ocrx_word' id='word_1_274' title='bbox 988 3062 1090 3120; x_wconf 87' lang='lat' dir='ltr'><strong>etenira</strong></span> <span class='ocrx_word' id='word_1_275' title='bbox 1106 3055 1134 3114; x_wconf 91' lang='lat' dir='ltr'><strong>dc</strong></span> 
     </span>
    </p>

    <p class='ocr_par' dir='ltr' id='par_1_15' title="bbox 112 3139 1155 3556">
     <span class='ocr_line' id='line_1_34' title="bbox 112 3139 1134 3222; baseline -0.007 -19"><span class='ocrx_word' id='word_1_276' title='bbox 112 3151 146 3206; x_wconf 82' lang='lat'><strong>32</strong></span> <span class='ocrx_word' id='word_1_277' title='bbox 157 3151 258 3202; x_wconf 90' lang='lat' dir='ltr'><strong>natura</strong></span> <span class='ocrx_word' id='word_1_278' title='bbox 281 3143 316 3202; x_wconf 93' lang='lat' dir='ltr'><strong>ad</strong></span> <span class='ocrx_word' id='word_1_279' title='bbox 338 3145 465 3204; x_wconf 90' lang='lat' dir='ltr'><strong>remedia</strong></span> <span class='ocrx_word' id='word_1_280' title='bbox 480 3153 587 3204; x_wconf 88' lang='lat' dir='ltr'><strong>tantum</strong></span> <span class='ocrx_word' id='word_1_281' title='bbox 603 3146 768 3222; x_wconf 86' lang='lat' dir='ltr'><strong>pertinente</strong></span> <span class='ocrx_word' id='word_1_282' title='bbox 784 3163 858 3204; x_wconf 92' lang='lat' dir='ltr'><strong>nunc</strong></span> <span class='ocrx_word' id='word_1_283' title='bbox 875 3145 1026 3221; x_wconf 86' lang='lat' dir='ltr'><strong>loquimur.</strong></span> <span class='ocrx_word' id='word_1_284' title='bbox 1057 3139 1134 3200; x_wconf 90' lang='lat' dir='ltr'><strong>Unum</strong></span> 
     </span>
     <span class='ocr_line' id='line_1_35' title="bbox 154 3225 1133 3306; baseline -0.006 -22"><span class='ocrx_word' id='word_1_285' title='bbox 154 3226 190 3285; x_wconf 86' lang='lat' dir='ltr'><strong>dc</strong></span> <span class='ocrx_word' id='word_1_286' title='bbox 207 3225 299 3285; x_wconf 91' lang='lat' dir='ltr'><strong>dando</strong></span> <span class='ocrx_word' id='word_1_287' title='bbox 317 3243 353 3285; x_wconf 93' lang='lat' dir='ltr'><strong>eo</strong></span> <span class='ocrx_word' id='word_1_288' title='bbox 372 3227 505 3288; x_wconf 88' lang='lat' dir='ltr'><strong>volumen</strong></span> <span class='ocrx_word' id='word_1_289' title='bbox 515 3227 707 3306; x_wconf 80' lang='lat' dir='ltr'><strong>Asclepiades</strong></span> <span class='ocrx_word' id='word_1_290' title='bbox 721 3227 847 3288; x_wconf 92' lang='lat' dir='ltr'><strong>condidit</strong></span> <span class='ocrx_word' id='word_1_291' title='bbox 862 3227 896 3287; x_wconf 88' lang='lat' dir='ltr'><strong>ab</strong></span> <span class='ocrx_word' id='word_1_292' title='bbox 914 3243 951 3288; x_wconf 86' lang='lat' dir='ltr'><strong>eo</strong></span> <span class='ocrx_word' id='word_1_293' title='bbox 967 3225 1133 3304; x_wconf 86' lang='lat' dir='ltr'><strong>cognomina·</strong></span> 
     </span>
     <span class='ocr_line' id='line_1_36' title="bbox 154 3310 1155 3386; baseline -0.002 -20"><span class='ocrx_word' id='word_1_294' title='bbox 154 3317 217 3383; x_wconf 87' lang='lat' dir='ltr'><strong>tus,</strong></span> <span class='ocrx_word' id='word_1_295' title='bbox 240 3310 288 3384; x_wconf 91' lang='lat' dir='ltr'><strong>qui</strong></span> <span class='ocrx_word' id='word_1_296' title='bbox 310 3319 414 3386; x_wconf 86' lang='lat' dir='ltr'><strong>postea</strong></span> <span class='ocrx_word' id='word_1_297' title='bbox 431 3328 503 3372; x_wconf 88' lang='lat' dir='ltr'><strong>vero</strong></span> <span class='ocrx_word' id='word_1_298' title='bbox 518 3310 554 3370; x_wconf 94' lang='lat' dir='ltr'><strong>de</strong></span> <span class='ocrx_word' id='word_1_299' title='bbox 572 3311 717 3372; x_wconf 89' lang='lat' dir='ltr'><strong>volumine</strong></span> <span class='ocrx_word' id='word_1_300' title='bbox 735 3311 795 3374; x_wconf 60' lang='lat' dir='ltr'><strong>illo,</strong></span> <span class='ocrx_word' id='word_1_301' title='bbox 807 3312 974 3372; x_wconf 90' lang='lat' dir='ltr'><strong>disseruere</strong></span> <span class='ocrx_word' id='word_1_302' title='bbox 995 3313 1155 3370; x_wconf 75' lang='lat' dir='ltr'><strong>innumeras</strong></span> 
     </span>
     <span class='ocr_line' id='line_1_37' title="bbox 154 3386 1131 3472; baseline -0.002 -24"><span class='ocrx_word' id='word_1_303' title='bbox 154 3407 208 3450; x_wconf 88' lang='lat' dir='ltr'><strong>nos</strong></span> <span class='ocrx_word' id='word_1_304' title='bbox 230 3393 285 3449; x_wconf 92' lang='lat' dir='ltr'><strong>ista</strong></span> <span class='ocrx_word' id='word_1_305' title='bbox 309 3391 436 3458; x_wconf 87' lang='lat' dir='ltr'><strong>Romana</strong></span> <span class='ocrx_word' id='word_1_306' title='bbox 459 3397 601 3470; x_wconf 82' lang='lat' dir='ltr'><strong>gnaritate</strong></span> <span class='ocrx_word' id='word_1_307' title='bbox 623 3397 782 3471; x_wconf 90' lang='lat' dir='ltr'><strong>artiumque</strong></span> <span class='ocrx_word' id='word_1_308' title='bbox 805 3394 967 3454; x_wconf 89' lang='lat' dir='ltr'><strong>liberalium</strong></span> <span class='ocrx_word' id='word_1_309' title='bbox 986 3386 1131 3472; x_wconf 80' lang='lat' dir='ltr'><strong>adpetentia</strong></span> 
     </span>
     <span class='ocr_line' id='line_1_38' title="bbox 153 3472 1130 3556; baseline 0.001 -26"><span class='ocrx_word' id='word_1_310' title='bbox 153 3489 212 3532; x_wconf 90' lang='lat' dir='ltr'><strong>non</strong></span> <span class='ocrx_word' id='word_1_311' title='bbox 227 3481 258 3532; x_wconf 87' lang='lat' dir='ltr'><strong>ut</strong></span> <span class='ocrx_word' id='word_1_312' title='bbox 273 3476 375 3536; x_wconf 89' lang='lat' dir='ltr'><strong>medici</strong></span> <span class='ocrx_word' id='word_1_313' title='bbox 391 3478 444 3537; x_wconf 90' lang='lat' dir='ltr'><strong>sed</strong></span> <span class='ocrx_word' id='word_1_314' title='bbox 456 3485 486 3536; x_wconf 91' lang='lat' dir='ltr'><strong>ut</strong></span> <span class='ocrx_word' id='word_1_315' title='bbox 500 3477 610 3537; x_wconf 91' lang='lat' dir='ltr'><strong>indices</strong></span> <span class='ocrx_word' id='word_1_316' title='bbox 623 3477 723 3538; x_wconf 88' lang='lat' dir='ltr'><strong>salutis</strong></span> <span class='ocrx_word' id='word_1_317' title='bbox 734 3478 873 3539; x_wconf 89' lang='lat' dir='ltr'><strong>humanae</strong></span> <span class='ocrx_word' id='word_1_318' title='bbox 887 3478 1040 3556; x_wconf 80' lang='lat' dir='ltr'><strong>diligenter</strong></span> <span class='ocrx_word' id='word_1_319' title='bbox 1051 3472 1130 3534; x_wconf 82' lang='lat' dir='ltr'><strong>distin·</strong></span> 
     </span>
    </p>
   </div>
   <div class='ocr_carea' id='block_1_5' title="bbox 0 0 1200 3922">
    <p class='ocr_par' dir='ltr' id='par_1_16' title="bbox 0 0 1200 3922">
     <span class='ocr_line' id='line_1_39' title="bbox 0 0 1200 3922; baseline 0 0"><span class='ocrx_word' id='word_1_320' title='bbox 0 0 1200 3922; x_wconf 95' lang='lat' dir='ltr'><strong> </strong></span> 
     </span>
    </p>
   </div>
  </div>
 </body>
</html>
