2504 3930
196 251 259 316 268
542 265 845 316 1111111111111

194 414 280 480 Vini
297 418 410 478 milibus
425 437 502 496 pass.
518 419 674 480 fornicibus
690 423 806 480 structis
823 421 972 499 perducta.
1003 421 1106 498 primus
1119 438 1172 480 eam

195 503 224 562 in
242 501 341 563 orbem
357 501 464 560 ducere
485 505 650 580 auspicatus
672 513 717 563 est
735 504 833 563 Ancus
848 505 973 566 Marcius
987 521 1058 564 nnus
1075 504 1170 581 eregi-

194 585 266 659 bus,
282 595 385 664 postea
402 585 438 659 Q.
453 585 578 646 Marcius
589 587 655 646 Rex
671 589 700 646 in
716 596 875 666 praetura,¹
893 606 1048 666 rursusque
1063 587 1169 648 restituit

118 707 121 716 -
194 668 232 728 ll.
249 668 390 748 Agrippa.

151 761 186 814 42
262 752 346 830 (25.)
368 752 447 811 Idem
463 762 491 812 et
506 752 654 829 Virginem
672 752 789 812 adduxit
809 753 844 814 ab
863 755 959 813 octavi
974 753 1076 830 lapidis
1091 753 1188 812 diver-s

193 836 282 896 ticulo
295 835 352 895 duo
368 836 443 895 milia
459 854 539 914 pass.
562 837 747 896 Praenestina
759 837 814 896 via.
843 839 921 897 iuxta
932 845 977 895 est
988 836 1172 896 Herculaneus

192 921 282 993 rivos,
296 937 381 996 quem
391 920 673 996 refugiensVirginis
685 937 790 979 nomen
802 921 932 998 optinuit.
953 920 1055 979 horum
1067 921 1173 980 amnium

194 1005 400 1080 conparatione
430 1002 588 1064 differentia
622 1021 707 1080 supra
738 1003 814 1063 dicta
846 1003 1085 1081 deprehenditur,
1121 1019 1174 1062 oum

193 1094 327 1164 quantum
338 1086 430 1162 Virgo
444 1095 521 1146 tactu
533 1096 671 1164 praestat,
686 1096 792 1146 tantum
809 1095 937 1164 praestet
949 1087 1058 1148 Marcia
1073 1086 1173 1161 haustu,

192 1187 360 1247 quamquam
382 1171 528 1246 utriusque
545 1171 600 1230 iam
618 1169 729 1249 pridem
744 1169 806 1229 urbi
823 1172 909 1248 periit
922 1171 1074 1247 voluptas,
1099 1168 1200 1230 ambi-rc

191 1254 271 1310 tione
287 1253 462 1330 avaritiaque
475 1255 504 1311 11
520 1254 604 1314 villas
619 1272 653 1313 ac
665 1253 826 1314 suburbana
843 1253 1079 1330 detorquentibus
1095 1250 1173 1330 publi-

193 1351 254 1394 cam
275 1336 404 1394 salutem.

149 1429 184 1484 43
257 1417 341 1496 (26.)
365 1418 431 1478 Non
446 1419 482 1480 ab
497 1437 530 1478 re
551 1420 588 1478 sit
604 1417 760 1496 quaerendi
784 1436 872 1497 aquas
891 1420 1020 1478 iunxisse
1038 1420 1173 1478 rationem.

191 1502 386 1580 Reperiuntur
400 1504 428 1561 in
443 1501 623 1563 convallibus
638 1519 784 1576 maxume,
810 1511 838 1560 et
853 1503 974 1579 quodam
996 1501 1174 1561 convexitatis

193 1585 309 1644 cardine
326 1594 374 1644 aut
389 1588 523 1646 montium
538 1585 691 1648 radicibus.
726 1585 805 1644 multi
821 1585 1066 1662 septentrionales
1079 1585 1173 1661 ubique
1181 1602 1200 1644 1

191 1669 282 1746 partis
303 1685 428 1746 aquosas
454 1671 671 1745 existimavere,
696 1684 752 1746 qua
772 1669 800 1727 in
824 1685 857 1727 re
881 1670 1050 1727 varietatem
1069 1677 1174 1728 naturae

191 1753 342 1828 aperuisse
364 1754 526 1812 conveniat.
553 1751 585 1812 In
602 1752 742 1826 llyrcanis
763 1751 905 1811 montibus
927 1752 1119 1812 ameridiauo
1140 1749 1173 1808 la·

191 1843 254 1894 tere
269 1852 326 1893 non
342 1836 427 1912 pluit,
452 1835 519 1896 ideo
535 1830 666 1912 silvigeri
680 1834 716 1894 ab
731 1835 874 1913 aquilonis
890 1844 998 1894 tantum
1015 1843 1096 1913 parte
1109 1839 1172 1892 sunt.

192 1926 220 1977 at
233 1917 386 1995 Olympus,
402 1918 491 1995 Ossa,
503 1919 662 1994 Parnasus,
677 1918 882 1996 Appenninus,
892 1918 987 1995 Alpes
999 1918 1121 1994 undique
1133 1931 1172 1972 ve·

191 2002 310 2060 stiuntur
328 2001 514 2080 amnibusque
526 2000 747 2078 perfunduntur,
768 2002 856 2080 aliqui
877 2001 912 2060 ab
928 2009 1043 2077 austro,
1066 2001 1134 2060 sicut
1150 1999 1199 2055 111

191 2082 278 2143 Creta
292 2082 361 2143 Albi
376 2093 499 2143 montes.
528 2084 597 2143 nibil
614 2101 688 2161 ergo
706 2086 734 2142 11
755 2085 800 2144 his
821 2093 981 2164 perpetuae
1006 2083 1172 2144 observatio

188 2168 234 2225 nis
248 2165 428 2240 iudicabitur.

147 2261 182 2314 44
256 2246 338 2326 (27.)
360 2247 506 2327 Aquarnm
521 2257 585 2308 sunt
599 2257 685 2308 notae
700 2249 800 2308 iuncus
816 2257 863 2309 aut
883 2249 1012 2310 harundo
1028 2258 1075 2309 aut
1094 2246 1173 2308 herba

147 2349 213 2393 1111
233 2330 269 2390 de
284 2349 339 2408 qua
354 2333 458 2392 dictum
474 2341 518 2392 est
533 2332 708 2409 multumque
723 2333 809 2392 alicui
824 2333 891 2392 loco
910 2343 1031 2410 pectore
1047 2331 1173 2391 incubans

189 2432 268 2474 rana.
299 2415 372 2474 salix
387 2419 462 2475 enim
484 2417 606 2476 erratica
621 2425 650 2476 et
670 2416 752 2476 alnus
768 2424 815 2475 aut
829 2418 909 2475 vitex
925 2425 972 2476 aut
992 2415 1117 2476 harundo
1134 2419 1199 2471 1111

190 2497 299 2557 hedera
315 2508 419 2576 sponte
440 2501 611 2579 proveniunt
634 2507 663 2558 et
683 2501 880 2578 conrivatione
903 2517 996 2577 aquae
1022 2499 1132 2576 pluviae
1149 2498 1174 2552 in

189 2581 285 2641 locum
305 2581 483 2642 humiliorem
505 2582 736 2660 esuperioribus
757 2582 908 2642 delluentis
934 2584 1054 2660 augurio
1074 2578 1172 2652 fallaci,
1225 2657 1226 2660 Ἴ

190 2667 316 2725 certiore
336 2666 477 2727 nebulosa
495 2666 677 2726 exhalatione
701 2674 766 2725 ante
789 2675 880 2724 ortum
906 2665 980 2725 solis
1006 2666 1116 2740 longius
1137 2664 1172 2719 in·

188 2749 347 2825 tuentibus,
363 2749 441 2826 quod
457 2750 569 2828 quidam
584 2767 621 2808 ex
636 2749 713 2808 edito
731 2749 916 2826 speculantur
929 2750 1016 2826 proni
1026 2759 1127 2808 terram
1138 2753 1171 2801 at·

148 2842 181 2896 45
191 2833 319 2908 tingente
341 2842 447 2893 mento.
487 2841 532 2892 est
553 2841 583 2892 et
603 2832 758 2910 peculiaris
777 2833 937 2892 aestimatio
953 2833 1052 2910 peritis
1075 2836 1198 2888 tantuna

190 2924 273 2989 nota,
292 2933 375 2992 quarn
387 2915 599 2976 ferventissimo
612 2923 692 2974 aestu
709 2925 843 2974 secuntur
858 2915 971 2993 dieique
985 2914 1064 2973 horis
1079 2911 1170 2970 arden·
1225 2913 1227 2924 “

189 2999 323 3074 tissimis,
345 2998 438 3074 qualis
456 3018 493 3058 ex
509 3016 623 3078 quoque
639 2999 706 3058 loco
722 3015 912 3076 repercussos
929 2995 1088 3075 splendeat.
1115 3009 1171 3052 nam

190 3080 215 3138 si
230 3089 309 3140 terra
325 3083 440 3142 sitiente
456 3083 577 3142 umidior
594 3090 638 3142 est
651 3080 718 3155 ille,
740 3081 894 3141 indubitata
912 3098 981 3158 spes
999 3078 1169 3157 promittitur.

146 3164 245 3229 461111
262 3173 339 3224 tanta
352 3166 501 3226 oculorum
513 3166 669 3224 intentione
688 3180 762 3242 opus
778 3173 869 3223 estut
886 3163 1080 3236 indolescant,
1101 3155 1170 3236 quod

188 3247 335 3323 fugientes
349 3248 385 3307 ad
401 3248 456 3307 alia
472 3248 667 3325 experimenta
683 3247 852 3322 decurrunt,
874 3247 942 3306 loco
960 3247 988 3305 in
1004 3243 1196 3305 altitudinem&
1225 3261 1226 3264 ¹

188 3331 293 3406 pedum
310 3333 434 3409 quinque
447 3329 566 3396 defosso
586 3330 712 3407 ollisque
737 3347 753 3388 e
773 3330 874 3406 'figlino
898 3348 988 3408 opere
1014 3327 1105 3386 crudis
1127 3328 1168 3414 aut

189 3422 329 3487 peruncta
344 3415 422 3490 pelvi
437 3431 522 3472 aerea
539 3421 682 3490 cooperto
697 3413 873 3491 lucernaque
887 3415 1003 3474 ardente
1027 3422 1167 3468 concama-

187 3501 249 3552 rata
262 3493 427 3570 frondibus,
444 3497 510 3556 dein
525 3505 618 3572 terra,
635 3497 660 3555 si
674 3496 803 3573 figlinum
813 3497 934 3556 umidum
949 3502 1108 3575 ruptumve,
1123 3493 1166 3548 aul
