2430 3896
126 199 144 264 8
451 208 481 256 c.
498 208 595 255 ucrur
613 205 764 256 saeuum

123 366 199 426 tinus
224 381 321 444 neque
348 362 384 424 ad
404 362 509 422 iustum
535 362 742 421 incrementum
769 361 920 441 pervenit,
947 360 1004 422 boc
1030 368 1077 422 est
1102 371 1139 422 ut

123 449 259 510 nucleum
276 447 362 509 fabae
376 445 570 524 magnitudine
587 444 704 506 babeat.
738 445 821 524 nigra
841 446 946 506 diutius
967 445 1043 506 viret
1067 464 1137 506 cre-

124 535 254 611 scitque,
280 541 310 592 ut
333 531 474 592 interdum
491 531 558 592 mali
581 530 719 610 conpleat
734 530 968 608 magnitudinem.
1013 538 1139 609 optuma

124 615 331 694 Commagena,
347 616 503 676 deterrima
517 633 556 676 ex
571 615 690 676 robore.
722 615 835 693 signum
853 615 916 677 eius
932 614 1011 694 quod
1028 633 1134 676 caver·

124 719 179 762 nae
196 701 350 761 tralucent.
1146 724 1161 764 s

81 797 116 852 28
165 786 271 865 ,(10.)
314 783 416 846 Robur
440 792 558 863 praeter
583 784 707 845 fructum
733 783 865 864 pluruma
890 792 921 844 et
945 784 1001 844 alia
1025 783 1136 862 gignit.

123 887 248 951 namque
270 869 328 930 fert
347 879 376 929 et
398 869 496 947 gallae
518 878 671 948 utrumque
696 886 790 946 genus
813 877 843 929 et
866 885 941 946 quae
964 868 1020 930 iam
1039 866 1138 928 veluti

123 970 221 1029 mora,
245 955 275 1014 ni
290 954 430 1016 distarent
451 953 531 1014 arida
547 953 668 1029 duritie,
691 953 862 1032 plerumque
876 953 952 1013 tauri
967 961 1054 1033 caput
1069 952 1137 1012 imi-

121 1040 210 1099 tantia
226 1037 330 1118 quibus
346 1038 459 1098 fructus
475 1039 550 1098 inest
573 1038 684 1099 nucleis
710 1037 806 1100 olivae
829 1036 940 1098 similis.
974 1045 1139 1098 nascuntur

123 1123 151 1184 iu
170 1139 207 1183 eo
222 1132 252 1184 et
266 1123 376 1202 pilulae
389 1121 511 1183 nucibus
526 1139 585 1183 non
598 1122 757 1198 absimiles,
774 1123 849 1184 intus
861 1121 1004 1183 babentes
1015 1121 1138 1184 floccos
1152 1141 1178 1182 ro

123 1208 219 1269 mollis
234 1208 415 1269 lucernarum
429 1205 581 1268 luminibus
598 1215 694 1285 aptos.
728 1224 793 1268 nam
806 1215 835 1266 et
846 1207 910 1266 sine
923 1206 992 1268 oleo
1008 1205 1143 1284 flagrant
1198 1265 1200 1270 ,

123 1293 208 1355 sicuti
224 1292 303 1370 galla
318 1294 409 1369 nigra.
437 1292 495 1351 fert
510 1299 539 1352 et
554 1291 640 1353 aliam
654 1291 784 1351 inutilem
798 1290 917 1370 pilulam
929 1309 993 1352 cum
1010 1290 1141 1371 capillo,

80 1386 216 1441 alverno
231 1385 327 1437 tamen
340 1386 474 1457 tempore
491 1375 648 1454 melliginis
664 1375 737 1438 suci.
769 1377 890 1454 gignunt
908 1385 937 1435 et
955 1375 1020 1436 alae
1036 1392 1141 1437 ramo·

122 1479 184 1521 rum
205 1462 267 1521 eius
291 1461 396 1540 pilulas
419 1477 546 1540 corpore
567 1477 626 1520 non
649 1460 787 1539 pediculo
804 1459 1006 1536 adhaerentis,
1034 1459 1140 1520 candi-

124 1547 215 1607 cantis
231 1545 385 1622 umbilicis,
402 1554 502 1606 cetera
513 1545 597 1622 nigra
607 1544 750 1606 varietate
765 1544 909 1624 dispersa.
936 1545 1031 1605 media
1047 1545 1142 1604 cocci
1153 1562 1178 1603 m
1211 1615 1213 1620 ι

124 1629 255 1690 colorem
274 1629 399 1706 habent,
423 1631 532 1709 apertis
554 1638 650 1690 autem
665 1638 727 1692 atra
751 1630 873 1690 inanitas
889 1637 943 1689 est.
974 1628 1141 1708 aliquando

122 1723 152 1773 et
168 1714 298 1792 pumices
319 1715 412 1793 gignit
433 1732 490 1774 nec
511 1731 570 1774 uon
589 1723 619 1774 et
639 1733 656 1774 e
677 1713 756 1775 foliis
779 1713 951 1774 convolutas
973 1712 1085 1792 pilulas
1109 1722 1143 1773 et

122 1799 151 1857 in
171 1797 306 1860 foliorum
322 1799 405 1858 venis
421 1816 550 1877 aquosos
565 1799 688 1860 nucleos
704 1798 881 1858 candicantis
901 1814 937 1858 ac
957 1796 1141 1873 tralucidus,

122 1883 255 1960 quamdiu
270 1883 376 1943 molles
393 1883 458 1958 sint,
474 1879 504 1942 in'
520 1882 624 1961 quibus
640 1891 670 1943 et
685 1882 795 1943 culices
810 1891 975 1943 nascuntur.
1007 1890 1140 1942 mature·
1211 1891 1214 1900 '

122 1975 206 2025 scunt
221 1967 250 2025 in
264 1966 379 2027 codam
396 1965 441 2026 cd
452 1983 577 2044 parcae
590 1965 667 2028 decis
680 1967 789 2046 pollue
802 1967 927 2028 modum.
1151 1981 1178 2023 ao

79 2057 115 2111 30
187 2047 215 2109 8.
240 2049 324 2128 (11.)
356 2049 465 2110 Ferunt
480 2050 589 2112 robora
611 2060 641 2111 et
661 2050 806 2127 cachrym.
838 2052 877 2112 ita
900 2058 1025 2110 vocatur
1041 2050 1141 2130 pilula

121 2134 150 2192 in
167 2132 310 2194 medicina
328 2135 429 2196 urendi
442 2136 500 2196 vim
514 2134 636 2196 babens.
666 2137 795 2214 gignitur
811 2144 840 2196 et
858 2136 887 2194 in
901 2134 1011 2211 abiete,
1027 2134 1139 2212 larice,
1211 2203 1213 2214 ὲ

121 2218 225 2295 picea,
240 2217 316 2293 tilia,
332 2237 425 2296 nuce,
442 2219 578 2299 platano,
594 2228 749 2299 postquam
768 2219 840 2282 folia
855 2217 1010 2295 cecidere,
1035 2217 1140 2280 bieme

121 2300 237 2362 durans.
270 2304 399 2364 continet
417 2304 552 2366 nucleum
574 2305 667 2383 pineis
684 2305 817 2365 similem.
850 2305 875 2363 is
899 2304 1006 2364 crescit
1022 2303 1139 2382 hieme,

121 2386 251 2464 aperitur
265 2405 338 2449 vere
354 2389 444 2469 pilula
459 2398 537 2466 tota,
556 2389 648 2466 cadit,
666 2407 730 2449 cum
745 2388 816 2450 folia
833 2406 962 2468 coepere
979 2405 1137 2449 crescere.
1149 2412 1178 2454 aa

77 2478 110 2532 31
120 2478 177 2530 tam
192 2471 338 2534 multifera
352 2482 435 2550 sunt,
457 2482 500 2534 tot
521 2491 570 2533 res
592 2481 712 2552 praeter
728 2472 864 2551 glandem
880 2473 995 2551 pariunt
1010 2473 1138 2550 robora,

119 2555 173 2616 sed
190 2567 219 2617 et
233 2556 352 2618 boletos
368 2557 548 2637 suillosque,
571 2557 660 2634 gulae
680 2559 839 2618 novimima
859 2557 1061 2633 inritamenta,
1085 2559 1141 2638 qui

120 2641 199 2701 circa
213 2641 327 2702 radices
344 2643 511 2720 gignuntur,
528 2659 654 2721 quercus
668 2640 914 2721 probatissimum,
929 2640 1141 2703 roborantem

119 2732 149 2783 et
171 2742 330 2804 cupressus
351 2735 381 2787 et
402 2728 486 2806 pinus
507 2727 623 2786 noxios.
662 2726 770 2786 robora
794 2726 890 2786 ferunt
916 2734 945 2786 et
966 2726 1083 2786 viscum
1107 2736 1140 2787 et

118 2808 224 2884 mella,
246 2818 277 2868 nt
297 2819 401 2870 auctor
424 2821 470 2871 est
490 2809 653 2887 Hesiodus,
675 2819 849 2890 constatque
867 2828 951 2872 rores
967 2809 1099 2883 melleos
1120 2829 1176 2872 eac

76 2915 129 2958 nso
139 2892 235 2969 caelo,
244 2902 275 2953 ut
287 2893 422 2973 diximus,
439 2896 570 2956 cadentis
580 2911 639 2954 non
651 2893 715 2956 aliis
726 2896 819 2974 magis
830 2894 957 2956 insidere
966 2895 1139 2958 frondibus.

118 2979 237 3038 cremati
253 2995 372 3057 quoque
394 2980 512 3042 roboris
534 2981 662 3042 cinerem
687 2981 826 3040 nitrosum
848 2997 915 3040 esse
939 2987 1054 3040 certum
1077 2990 1138 3040 est.

75 3067 109 3124 31
186 3060 271 3141 (12.)
304 3061 403 3125 Omnis
425 3075 521 3126 tamen
545 3064 598 3126 has
620 3065 684 3124 eius
706 3063 792 3125 dotes
814 3064 874 3125 ilex
895 3061 961 3126 solo
986 3074 1140 3143 provocat

119 3161 222 3218 cocco.
251 3164 371 3224 granum
392 3149 450 3210 boc
467 3151 621 3228 primoque
645 3166 700 3209 ceu
722 3147 840 3209 scabies
861 3147 991 3224 fruticis,
1019 3167 1138 3228 parvae

116 3229 273 3309 aquifoliae
295 3231 380 3293 ilicis.
416 3233 577 3295 cusculium
594 3241 710 3294 vocant.
741 3233 912 3312 pensionem
936 3231 1063 3294 alteram
1083 3235 1174 3299 tri-aa

74 3313 207 3398 ¹,imbuti
223 3315 401 3395 pauperibus
419 3316 575 3397 Hispaniae
594 3318 691 3378 donat.
729 3334 812 3376 usum
834 3317 896 3377 eius
917 3316 1083 3394 gratiorem
1105 3317 1138 3378 in

116 3397 253 3474 conchyli
267 3401 414 3462 mentione
429 3402 608 3464 tradidimus.
640 3402 767 3480 gignitur
783 3410 812 3461 et
827 3401 856 3462 in
872 3399 994 3478 Galatia,
1014 3400 1136 3482 Africa,

115 3480 232 3560 Pisidia,
250 3480 363 3564 Cilicia,
380 3504 546 3566 pessumum
565 3488 593 3546 in
608 3486 748 3546 Sardinia.
1207 3501 1209 3504 ’
