2396 3900
143 214 201 277 132
246 199 254 212 ’
464 226 773 276 o.un1nrsuuuno1

95 382 241 446 sanitaris.
271 382 389 442 miretur
403 381 460 443 boc
476 382 523 460 qui
538 398 595 440 non
612 383 774 442 meminerit
787 383 855 460 ipso
870 380 993 442 brumali
1004 381 1051 442 dle
1065 380 1147 460 pule·

138 467 194 525 ium
209 467 237 526 in
253 467 390 526 carnariis
407 466 525 526 llorere.
559 465 634 526 adeo
650 466 719 526 nihil
735 466 882 527 occultum
897 483 965 526 esse
981 474 1082 525 natura
1096 483 1148 526 vo-

138 551 199 626 luit,
218 559 247 610 et
264 551 381 610 serendi
396 551 483 638 igitur
498 551 555 610 hoc
570 549 648 610 dedit
666 551 787 628 siguum.
819 549 899 610 llaec
916 558 961 609 est
974 560 1044 609 vera
1059 549 1148 610 iuter·

137 637 261 713 prelatio
278 643 446 712 argumenta
461 644 580 695 naturae
600 652 700 694 secum
715 635 867 710 adferens,
889 636 999 712 quippe
1023 634 1067 694 sic
1091 643 1149 694 ter·

137 736 197 778 ram
214 719 274 796 peti
290 719 394 780 suadet
407 719 605 798 promittitque
622 719 763 797 quandam
775 719 914 778 stercoris
926 719 1022 778 vicem
1033 725 1065 778 et
1077 735 1172 782 con-s

136 812 179 862 tra
194 803 309 880 rigores
327 812 433 865 terram
448 812 584 881 satusque
601 803 709 881 operiri
726 821 742 864 a
758 820 791 862 se
807 803 915 862 nuntiat
932 820 973 870 ¹ac
991 811 1091 862 monet
1106 801 1150 864 le·

136 889 254 948 mm

93 969 1151 1050 lffifflfflmemmmmmmw

136 1056 238 1117 stodiri
253 1056 414 1135 praecepit.
450 1056 497 1116 alii
512 1055 600 1134 plena
623 1054 689 1116 luna
711 1056 880 1130 serendam,
904 1054 1011 1115 leuteuu
1035 1073 1111 1115 uero
1135 1073 1153 1116 a

135 1141 273 1201 uicesima
288 1141 386 1219 quinta
402 1139 438 1200 ad
458 1139 647 1214 tricesimam,
672 1139 775 1198 viciam
801 1156 917 1217 quoque
941 1137 1046 1199 iisdem
1061 1138 1152 1200 lunae
1161 1158 1182 1200 u

136 1222 249 1284 diebus.
268 1225 307 1284 ita
320 1224 433 1284 demum
447 1225 510 1284 sine
528 1222 678 1284 limacibus
692 1223 768 1283 iore.
798 1223 912 1302 quidam
937 1222 1035 1302 pabuli
1059 1241 1152 1284 cansa

136 1309 179 1366 sic
194 1309 253 1366 seri
270 1306 385 1383 iubent,
404 1309 522 1369 seminis
539 1317 633 1368 autem
652 1325 733 1368 vere.
765 1305 817 1366 Est
839 1315 868 1366 et
888 1307 944 1367 alia
965 1308 1152 1368 manifestior

135 1392 210 1451 ratio
225 1391 401 1454 mirabiliore
416 1402 535 1454 naturae
548 1392 740 1471 providentia,
752 1391 780 1451 iu
792 1409 848 1470 qua
860 1389 1013 1452 Ciceronis
1029 1402 1150 1454 senteu-

135 1477 202 1536 tiam
218 1477 309 1554 ipsius
327 1476 425 1537 verbis
440 1477 687 1555 subsignabimus:

155 1559 1064 1640 lanuverosempervimdissemperquegravata
1160 1572 1182 1614 b

157 1644 1122 1725 bonuscustrbssicisofitaestgrandescereletn‚

156 1728 1150 1808 Terlrugeslundenstriatemporaruoustrataraudi

92 1813 1150 1892 mmmmmmmfflmwmmmmwmo

136 1897 208 1958 Cato
224 1898 261 1958 tle
278 1898 591 1976 papavcrcltatraulit:
623 1897 759 1974 Virgas
782 1906 817 1956 et
838 1907 1027 1958 sarmenta
1055 1917 1151 1978 quae

135 1980 1048 2060 tibiumonisupereruutinsegetecomburno.
1088 1983 1183 2043 ubim

135 2081 197 2124 eas
220 2064 493 2141 combusseris,
521 2064 570 2126 ibi
598 2083 761 2144 papaver
790 2067 922 2126 serito.
960 2063 1101 2127 silvestre
1122 2069 1150 2126 iu

133 2149 204 2208 miro
221 2167 274 2209 usu
290 2158 334 2210 est
349 2151 437 2210 melle
462 2151 615 2210 decoctum
636 2150 672 2210 ad
683 2149 806 2210 faucium
826 2149 955 2210 remedia
973 2151 1078 2230 visque
1101 2167 1149 2212 so·

133 2233 254 2293 mullera
269 2234 354 2294 etiam
371 2237 472 2296 sativo.
503 2233 539 2294 Et
553 2233 692 2295 hactenus
709 2235 746 2294 de
760 2232 880 2294 hiberna
895 2243 1039 2294 semente.

91 2327 144 2382 230
213 2317 263 2378 26.
288 2318 372 2398 (62.)
393 2318 501 2380 Verum
513 2328 543 2378 ut
555 2320 663 2397 pariter
677 2319 769 2378 omnis
779 2318 910 2378 culturae
922 2317 1068 2396 quoddam
1079 2319 1149 2380 bre-

133 2403 251 2462 viarium
267 2413 432 2482 peragatur,
450 2404 554 2464 eodem
568 2412 700 2481 tempore
719 2403 874 2464 conveniet
889 2403 1013 2464 arbores
1028 2412 1147 2464 sterco·
1157 2417 1182 2460 as

133 2505 215 2562 rare,
231 2487 413 2548 adcumulare
424 2488 493 2548 item
506 2488 605 2548 vineas
623 2522 666 2532 -
683 2486 790 2569 suflicit
803 2487 831 2546 in
841 2489 971 2566 iugerum
983 2505 1088 2567 opera,
1107 2522 1147 2534 -

135 2579 174 2647 et,
187 2572 236 2633 ubi
247 2573 371 2650 patietur
383 2571 442 2631 loci
452 2572 537 2647 ratio,
550 2571 667 2632 arbusta
678 2571 819 2632 acvineas
829 2581 941 2650 putare,
955 2572 1149 2634 solumsemi-

132 2657 219 2715 uariis
232 2655 341 2734 bipalio
354 2673 542 2734 praeparare,
556 2656 651 2716 incilia
661 2656 788 2734 aperire,
801 2673 904 2735 aquam
917 2656 954 2716 de
966 2675 1040 2735 agro
1050 2657 1148 2736 pelle·

89 2738 1148 2818 mmmwmmmmmmmmMmmffli

131 2824 176 2882 nis
195 2840 250 2882 ova
267 2822 433 2902 subponere
451 2824 559 2902 nolito,
584 2825 679 2885 donec
699 2824 799 2886 bruma
821 2825 1001 2886 conficiatur.
1032 2827 1061 2884 in
1078 2844 1183 2886 eumer

132 2907 1147 2988 mwmfflfflmmmmbmmwwwa

130 3010 197 3052 men
214 2992 288 3052 inira
303 3010 424 3053 novena.
451 2993 637 3055 Democritus
648 2993 736 3052 talem
747 2992 869 3054 futuram
881 2993 1007 3054 hiemem
1020 2993 1147 3056 arbitra·

129 3076 1147 3156 tmfflmmmwfflfflmwmfflfflmfflm

13 3215 17 3223 .
131 3169 281 3221 aestatem.
312 3163 390 3222 circa
408 3160 535 3223 brumam
552 3162 703 3241 plerisque
721 3160 765 3221 bis
784 3172 898 3242 septem
909 3162 1085 3240 halcyonum
1099 3163 1148 3224 le·

129 3255 209 3322 tura,
238 3255 388 3305 uentorum
411 3247 509 3324 quiete
531 3247 670 3308 mollitum
688 3247 808 3307 caelum.
844 3248 898 3308 seul
915 3257 944 3308 et
961 3249 990 3308 in
1004 3249 1049 3308 his
1067 3258 1098 3308 et
1115 3249 1183 3310 iuss

130 3331 193 3389 aliis
210 3329 339 3391 omnibus
362 3349 400 3390 ex
416 3341 521 3391 eventu
537 3331 774 3410 significationum
790 3330 922 3409 intellegi
938 3333 1033 3393 sideru
1050 3333 1147 3394 debe·

129 3412 212 3556 bapt,
230 3431 287 3511 non
303 3414 340 3474 ad
357 3415 419 3476 dies
434 3417 532 3493 utique
554 3415 721 3494 praefinitos
744 3417 912 3495 exspectari
934 3426 1148 3496 tempestatum

128 3513 164 3555 va
185 3515 297 3558 rmonra.
916 3517 931 3544 ·
