2370 3922
69 251 71 258 ·
171 235 217 297 78
516 249 546 297 o.
563 248 658 298 uuum
675 249 825 298 securam

170 402 239 462 calo
256 421 312 480 per
326 421 425 464 eurem
439 405 562 464 traiecto
575 411 606 464 et
620 411 742 482 postero
755 403 803 464 die
814 402 916 463 eadem
927 403 1000 464 hora
1011 413 1149 482 exempto,

171 486 301 546 scabiem
321 485 528 565 quadripedum
551 505 614 546 cum
634 496 710 564 ture,
734 505 801 546 cera
819 505 855 546 ac
874 489 940 564 pice
961 486 1011 546 vel
1027 505 1088 546 cum
1098 490 1150 565 pir·

171 569 283 630 selaeu.

126 661 164 718 56
217 653 320 730 ·(23.)
340 653 448 712 Album
470 661 630 730 optumum,
652 654 730 732 quod
753 653 906 714 celerrime
929 661 1029 713 movet
1052 661 1150 716 steruu

57 769 61 776 -
169 744 279 811 menta,
303 737 356 796 sed
379 737 496 795 multum
517 737 676 796 terribilius
695 739 792 814 nigro,
808 739 965 815 praecipue
988 738 1013 794 si
1035 739 1096 813 quis
1111 738 1168 816 adp

168 827 301 898 paratum
324 827 496 897 poturorum
515 819 590 896 apud
617 822 753 897 antiquos
778 820 858 896 legat
883 829 985 880 contra
1012 819 1150 896 horrores,

169 902 379 978 strangulatus,
406 905 626 980 intempestivas
649 905 740 963 somni
760 905 845 980 viris,
870 904 1016 980 singultus
1039 903 1149 964 infinitos

170 995 220 1044 ant
241 995 449 1061 sternumenta,
471 986 609 1045 stomachi
633 986 854 1062 dissolutiones,
875 987 1023 1050 tardiores
1041 985 1148 1048 vomitu

171 1077 220 1128 ant
240 1068 411 1146 longiores,
434 1071 558 1144 exiguos
580 1079 628 1128 aut
648 1071 764 1146 nimios,
782 1072 893 1148 quippe
915 1070 973 1128 aliu
995 1069 1065 1129 dare
1086 1069 1147 1129 soliti

112 1179 115 1186 ·
169 1170 245 1229 quae
262 1155 443 1212 concitarent
453 1155 629 1212 vomitiones
644 1156 795 1231 ipsumque
806 1153 994 1214 helleborum
1009 1153 1173 1214 extraherem

168 1235 386 1296 medicamentis
402 1243 451 1294 aut
472 1235 659 1312 clysteribus,
679 1238 796 1314 saepius
818 1239 904 1296 etiem
919 1238 1064 1312 sanguiue
1083 1238 1149 1296 venis

17 1391 25 1401 Ι
125 1319 291 1385 stemisso.
325 1321 380 1378 iarn
400 1335 472 1378 vero
498 1328 528 1377 et
556 1337 619 1379 cum
643 1337 788 1398 prospere
814 1320 913 1396 cedat,
936 1319 1066 1380 terribili
1091 1323 1150 1395 visu,

170 1403 258 1466 vertis
272 1402 421 1462 coloribus
437 1405 623 1462 vomitionum
640 1412 670 1462 et
687 1413 754 1481 post
765 1405 941 1464 vomitiones
956 1403 1151 1462 observatione

60 1559 62 1564 Ι
169 1483 444 1560 αΙνί,,1)αΙίηειηω
460 1485 689 1563 dispensatione,
712 1489 802 1545 totius
823 1488 959 1564 corporis
982 1505 1065 1562 cura,
1086 1494 1150 1545 ente·

169 1570 295 1629 cedente
317 1571 410 1628 omnia
432 1569 505 1628 haec
527 1587 631 1645 magno
649 1579 764 1628 terrore
780 1570 883 1644 lernae,
903 1587 1032 1648 namque
1052 1569 1173 1628 traducta

112 1693 113 1698 κ
153 1655 282 1712 absumi
309 1654 420 1728 carnis,
448 1653 473 1711 si
502 1661 644 1730 coquatur
670 1669 732 1712 unu.
774 1652 826 1716 sed
852 1655 1041 1730 antiquorum
1067 1654 1148 1711 vitium

32 1803 35 1810 ,
169 1745 234 1797 crat
248 1735 328 1814 quod
342 1745 466 1814 propter
486 1735 539 1796 hos
562 1745 656 1796 metus
671 1737 786 1813 parcius
809 1735 929 1812 dabant,
954 1755 1023 1796 curn
1040 1736 1148 1796 celerius

124 1828 305 1898 suerumpat
325 1835 384 1896 quo
405 1819 516 1897 largius
535 1822 662 1878 sumitur.
697 1817 853 1902 Themison
868 1819 952 1879 binas
968 1817 1147 1896 nonamplins

168 1903 318 1964 drachmas
334 1902 458 1977 dotavit,
477 1913 634 1980 sequentes
658 1910 688 1962 et
699 1910 864 1978 quaternas
880 1901 994 1962 dedere
1012 1903 1091 1962 claro
1104 1900 1148 1960 lle·

169 1985 276 2064 rophili
299 1987 470 2062 praeconio,
491 1989 539 2062 qui
560 1986 743 2046 helleborum
762 1986 912 2044 fortissimi
930 1986 1017 2046 ducis
1035 1985 1168 2046 similitu-n

168 2071 228 2129 dini
243 2068 397 2145 aequabat.
433 2071 584 2128 concitatis
607 2072 682 2128 enim
702 2071 778 2127 intus
797 2069 927 2128 omnibns
949 2071 1046 2147 ipsum
1062 2071 1089 2128 in
1103 2069 1147 2146 pri

168 2155 223 2212 mis
248 2153 342 2212 exire,
376 2160 531 2228 praeterea
557 2155 657 2212 mirum
683 2154 830 2210 inventum
858 2155 905 2211 est'
933 2152 1016 2229 quod
1044 2155 1146 2212 incisum

124 2256 150 2291 s·
167 2233 328 2310 loriiculis,
346 2242 377 2292 ut
395 2234 533 2312 diximus,
554 2235 689 2296 cribrant.
729 2243 833 2295 cortex
850 2243 1000 2311 remanet,
1024 2235 1096 2295 bunc
1115 2235 1144 2292 in

167 2321 277 2394 uniunt,
293 2317 417 2378 medulla
432 2319 518 2394 cadit,
535 2318 607 2378 haec
621 2321 650 2378 in
665 2320 749 2379 nimia
761 2319 936 2396 purgatione
949 2318 1018 2382 data
1029 2319 1144 2378 vomitio-

166 2421 221 2461 nes
237 2401 323 2461 sistit.
1148 2413 1166 2456 rs

123 2495 160 2551 59
232 2484 314 2564 (24.)
342 2482 506 2544 Cavendum
528 2493 575 2544 est
594 2484 673 2544 felici
696 2503 812 2564 quoque
838 2503 906 2544 cura
930 2503 970 2544 ne
992 2485 1092 2544 nubilo
1108 2482 1143 2540 dic

167 2568 264 2645 detur,
288 2569 458 2646 inpetibiles
478 2570 586 2646 quippe
608 2570 750 2628 cruciatus
772 2571 922 2628 exsistunt.
959 2587 1027 2628 narn
1049 2573 1143 2627 aestate

166 2655 267 2731 potins
281 2669 365 2728 quam
379 2651 473 2712 ldeme
489 2651 608 2712 dandum
623 2669 682 2710 uon
696 2653 786 2712 estin
801 2651 897 2710 dubio.
921 2669 1032 2730 corpus
1047 2658 1141 2728 septen

167 2735 271 2794 diebus
294 2745 362 2794 onte
385 2735 611 2812 praeparandum
633 2735 706 2794 cibis
731 2735 862 2811 acribus,
887 2731 1141 2802 abstinentioris,

167 2827 271 2896 quarto
287 2826 317 2876 et
334 2819 422 2878 tertio
438 2817 485 2878 die
503 2818 719 2894 vomitionibus,
741 2817 836 2896 pridie
858 2837 948 2884 cenae
970 2816 1164 2878 abstinentias

167 2901 263 2960 album
286 2909 317 2960 et
338 2904 368 2961 in
389 2901 463 2960 dulci
488 2901 580 2978 detur,
602 2903 750 2978 aptissime
771 2903 888 2962 veroin
906 2902 987 2960 lente
1004 2898 1140 2978 antpnlte.

165 3003 260 3062 nuper
272 2986 413 3044 invenere
430 2985 564 3045 dissectis
584 2984 718 3062 raphanis
734 2988 868 3045 inserere
890 2984 1075 3046 helleborum
1093 2997 1141 3042 rur·

166 3086 276 3146 susque
297 3070 481 3146 conprimere
502 3068 657 3146 raphanos,
678 3077 709 3126 ut
735 3077 863 3128 transeat
885 3069 943 3144 ris,
970 3076 1059 3146 atque
1082 3064 1139 3125 leni·

165 3159 265 3210 mento
283 3150 362 3211 dare.
393 3150 474 3210 reddi
489 3160 557 3229 post
578 3159 713 3228 quattuor
732 3152 797 3210 lere
814 3151 900 3210 horas
918 3152 1028 3228 incipit.
1064 3157 1139 3208 totum

122 3246 245 3312 scopus
261 3237 394 3312 septenis
409 3237 558 3311 peragitur
573 3235 661 3294 horis.
689 3233 820 3294 medetur
835 3237 877 3293 ita
895 3235 1005 3294 morbis
1026 3232 1161 3294 comitia-s

129 3318 254 3394 abhus,
281 3326 313 3376 ut
338 3319 470 3393 diximus,
491 3319 645 3395 vertigini,
672 3316 904 3395 melancholicis,
931 3315 1137 3386 insanientibus,

167 3401 361 3478 lymphaticis,
379 3400 568 3477 elephantiasi
584 3400 678 3476 albae,
694 3401 797 3478 lepris,
814 3409 924 3478 tetano,
944 3400 1082 3474 tremulis,
1095 3412 1136 3474 po

165 3483 304 3559 dagricis,
328 3481 495 3560 hydropicis
516 3485 780 3562 incipientibusque
801 3486 979 3563 tympanicis,
1000 3479 1136 3544 stomachi·
