2458 3906
344 247 425 294 uer.
441 247 532 296 msa.
548 249 606 296 xx.
624 247 708 302 5-o
728 239 881 320 (re-nn)
1033 245 1091 308 195

87 416 155 460 suco
179 398 300 459 feniculi
326 409 427 460 oonua
449 401 612 481 incipientis
642 403 808 485 hydropisis
832 409 904 468 mire
933 411 1090 491 prolicere,

85 488 151 546 item
165 491 266 544 contra
283 485 404 562 anginas
417 503 480 546 cum
493 496 555 548 ruta
568 496 597 546 et
609 489 714 566 melle,
735 491 856 552 excitari
869 493 970 554 eadem
983 496 1089 558 lethar-

85 572 175 648 gicos.
193 567 290 628 Varro
304 587 381 648 quae
392 569 454 630 sale
468 579 498 630 et
511 581 598 632 aceto
611 591 715 652 sparsa
728 583 773 634 est
784 576 973 658 arelactaque
985 583 1088 641 vermi-

86 653 156 713 culis
171 669 231 712 non
248 653 381 714 infestari
398 657 573 716 auctorest.

62 759 74 797 s
143 738 174 800 6.
198 737 284 817 (21.)
311 737 432 798 Porrum
457 741 598 800 sectivom
620 740 761 819 prolluvia
788 745 934 822 sanguinis
959 749 1034 809 sistit
1059 751 1132 816 mm

84 822 198 884 naribus
221 824 348 884 contrito
374 840 410 882 eo
434 826 590 903 opturatis,
612 825 661 885 vel
681 825 778 902 gallae
794 830 883 889 mixto
900 838 949 891 aut
963 843 1087 910 mentae,

83 909 147 968 item
163 925 203 967 ex
217 905 325 967 abortu
341 907 484 986 prollnvia
495 919 566 988 poto
579 927 650 970 suco
666 927 731 969 cum
742 911 819 973 lacte
834 914 993 977 mulierum.
1016 920 1089 978 tussi

1 1011 2 1014 ¹
84 994 165 1052 etiam
179 994 278 1052 veteri
293 1002 324 1053 et
339 993 468 1071 pectoris
484 1011 519 1054 ac
537 992 680 1073 pulmonis
693 995 770 1055 vitiis
782 997 921 1058 medetur.
945 1000 1032 1061 inlitis
1044 1003 1087 1062 lc·

82 1077 125 1136 liis
151 1085 292 1136 sanantur
317 1077 380 1138 vari
402 1085 431 1138 et
455 1077 586 1139 ambusta
611 1087 640 1138 et
662 1081 842 1158 epinyctides
858 1085 952 1144 1—-ita
967 1095 1089 1146 uocatur

49 1161 175 1236 aculcos,
193 1177 271 1240 quae
287 1170 317 1220 et
332 1179 415 1238 syce,
432 1163 461 1222 in
479 1163 584 1240 angulo
599 1163 676 1224 oculi
689 1175 832 1243 perpetuo
846 1185 946 1227 umore
959 1186 1088 1248 manans,

81 1245 195 1325 quidam
212 1243 319 1305 eodem
338 1247 454 1306 nomine
474 1246 625 1326 appellant
640 1248 759 1326 pusulas
775 1249 890 1312 liventis
907 1270 941 1312 ac
955 1253 1088 1315 noctibus

79 1331 276 1409 inquietantes
290 1364 333 1376 -—
345 1340 376 1390 et
390 1330 448 1391 alia
462 1332 563 1392 ulcera
579 1350 642 1392 cum
655 1332 744 1392 melle
760 1334 844 1413 trito,
867 1336 916 1396 vel
931 1336 1085 1399 bestiarum
1098 1348 1130 1402 45

79 1432 193 1474 morsus
210 1433 250 1474 ex
264 1415 369 1492 aceto,
394 1416 463 1476 item
479 1417 657 1495 serpentium
673 1416 854 1497 aliorumque
869 1430 1087 1500 venenatorum,

79 1500 188 1560 aurium
202 1516 280 1561 vero
298 1499 367 1560 vitia
383 1517 447 1561 oum
467 1499 539 1561 ielle
563 1502 682 1579 caprino
698 1501 747 1562 vel
766 1505 828 1581 pari
842 1521 976 1567 mensura
992 1507 1086 1582 mulsi,

47 1607 70 1650 tt
78 1585 224 1646 stridores
241 1601 307 1644 cum
323 1584 401 1645 laete
415 1585 556 1661 mulieris,
576 1587 678 1664 eapitis
696 1585 827 1664 dolores,
845 1588 870 1647 si
887 1590 915 1648 in
932 1591 1009 1649 naris
1024 1591 1086 1649 ion·

76 1671 179 1748 datur,
202 1669 409 1730 dormitorisve
425 1671 453 1729 in
468 1685 567 1730 aurern
582 1669 695 1730 duobus
717 1672 780 1731 suci
801 1671 1002 1748 coclearibus,
1029 1690 1085 1734 uno

1 1799 2 1802 ,
74 1755 193 1834 mellis.
213 1771 303 1814 sucus
323 1763 353 1813 et
365 1753 402 1815 ad
418 1754 597 1833 serpentium
613 1756 857 1836 scorpionumque
876 1757 962 1817 ictum
976 1756 1128 1821 bibitorlit

1 1902 2 1907 ,
76 1857 141 1901 cnm
159 1856 244 1900 mero
263 1847 292 1898 et
313 1837 349 1898 ad
372 1837 534 1898 lumborum
557 1839 677 1900 dolores
700 1857 765 1901 oum
786 1841 845 1899 vini
861 1840 974 1901 hemina
989 1850 1084 1920 potus.

77 1925 249 2002 sanguinem
272 1941 344 1983 vero
367 1923 589 1984 exscreantibus
606 1933 635 1983 et
650 1923 820 2003 phthisicis,
844 1924 1086 1986 destillationibus

1 2081 2 2090 χ
46 2010 175 2086 nlongis
191 2007 241 2068 vel
256 2025 344 2068 sucus
359 2007 408 2067 vel
424 2025 462 2068 ex
476 2007 541 2087 ipso
558 2007 639 2068 cibus
656 2007 786 2087 prodest,
803 2010 871 2068 item
885 2007 987 2069 morbo
1003 2013 1086 2088 regio

1 2107 2 2112 ¹
76 2095 124 2154 rel
139 2091 313 2171 hydropicis
330 2103 360 2152 et
376 2091 537 2152 adrentum
553 2092 684 2168 dolores,
702 2111 765 2152 cum
781 2093 892 2153 tisanae
907 2111 978 2154 suco
992 2104 1087 2155 aceta-

76 2178 136 2240 buli
151 2191 300 2237 mensura.
335 2177 416 2238 idern
432 2177 535 2238 modus
558 2195 621 2236 curn
638 2175 728 2237 melle
744 2175 846 2237 volvas
863 2188 976 2256 purgat.
1005 2187 1085 2239 estur
1096 2188 1128 2242 st

1 2300 2 2343 3
76 2281 148 2325 vero
175 2271 208 2324 et
229 2269 331 2322 contra
352 2261 506 2338 fungorum
526 2279 656 2338 uenena,
686 2262 834 2339 inponitur
857 2271 886 2322 et
905 2263 1086 2338 volneribus,

1 2347 2 2412 f
76 2365 218 2412 venerem
233 2345 376 2423 stimulat,
394 2343 469 2406 sitim
484 2345 582 2421 sedat,
599 2345 759 2406 ebrietates
772 2345 906 2421 discutit,
921 2345 973 2407 sed
986 2346 1086 2406 oculo·

1 2464 2 2502 3
44 2451 138 2495 aarum
156 2433 255 2494 aciem
270 2430 411 2492 hebetare
426 2430 563 2506 traditur,
580 2430 743 2491 inflationes
761 2447 878 2509 quoque
895 2431 995 2490 iacere
1013 2447 1087 2508 quae

76 2528 171 2580 mmen
201 2515 354 2578 stomacho
384 2533 442 2576 non
467 2522 592 2575 noceant
617 2511 805 2592 ventremque
834 2513 974 2574 molliant.
1020 2515 1087 2573 voci

76 2603 268 2684 splendorem
284 2597 387 2664 adfert.

136 2687 222 2769 (22.)
252 2681 388 2762 Capitate
407 2685 498 2745 maior
514 2691 560 2743 est
581 2682 616 2743 ad
632 2683 733 2742 eadem
749 2682 881 2742 effectus.
914 2681 1084 2759 sanguinem
1097 2689 1131 2746 48

76 2771 269 2834 reicientibus
291 2785 379 2828 sucus
400 2769 462 2828 eius
478 2786 541 2828 com
555 2767 652 2846 gallae
668 2775 715 2826 aut
731 2767 802 2824 turis
818 2765 909 2825 farina
924 2766 973 2827 vel
988 2766 1088 2828 acacia

46 2858 170 2919 cedatur.
202 2853 402 2934 Hippocrates
419 2862 449 2913 et
464 2854 527 2913 sine
543 2853 599 2913 alia
615 2851 738 2910 mixtura
753 2849 814 2909 dari
830 2848 909 2909 iubet
925 2851 1088 2930 volvasque

79 2948 246 3002 contractas
268 2938 386 3017 aperire
410 2957 442 2998 se
467 2945 564 3016 putat,
587 2935 794 2996 fecunditatem
814 2933 899 2994 etiam
920 2935 1087 2996 feminarum

77 3027 132 3087 boo
148 3025 218 3086 cibo
233 3023 347 3101 augeri.
372 3023 523 3083 contritum
541 3040 578 3082 ex
591 3019 679 3080 melle
695 3018 795 3078 ulcera
812 3029 927 3097 purgat.
946 3021 1046 3080 tussim
1055 3027 1084 3078 et
1097 3027 1130 3080 49

77 3109 293 3172 destillationes
309 3107 458 3183 thoracis,
483 3107 627 3185 pulmonis
642 3112 672 3164 et
688 3103 814 3163 arteriae
831 3104 900 3164 vitia
918 3113 1014 3180 sanat,
1039 3103 1087 3162 da·

76 3204 132 3256 tom
159 3197 191 3255 in
219 3191 383 3253 sorbitione
409 3191 520 3252 tisanae
545 3190 594 3251 uel
620 3188 738 3249 crudum
764 3197 883 3265 praeter
905 3188 1000 3267 capita
1025 3189 1088 3246 sine

45 3296 163 3360 atpane,
183 3281 225 3340 ita
240 3287 272 3338 ut
287 3276 408 3338 alternis
423 3275 525 3336 diebus
541 3281 677 3348 sumatur,
692 3271 741 3332 uel
756 3273 781 3331 si
798 3289 870 3351 pora
886 3279 1086 3333 exscreentur.

77 3366 119 3426 sic
141 3374 174 3426 et
193 3363 264 3424 voci
280 3361 330 3422 vel
344 3360 445 3421 veneri
460 3376 623 3439 somnoque
642 3357 759 3417 multum
777 3357 901 3416 confert.
934 3357 1028 3436 capita
1043 3354 1088 3414 bis

77 3467 152 3530 aqua
166 3455 278 3510 mutata
294 3454 381 3506 cocta
393 3445 491 3506 alrom
507 3446 610 3504 sistunt
625 3451 654 3504 et
671 3441 824 3502 fluctiones
839 3449 969 3518 vetares,
987 3448 1090 3502 cortex

79 3535 221 3596 decoctus
238 3531 399 3608 inlitusque
414 3529 504 3590 inlicit
520 3547 619 3589 canos.

863 3609 925 3669 13*
