<?xml version="1.0" encoding="UTF-8"?>
<!DOCTYPE html PUBLIC "-//W3C//DTD XHTML 1.0 Transitional//EN"
    "http://www.w3.org/TR/xhtml1/DTD/xhtml1-transitional.dtd">
<html xmlns="http://www.w3.org/1999/xhtml" xml:lang="en" lang="en">
 <head>
  <title>
</title>
<meta http-equiv="Content-Type" content="text/html;charset=utf-8" />
  <meta name='ocr-system' content='tesseract 3.04.00' />
  <meta name='ocr-capabilities' content='ocr_page ocr_carea ocr_par ocr_line ocrx_word'/>
</head>
<body>
  <div class='ocr_page' id='page_1' title='image "./naturalishistor00plingoog_0525.png"; bbox 0 0 2396 3922; ppageno 0'>
   <div class='ocr_carea' id='block_1_1' title="bbox 256 271 1008 352">
    <p class='ocr_par' dir='ltr' id='par_1_1' title="bbox 256 271 1008 352">
     <span class='ocr_line' id='line_1_1' title="bbox 256 271 1008 352; baseline 0.004 -19"><span class='ocrx_word' id='word_1_1' title='bbox 256 285 335 334; x_wconf 80' lang='lat' dir='ltr'><strong>nau.</strong></span> <span class='ocrx_word' id='word_1_2' title='bbox 350 283 441 334; x_wconf 77' lang='lat' dir='ltr'><strong>mou.</strong></span> <span class='ocrx_word' id='word_1_3' title='bbox 458 285 554 332; x_wconf 80' lang='lat' dir='ltr'><strong>xxvi.</strong></span> <span class='ocrx_word' id='word_1_4' title='bbox 569 283 597 337; x_wconf 84' lang='lat' dir='ltr'><strong>s.</strong></span> <span class='ocrx_word' id='word_1_5' title='bbox 613 273 766 352; x_wconf 80' lang='lat' dir='ltr'><strong>(to—34.)</strong></span> <span class='ocrx_word' id='word_1_6' title='bbox 880 273 882 280; x_wconf 90' lang='lat'>&#39;</span> <span class='ocrx_word' id='word_1_7' title='bbox 947 271 1008 336; x_wconf 73' lang='lat' dir='ltr'><strong>iila</strong></span> 
     </span>
    </p>
   </div>
   <div class='ocr_carea' id='block_1_2' title="bbox 7 433 1012 852">
    <p class='ocr_par' dir='ltr' id='par_1_2' title="bbox 7 433 1012 852">
     <span class='ocr_line' id='line_1_2' title="bbox 25 433 1012 601; baseline 0 -18"><span class='ocrx_word' id='word_1_8' title='bbox 25 439 381 601; x_wconf 56' lang='lat' dir='ltr'><strong>hirtliissit&#39;liilt</strong></span> <span class='ocrx_word' id='word_1_9' title='bbox 398 438 505 583; x_wconf 60' lang='lat' dir='ltr'><strong>titi:</strong></span> <span class='ocrx_word' id='word_1_10' title='bbox 520 433 1012 599; x_wconf 64' lang='lat' dir='ltr'><strong>&#39;‘titii&#39;‘:iltltt&#39;i‘tt</strong></span> 
     </span>
     <span class='ocr_line' id='line_1_3' title="bbox 25 605 1008 685; baseline -0.002 -17"><span class='ocrx_word' id='word_1_11' title='bbox 25 607 130 682; x_wconf 81' lang='lat' dir='ltr'><strong>amylo,</strong></span> <span class='ocrx_word' id='word_1_12' title='bbox 151 605 322 681; x_wconf 72' lang='lat' dir='ltr'><strong>dysinterias</strong></span> <span class='ocrx_word' id='word_1_13' title='bbox 342 616 411 685; x_wconf 84' lang='lat' dir='ltr'><strong>pota</strong></span> <span class='ocrx_word' id='word_1_14' title='bbox 435 613 464 666; x_wconf 88' lang='lat' dir='ltr'><strong>et</strong></span> <span class='ocrx_word' id='word_1_15' title='bbox 478 605 588 682; x_wconf 86' lang='lat' dir='ltr'><strong>inlusa,</strong></span> <span class='ocrx_word' id='word_1_16' title='bbox 612 606 678 666; x_wconf 87' lang='lat' dir='ltr'><strong>item</strong></span> <span class='ocrx_word' id='word_1_17' title='bbox 699 606 864 666; x_wconf 74' lang='lat' dir='ltr'><strong>verbenaca</strong></span> <span class='ocrx_word' id='word_1_18' title='bbox 881 623 920 666; x_wconf 85' lang='lat' dir='ltr'><strong>ex</strong></span> <span class='ocrx_word' id='word_1_19' title='bbox 933 625 1008 684; x_wconf 87' lang='lat' dir='ltr'><strong>aqua</strong></span> 
     </span>
     <span class='ocr_line' id='line_1_4' title="bbox 24 689 1009 767; baseline -0.002 -16"><span class='ocrx_word' id='word_1_20' title='bbox 24 691 84 751; x_wconf 88' lang='lat' dir='ltr'><strong>data</strong></span> <span class='ocrx_word' id='word_1_21' title='bbox 113 699 157 749; x_wconf 91' lang='lat' dir='ltr'><strong>aut</strong></span> <span class='ocrx_word' id='word_1_22' title='bbox 180 689 346 750; x_wconf 83' lang='lat' dir='ltr'><strong>carentibus</strong></span> <span class='ocrx_word' id='word_1_23' title='bbox 373 690 449 750; x_wconf 89' lang='lat' dir='ltr'><strong>iehri</strong></span> <span class='ocrx_word' id='word_1_24' title='bbox 478 707 516 748; x_wconf 86' lang='lat' dir='ltr'><strong>ex</strong></span> <span class='ocrx_word' id='word_1_25' title='bbox 542 691 610 748; x_wconf 85' lang='lat' dir='ltr'><strong>vino</strong></span> <span class='ocrx_word' id='word_1_26' title='bbox 634 689 775 767; x_wconf 77' lang='lat' dir='ltr'><strong>Amineo,</strong></span> <span class='ocrx_word' id='word_1_27' title='bbox 803 689 1009 751; x_wconf 73' lang='lat' dir='ltr'><strong>cochlearibus</strong></span> 
     </span>
     <span class='ocr_line' id='line_1_5' title="bbox 7 773 588 852; baseline -0.003 -20"><span class='ocrx_word' id='word_1_28' title='bbox 7 777 141 852; x_wconf 85' lang='lat' dir='ltr'><strong>tquiaque</strong></span> <span class='ocrx_word' id='word_1_29' title='bbox 154 774 264 834; x_wconf 84' lang='lat' dir='ltr'><strong>additis·</strong></span> <span class='ocrx_word' id='word_1_30' title='bbox 273 775 302 832; x_wconf 92' lang='lat' dir='ltr'><strong>in</strong></span> <span class='ocrx_word' id='word_1_31' title='bbox 317 773 438 848; x_wconf 88' lang='lat' dir='ltr'><strong>cyathos</strong></span> <span class='ocrx_word' id='word_1_32' title='bbox 453 774 505 832; x_wconf 88' lang='lat' dir='ltr'><strong>tris</strong></span> <span class='ocrx_word' id='word_1_33' title='bbox 518 774 588 832; x_wconf 80' lang='lat' dir='ltr'><strong>vini.</strong></span> 
     </span>
    </p>
   </div>
   <div class='ocr_carea' id='block_1_3' title="bbox 80 856 1143 939">
    <p class='ocr_par' dir='ltr' id='par_1_3' title="bbox 80 856 1143 939">
     <span class='ocr_line' id='line_1_6' title="bbox 80 856 1143 939; baseline 0.007 -23"><span class='ocrx_word' id='word_1_34' title='bbox 80 857 161 936; x_wconf 78' lang='lat'><strong>(32.)</strong></span> <span class='ocrx_word' id='word_1_35' title='bbox 182 856 275 916; x_wconf 76' lang='lat' dir='ltr'><strong>Later</strong></span> <span class='ocrx_word' id='word_1_36' title='bbox 292 871 542 935; x_wconf 88' lang='lat' dir='ltr'><strong>quoquenascens</strong></span> <span class='ocrx_word' id='word_1_37' title='bbox 554 857 663 917; x_wconf 78' lang='lat' dir='ltr'><strong>inritis</strong></span> <span class='ocrx_word' id='word_1_38' title='bbox 677 857 790 918; x_wconf 88' lang='lat' dir='ltr'><strong>condita</strong></span> <span class='ocrx_word' id='word_1_39' title='bbox 802 865 832 916; x_wconf 87' lang='lat' dir='ltr'><strong>ei</strong></span> <span class='ocrx_word' id='word_1_40' title='bbox 844 865 929 916; x_wconf 88' lang='lat' dir='ltr'><strong>cocta</strong></span> <span class='ocrx_word' id='word_1_41' title='bbox 943 865 1003 916; x_wconf 90' lang='lat' dir='ltr'><strong>tor·</strong></span> <span class='ocrx_word' id='word_1_42' title='bbox 1015 869 1052 922; x_wconf 80' lang='lat' dir='ltr'><strong>to</strong></span> <span class='ocrx_word' id='word_1_43' title='bbox 1126 887 1143 939; x_wconf 80' lang='grc'><strong>,-</strong></span> 
     </span>
    </p>
   </div>
   <div class='ocr_carea' id='block_1_4' title="bbox 7 939 1078 2188">
    <p class='ocr_par' dir='ltr' id='par_1_4' title="bbox 7 939 1078 1771">
     <span class='ocr_line' id='line_1_7' title="bbox 23 939 1009 1018; baseline -0.001 -19"><span class='ocrx_word' id='word_1_44' title='bbox 23 940 136 1000; x_wconf 81' lang='lat' dir='ltr'><strong>niuibus</strong></span> <span class='ocrx_word' id='word_1_45' title='bbox 146 940 284 1016; x_wconf 85' lang='lat' dir='ltr'><strong>medetur,</strong></span> <span class='ocrx_word' id='word_1_46' title='bbox 300 939 385 1017; x_wconf 87' lang='grc'><strong>(33.)</strong></span> <span class='ocrx_word' id='word_1_47' title='bbox 402 941 601 1018; x_wconf 72' lang='lat' dir='ltr'><strong>potamogiton</strong></span> <span class='ocrx_word' id='word_1_48' title='bbox 612 959 685 1002; x_wconf 82' lang='lat' dir='ltr'><strong>sero</strong></span> <span class='ocrx_word' id='word_1_49' title='bbox 696 959 734 1001; x_wconf 85' lang='lat' dir='ltr'><strong>ex</strong></span> <span class='ocrx_word' id='word_1_50' title='bbox 744 941 812 1000; x_wconf 74' lang='lat' dir='ltr'><strong>vino</strong></span> <span class='ocrx_word' id='word_1_51' title='bbox 825 939 1009 1014; x_wconf 73' lang='lat' dir='ltr'><strong>dysintericis</strong></span> 
     </span>
     <span class='ocr_line' id='line_1_8' title="bbox 24 1021 1007 1101; baseline -0.001 -18"><span class='ocrx_word' id='word_1_52' title='bbox 24 1025 100 1083; x_wconf 87' lang='lat' dir='ltr'><strong>ctiam</strong></span> <span class='ocrx_word' id='word_1_53' title='bbox 113 1033 142 1084; x_wconf 89' lang='lat' dir='ltr'><strong>et</strong></span> <span class='ocrx_word' id='word_1_54' title='bbox 152 1024 303 1099; x_wconf 78' lang='lat' dir='ltr'><strong>coeliacis,</strong></span> <span class='ocrx_word' id='word_1_55' title='bbox 319 1024 420 1082; x_wconf 90' lang='lat' dir='ltr'><strong>similis</strong></span> <span class='ocrx_word' id='word_1_56' title='bbox 433 1021 519 1084; x_wconf 87' lang='lat' dir='ltr'><strong>hetae</strong></span> <span class='ocrx_word' id='word_1_57' title='bbox 532 1023 621 1101; x_wconf 86' lang='lat' dir='ltr'><strong>loliis,</strong></span> <span class='ocrx_word' id='word_1_58' title='bbox 633 1026 725 1084; x_wconf 89' lang='lat' dir='ltr'><strong>minor</strong></span> <span class='ocrx_word' id='word_1_59' title='bbox 737 1033 843 1084; x_wconf 85' lang='lat' dir='ltr'><strong>tautum</strong></span> <span class='ocrx_word' id='word_1_60' title='bbox 857 1023 1007 1083; x_wconf 86' lang='lat' dir='ltr'><strong>hirsutior·</strong></span> 
     </span>
     <span class='ocr_line' id='line_1_9' title="bbox 23 1106 1007 1186; baseline -0.002 -20"><span class='ocrx_word' id='word_1_61' title='bbox 23 1123 81 1186; x_wconf 89' lang='lat' dir='ltr'><strong>qoe,</strong></span> <span class='ocrx_word' id='word_1_62' title='bbox 93 1107 205 1185; x_wconf 89' lang='lat' dir='ltr'><strong>paulum</strong></span> <span class='ocrx_word' id='word_1_63' title='bbox 219 1108 561 1184; x_wconf 84' lang='lat' dir='ltr'><strong>semperemincnsextra</strong></span> <span class='ocrx_word' id='word_1_64' title='bbox 573 1123 682 1186; x_wconf 91' lang='lat' dir='ltr'><strong>aquam.</strong></span> <span class='ocrx_word' id='word_1_65' title='bbox 701 1106 909 1167; x_wconf 87' lang='lat' dir='ltr'><strong>ususinioliis:</strong></span> <span class='ocrx_word' id='word_1_66' title='bbox 923 1107 1007 1165; x_wconf 83' lang='lat' dir='ltr'><strong>reini-</strong></span> 
     </span>
     <span class='ocr_line' id='line_1_10' title="bbox 7 1189 1008 1269; baseline -0.001 -19"><span class='ocrx_word' id='word_1_67' title='bbox 7 1189 129 1268; x_wconf 69' lang='lat' dir='ltr'><strong>iqemnt,</strong></span> <span class='ocrx_word' id='word_1_68' title='bbox 140 1191 276 1268; x_wconf 87' lang='lat' dir='ltr'><strong>spissant,</strong></span> <span class='ocrx_word' id='word_1_69' title='bbox 292 1190 479 1269; x_wconf 72' lang='lat' dir='ltr'><strong>peculiariter</strong></span> <span class='ocrx_word' id='word_1_70' title='bbox 494 1191 624 1250; x_wconf 88' lang='lat' dir='ltr'><strong>cruribus</strong></span> <span class='ocrx_word' id='word_1_71' title='bbox 636 1191 749 1251; x_wconf 81' lang='lat' dir='ltr'><strong>vitiosis</strong></span> <span class='ocrx_word' id='word_1_72' title='bbox 763 1192 843 1251; x_wconf 88' lang='lat' dir='ltr'><strong>utilia</strong></span> <span class='ocrx_word' id='word_1_73' title='bbox 860 1197 889 1249; x_wconf 87' lang='lat' dir='ltr'><strong>ei</strong></span> <span class='ocrx_word' id='word_1_74' title='bbox 906 1200 1008 1249; x_wconf 85' lang='lat' dir='ltr'><strong>contra</strong></span> 
     </span>
     <span class='ocr_line' id='line_1_11' title="bbox 21 1273 1049 1349; baseline 0.003 -15"><span class='ocrx_word' id='word_1_75' title='bbox 21 1273 140 1334; x_wconf 80' lang='lat' dir='ltr'><strong>aloesusn</strong></span> <span class='ocrx_word' id='word_1_76' title='bbox 152 1274 571 1335; x_wconf 83' lang='lat' dir='ltr'><strong>nomascummclleselaceto.</strong></span> <span class='ocrx_word' id='word_1_77' title='bbox 590 1273 693 1334; x_wconf 83' lang='lat' dir='ltr'><strong>Castor</strong></span> <span class='ocrx_word' id='word_1_78' title='bbox 705 1274 1049 1349; x_wconf 77' lang='lat' dir='ltr'><strong>hanealiternoverat,tl</strong></span> 
     </span>
     <span class='ocr_line' id='line_1_12' title="bbox 21 1356 1006 1435; baseline 0 -20"><span class='ocrx_word' id='word_1_79' title='bbox 21 1359 89 1416; x_wconf 81' lang='lat' dir='ltr'><strong>tenid</strong></span> <span class='ocrx_word' id='word_1_80' title='bbox 106 1357 178 1418; x_wconf 86' lang='lat' dir='ltr'><strong>iolio</strong></span> <span class='ocrx_word' id='word_1_81' title='bbox 192 1356 274 1418; x_wconf 81' lang='lat' dir='ltr'><strong>velut</strong></span> <span class='ocrx_word' id='word_1_82' title='bbox 289 1359 401 1435; x_wconf 82' lang='lat' dir='ltr'><strong>equinis</strong></span> <span class='ocrx_word' id='word_1_83' title='bbox 416 1359 514 1434; x_wconf 89' lang='lat' dir='ltr'><strong>saetis,</strong></span> <span class='ocrx_word' id='word_1_84' title='bbox 531 1357 631 1432; x_wconf 89' lang='lat' dir='ltr'><strong>thyrso</strong></span> <span class='ocrx_word' id='word_1_85' title='bbox 644 1357 733 1434; x_wconf 76' lang='lat' dir='ltr'><strong>longo</strong></span> <span class='ocrx_word' id='word_1_86' title='bbox 748 1359 857 1433; x_wconf 80' lang='lat' dir='ltr'><strong>elicui,</strong></span> <span class='ocrx_word' id='word_1_87' title='bbox 872 1359 902 1416; x_wconf 92' lang='lat' dir='ltr'><strong>in</strong></span> <span class='ocrx_word' id='word_1_88' title='bbox 914 1373 1006 1435; x_wconf 92' lang='lat' dir='ltr'><strong>aquo·</strong></span> 
     </span>
     <span class='ocr_line' id='line_1_13' title="bbox 20 1440 1006 1518; baseline 0 -19"><span class='ocrx_word' id='word_1_89' title='bbox 20 1442 54 1499; x_wconf 88' lang='lat' dir='ltr'><strong>sis</strong></span> <span class='ocrx_word' id='word_1_90' title='bbox 66 1449 244 1500; x_wconf 85' lang='lat' dir='ltr'><strong>nascentem.</strong></span> <span class='ocrx_word' id='word_1_91' title='bbox 288 1440 386 1501; x_wconf 90' lang='lat' dir='ltr'><strong>radice</strong></span> <span class='ocrx_word' id='word_1_92' title='bbox 402 1441 521 1502; x_wconf 87' lang='lat' dir='ltr'><strong>sanabat</strong></span> <span class='ocrx_word' id='word_1_93' title='bbox 536 1450 656 1500; x_wconf 83' lang='lat' dir='ltr'><strong>strumas</strong></span> <span class='ocrx_word' id='word_1_94' title='bbox 672 1441 845 1501; x_wconf 89' lang='lat' dir='ltr'><strong>et·duritins.</strong></span> <span class='ocrx_word' id='word_1_95' title='bbox 875 1449 1006 1518; x_wconf 88' lang='lat' dir='ltr'><strong>potamo-</strong></span> 
     </span>
     <span class='ocr_line' id='line_1_14' title="bbox 21 1523 1078 1602; baseline 0 -20"><span class='ocrx_word' id='word_1_96' title='bbox 21 1525 95 1600; x_wconf 74' lang='lat' dir='ltr'><strong>giton</strong></span> <span class='ocrx_word' id='word_1_97' title='bbox 116 1523 287 1585; x_wconf 86' lang='lat' dir='ltr'><strong>adversatur</strong></span> <span class='ocrx_word' id='word_1_98' title='bbox 309 1524 482 1601; x_wconf 80' lang='lat' dir='ltr'><strong>crocodilis,</strong></span> <span class='ocrx_word' id='word_1_99' title='bbox 505 1527 602 1602; x_wconf 87' lang='lat' dir='ltr'><strong>itaque</strong></span> <span class='ocrx_word' id='word_1_100' title='bbox 624 1543 720 1584; x_wconf 89' lang='lat' dir='ltr'><strong>secum</strong></span> <span class='ocrx_word' id='word_1_101' title='bbox 745 1523 851 1584; x_wconf 88' lang='lat' dir='ltr'><strong>hahent</strong></span> <span class='ocrx_word' id='word_1_102' title='bbox 873 1541 936 1582; x_wconf 88' lang='lat' dir='ltr'><strong>eam</strong></span> <span class='ocrx_word' id='word_1_103' title='bbox 956 1525 1007 1600; x_wconf 91' lang='lat' dir='ltr'><strong>qui</strong></span> <span class='ocrx_word' id='word_1_104' title='bbox 1072 1549 1078 1559; x_wconf 73' lang='lat'><strong>,</strong></span> 
     </span>
     <span class='ocr_line' id='line_1_15' title="bbox 7 1603 1013 1698; baseline 0 -32"><span class='ocrx_word' id='word_1_105' title='bbox 7 1603 161 1698; x_wconf 48' lang='lat' dir='ltr'><strong>pariantur.</strong></span> <span class='ocrx_word' id='word_1_106' title='bbox 194 1609 291 1668; x_wconf 84' lang='lat' dir='ltr'><strong>alvom</strong></span> <span class='ocrx_word' id='word_1_107' title='bbox 307 1610 381 1668; x_wconf 90' lang='lat' dir='ltr'><strong>sistit</strong></span> <span class='ocrx_word' id='word_1_108' title='bbox 395 1618 425 1667; x_wconf 89' lang='lat' dir='ltr'><strong>et</strong></span> <span class='ocrx_word' id='word_1_109' title='bbox 439 1608 582 1667; x_wconf 78' lang='lat' dir='ltr'><strong>Achillen.</strong></span> <span class='ocrx_word' id='word_1_110' title='bbox 605 1609 724 1668; x_wconf 90' lang='lat' dir='ltr'><strong>eosdem</strong></span> <span class='ocrx_word' id='word_1_111' title='bbox 740 1609 861 1668; x_wconf 76' lang='lat' dir='ltr'><strong>effectus</strong></span> <span class='ocrx_word' id='word_1_112' title='bbox 877 1616 1013 1686; x_wconf 89' lang='lat' dir='ltr'><strong>praestat-</strong></span> 
     </span>
     <span class='ocr_line' id='line_1_16' title="bbox 7 1691 927 1771; baseline -0.001 -21"><span class='ocrx_word' id='word_1_113' title='bbox 7 1693 171 1768; x_wconf 72' lang='lat' dir='ltr'><strong>toreutice,</strong></span> <span class='ocrx_word' id='word_1_114' title='bbox 189 1699 301 1770; x_wconf 85' lang='lat' dir='ltr'><strong>septem</strong></span> <span class='ocrx_word' id='word_1_115' title='bbox 316 1691 445 1751; x_wconf 85' lang='lat' dir='ltr'><strong>caulibus</strong></span> <span class='ocrx_word' id='word_1_116' title='bbox 458 1692 548 1751; x_wconf 84' lang='lat' dir='ltr'><strong>veluti</strong></span> <span class='ocrx_word' id='word_1_117' title='bbox 561 1707 648 1750; x_wconf 90' lang='lat' dir='ltr'><strong>rosae</strong></span> <span class='ocrx_word' id='word_1_118' title='bbox 663 1692 758 1771; x_wconf 90' lang='lat' dir='ltr'><strong>capita</strong></span> <span class='ocrx_word' id='word_1_119' title='bbox 774 1691 927 1752; x_wconf 83' lang='lat' dir='ltr'><strong>sustinens.</strong></span> 
     </span>
    </p>

    <p class='ocr_par' dir='ltr' id='par_1_5' title="bbox 7 1773 1049 2188">
     <span class='ocr_line' id='line_1_17' title="bbox 73 1773 1049 1852; baseline 0.001 -17"><span class='ocrx_word' id='word_1_120' title='bbox 73 1774 158 1852; x_wconf 83' lang='grc'><strong>(34.)</strong></span> <span class='ocrx_word' id='word_1_121' title='bbox 181 1774 296 1834; x_wconf 74' lang='lat' dir='ltr'><strong>Ueratia</strong></span> <span class='ocrx_word' id='word_1_122' title='bbox 307 1791 364 1834; x_wconf 88' lang='lat' dir='ltr'><strong>uno</strong></span> <span class='ocrx_word' id='word_1_123' title='bbox 377 1775 460 1851; x_wconf 90' lang='lat' dir='ltr'><strong>iolio,</strong></span> <span class='ocrx_word' id='word_1_124' title='bbox 476 1775 574 1834; x_wconf 89' lang='lat' dir='ltr'><strong>radice</strong></span> <span class='ocrx_word' id='word_1_125' title='bbox 589 1773 700 1835; x_wconf 89' lang='lat' dir='ltr'><strong>nodosa</strong></span> <span class='ocrx_word' id='word_1_126' title='bbox 716 1784 745 1834; x_wconf 90' lang='lat' dir='ltr'><strong>et</strong></span> <span class='ocrx_word' id='word_1_127' title='bbox 759 1791 874 1852; x_wconf 82' lang='lat' dir='ltr'><strong>magna,</strong></span> <span class='ocrx_word' id='word_1_128' title='bbox 892 1775 920 1833; x_wconf 88' lang='lat' dir='ltr'><strong>in</strong></span> <span class='ocrx_word' id='word_1_129' title='bbox 935 1773 1002 1834; x_wconf 87' lang='lat' dir='ltr'><strong>oilso</strong></span> <span class='ocrx_word' id='word_1_130' title='bbox 1012 1784 1049 1840; x_wconf 79' lang='lat'><strong>5²</strong></span> 
     </span>
     <span class='ocr_line' id='line_1_18' title="bbox 7 1857 1004 1938; baseline -0.001 -21"><span class='ocrx_word' id='word_1_131' title='bbox 7 1858 149 1930; x_wconf 58' lang='lat' dir='ltr'><strong>,coeliacis</strong></span> <span class='ocrx_word' id='word_1_132' title='bbox 167 1867 197 1918; x_wconf 89' lang='lat' dir='ltr'><strong>et</strong></span> <span class='ocrx_word' id='word_1_133' title='bbox 212 1857 394 1932; x_wconf 75' lang='lat' dir='ltr'><strong>dysintericis</strong></span> <span class='ocrx_word' id='word_1_134' title='bbox 408 1857 546 1920; x_wconf 89' lang='lat' dir='ltr'><strong>medetur.</strong></span> <span class='ocrx_word' id='word_1_135' title='bbox 578 1858 800 1938; x_wconf 80' lang='lat' dir='ltr'><strong>leontopodion</strong></span> <span class='ocrx_word' id='word_1_136' title='bbox 822 1858 872 1918; x_wconf 88' lang='lat' dir='ltr'><strong>alii</strong></span> <span class='ocrx_word' id='word_1_137' title='bbox 887 1858 1004 1917; x_wconf 89' lang='lat' dir='ltr'><strong>leuceo-</strong></span> 
     </span>
     <span class='ocr_line' id='line_1_19' title="bbox 7 1931 1006 2019; baseline 0 -19"><span class='ocrx_word' id='word_1_138' title='bbox 7 1931 75 2017; x_wconf 63' lang='lat' dir='ltr'><strong>‘ron,</strong></span> <span class='ocrx_word' id='word_1_139' title='bbox 92 1942 142 2002; x_wconf 89' lang='lat' dir='ltr'><strong>alii</strong></span> <span class='ocrx_word' id='word_1_140' title='bbox 159 1941 337 2019; x_wconf 79' lang='lat' dir='ltr'><strong>doripetron,</strong></span> <span class='ocrx_word' id='word_1_141' title='bbox 353 1941 401 2002; x_wconf 91' lang='lat' dir='ltr'><strong>alii</strong></span> <span class='ocrx_word' id='word_1_142' title='bbox 415 1941 625 2016; x_wconf 84' lang='lat' dir='ltr'><strong>thorybethron</strong></span> <span class='ocrx_word' id='word_1_143' title='bbox 639 1950 755 2019; x_wconf 85' lang='lat' dir='ltr'><strong>vocant,</strong></span> <span class='ocrx_word' id='word_1_144' title='bbox 774 1942 854 2001; x_wconf 91' lang='lat' dir='ltr'><strong>cuius</strong></span> <span class='ocrx_word' id='word_1_145' title='bbox 865 1940 948 2000; x_wconf 80' lang='lat' dir='ltr'><strong>radix</strong></span> <span class='ocrx_word' id='word_1_146' title='bbox 963 1941 1006 2000; x_wconf 87' lang='lat' dir='ltr'><strong>al·</strong></span> 
     </span>
     <span class='ocr_line' id='line_1_20' title="bbox 7 1963 1006 2104; baseline -0.002 -20"><span class='ocrx_word' id='word_1_147' title='bbox 7 1963 77 2098; x_wconf 55' lang='grc' dir='ltr'><strong>31οω</strong></span> <span class='ocrx_word' id='word_1_148' title='bbox 98 2027 177 2086; x_wconf 88' lang='lat' dir='ltr'><strong>sistit</strong></span> <span class='ocrx_word' id='word_1_149' title='bbox 197 2035 358 2104; x_wconf 76' lang='lat' dir='ltr'><strong>purgatque</strong></span> <span class='ocrx_word' id='word_1_150' title='bbox 375 2025 476 2103; x_wconf 89' lang='lat' dir='ltr'><strong>bilem,</strong></span> <span class='ocrx_word' id='word_1_151' title='bbox 500 2027 529 2085; x_wconf 90' lang='lat' dir='ltr'><strong>in</strong></span> <span class='ocrx_word' id='word_1_152' title='bbox 552 2041 655 2103; x_wconf 86' lang='lat' dir='ltr'><strong>aquam</strong></span> <span class='ocrx_word' id='word_1_153' title='bbox 676 2026 795 2085; x_wconf 89' lang='lat' dir='ltr'><strong>mulsam</strong></span> <span class='ocrx_word' id='word_1_154' title='bbox 815 2023 911 2085; x_wconf 79' lang='lat' dir='ltr'><strong>sdico</strong></span> <span class='ocrx_word' id='word_1_155' title='bbox 933 2041 1006 2103; x_wconf 87' lang='lat' dir='ltr'><strong>pon·</strong></span> 
     </span>
     <span class='ocr_line' id='line_1_21' title="bbox 22 2107 1006 2188; baseline -0.002 -20"><span class='ocrx_word' id='word_1_156' title='bbox 22 2107 80 2169; x_wconf 86' lang='lat' dir='ltr'><strong>dare</strong></span> <span class='ocrx_word' id='word_1_157' title='bbox 98 2109 286 2169; x_wconf 82' lang='lat' dir='ltr'><strong>denariorum</strong></span> <span class='ocrx_word' id='word_1_158' title='bbox 301 2109 429 2168; x_wconf 89' lang='lat' dir='ltr'><strong>duorum.</strong></span> <span class='ocrx_word' id='word_1_159' title='bbox 473 2109 601 2168; x_wconf 91' lang='lat' dir='ltr'><strong>nascitur</strong></span> <span class='ocrx_word' id='word_1_160' title='bbox 620 2110 648 2167; x_wconf 89' lang='lat' dir='ltr'><strong>in</strong></span> <span class='ocrx_word' id='word_1_161' title='bbox 669 2110 825 2188; x_wconf 88' lang='lat' dir='ltr'><strong>campestri</strong></span> <span class='ocrx_word' id='word_1_162' title='bbox 853 2117 883 2166; x_wconf 88' lang='lat' dir='ltr'><strong>et</strong></span> <span class='ocrx_word' id='word_1_163' title='bbox 901 2107 1006 2184; x_wconf 77' lang='lat' dir='ltr'><strong>gracili</strong></span> 
     </span>
    </p>
   </div>
   <div class='ocr_carea' id='block_1_5' title="bbox 21 2191 1005 2270">
    <p class='ocr_par' dir='ltr' id='par_1_6' title="bbox 21 2191 1005 2270">
     <span class='ocr_line' id='line_1_22' title="bbox 21 2191 1005 2270; baseline -0.003 -19"><span class='ocrx_word' id='word_1_164' title='bbox 21 2193 84 2253; x_wconf 93' lang='lat' dir='ltr'><strong>solo.</strong></span> <span class='ocrx_word' id='word_1_165' title='bbox 131 2209 232 2252; x_wconf 88' lang='lat' dir='ltr'><strong>semen</strong></span> <span class='ocrx_word' id='word_1_166' title='bbox 253 2193 315 2252; x_wconf 89' lang='lat' dir='ltr'><strong>eius</strong></span> <span class='ocrx_word' id='word_1_167' title='bbox 339 2201 436 2270; x_wconf 90' lang='lat' dir='ltr'><strong>potum</strong></span> <span class='ocrx_word' id='word_1_168' title='bbox 451 2191 622 2270; x_wconf 90' lang='lat' dir='ltr'><strong>lymphatica</strong></span> <span class='ocrx_word' id='word_1_169' title='bbox 640 2195 749 2253; x_wconf 89' lang='lat' dir='ltr'><strong>somnia</strong></span> <span class='ocrx_word' id='word_1_170' title='bbox 770 2194 871 2253; x_wconf 89' lang='lat' dir='ltr'><strong>iacere</strong></span> <span class='ocrx_word' id='word_1_171' title='bbox 892 2191 1005 2251; x_wconf 71' lang='lat' dir='ltr'><strong>dicitnn</strong></span> 
     </span>
    </p>
   </div>
   <div class='ocr_carea' id='block_1_6' title="bbox 21 2265 1149 2355">
    <p class='ocr_par' dir='ltr' id='par_1_7' title="bbox 21 2265 1149 2355">
     <span class='ocr_line' id='line_1_23' title="bbox 21 2265 1149 2355; baseline -0.002 -21"><span class='ocrx_word' id='word_1_172' title='bbox 21 2273 148 2355; x_wconf 78' lang='lat' dir='ltr'><strong>lagopus</strong></span> <span class='ocrx_word' id='word_1_173' title='bbox 163 2277 238 2336; x_wconf 87' lang='lat' dir='ltr'><strong>sistit</strong></span> <span class='ocrx_word' id='word_1_174' title='bbox 248 2276 343 2335; x_wconf 81' lang='lat' dir='ltr'><strong>alvom</strong></span> <span class='ocrx_word' id='word_1_175' title='bbox 356 2293 372 2334; x_wconf 89' lang='lat' dir='ltr'><strong>e</strong></span> <span class='ocrx_word' id='word_1_176' title='bbox 387 2279 454 2335; x_wconf 84' lang='lat' dir='ltr'><strong>vino</strong></span> <span class='ocrx_word' id='word_1_177' title='bbox 470 2284 538 2353; x_wconf 91' lang='lat' dir='ltr'><strong>pota</strong></span> <span class='ocrx_word' id='word_1_178' title='bbox 554 2278 642 2335; x_wconf 88' lang='lat' dir='ltr'><strong>autin</strong></span> <span class='ocrx_word' id='word_1_179' title='bbox 658 2277 733 2336; x_wconf 78' lang='lat' dir='ltr'><strong>lebni</strong></span> <span class='ocrx_word' id='word_1_180' title='bbox 745 2295 782 2335; x_wconf 87' lang='lat' dir='ltr'><strong>ex</strong></span> <span class='ocrx_word' id='word_1_181' title='bbox 794 2293 877 2354; x_wconf 87' lang='lat' dir='ltr'><strong>aqua.</strong></span> <span class='ocrx_word' id='word_1_182' title='bbox 899 2275 1002 2335; x_wconf 87' lang='lat' dir='ltr'><strong>eadem</strong></span> <span class='ocrx_word' id='word_1_183' title='bbox 1012 2285 1049 2340; x_wconf 76' lang='lat'><strong>53</strong></span> <span class='ocrx_word' id='word_1_184' title='bbox 1146 2265 1149 2276; x_wconf 78' lang='grc'><em>“</em></span> 
     </span>
    </p>
   </div>
   <div class='ocr_carea' id='block_1_7' title="bbox 9 2358 1049 3608">
    <p class='ocr_par' dir='ltr' id='par_1_8' title="bbox 9 2358 1049 3608">
     <span class='ocr_line' id='line_1_24' title="bbox 23 2358 1006 2437; baseline -0.003 -18"><span class='ocrx_word' id='word_1_185' title='bbox 23 2359 119 2436; x_wconf 75' lang='lat' dir='ltr'><strong>nyctui</strong></span> <span class='ocrx_word' id='word_1_186' title='bbox 136 2359 310 2437; x_wconf 82' lang='lat' dir='ltr'><strong>adalligatur</strong></span> <span class='ocrx_word' id='word_1_187' title='bbox 324 2361 352 2418; x_wconf 94' lang='lat' dir='ltr'><strong>in</strong></span> <span class='ocrx_word' id='word_1_188' title='bbox 372 2367 493 2418; x_wconf 83' lang='lat' dir='ltr'><strong>tumore.</strong></span> <span class='ocrx_word' id='word_1_189' title='bbox 532 2360 658 2418; x_wconf 89' lang='lat' dir='ltr'><strong>nascitur</strong></span> <span class='ocrx_word' id='word_1_190' title='bbox 679 2361 707 2419; x_wconf 89' lang='lat' dir='ltr'><strong>in</strong></span> <span class='ocrx_word' id='word_1_191' title='bbox 722 2360 882 2437; x_wconf 77' lang='lat' dir='ltr'><strong>segetibus.</strong></span> <span class='ocrx_word' id='word_1_192' title='bbox 925 2358 1006 2418; x_wconf 85' lang='lat' dir='ltr'><strong>multi</strong></span> 
     </span>
     <span class='ocr_line' id='line_1_25' title="bbox 9 2441 1006 2523; baseline 0 -23"><span class='ocrx_word' id='word_1_193' title='bbox 9 2447 99 2521; x_wconf 87' lang='lat' dir='ltr'><strong>isuper</strong></span> <span class='ocrx_word' id='word_1_194' title='bbox 110 2445 206 2502; x_wconf 91' lang='lat' dir='ltr'><strong>omnia</strong></span> <span class='ocrx_word' id='word_1_195' title='bbox 220 2441 336 2502; x_wconf 85' lang='lat' dir='ltr'><strong>laudaut</strong></span> <span class='ocrx_word' id='word_1_196' title='bbox 346 2442 381 2502; x_wconf 86' lang='lat' dir='ltr'><strong>ad</strong></span> <span class='ocrx_word' id='word_1_197' title='bbox 393 2443 562 2521; x_wconf 88' lang='lat' dir='ltr'><strong>deploratos</strong></span> <span class='ocrx_word' id='word_1_198' title='bbox 573 2441 765 2516; x_wconf 89' lang='lat' dir='ltr'><strong>dysintericos</strong></span> <span class='ocrx_word' id='word_1_199' title='bbox 777 2441 1006 2523; x_wconf 74' lang='lat' dir='ltr'><strong>quinquefolium</strong></span> 
     </span>
     <span class='ocr_line' id='line_1_26' title="bbox 22 2525 1005 2604; baseline -0.002 -20"><span class='ocrx_word' id='word_1_200' title='bbox 22 2525 141 2586; x_wconf 85' lang='lat' dir='ltr'><strong>decoctis</strong></span> <span class='ocrx_word' id='word_1_201' title='bbox 157 2529 185 2585; x_wconf 93' lang='lat' dir='ltr'><strong>in</strong></span> <span class='ocrx_word' id='word_1_202' title='bbox 201 2526 278 2586; x_wconf 88' lang='lat' dir='ltr'><strong>lacte</strong></span> <span class='ocrx_word' id='word_1_203' title='bbox 299 2525 442 2586; x_wconf 84' lang='lat' dir='ltr'><strong>radicibus</strong></span> <span class='ocrx_word' id='word_1_204' title='bbox 464 2527 555 2604; x_wconf 92' lang='lat' dir='ltr'><strong>potis,</strong></span> <span class='ocrx_word' id='word_1_205' title='bbox 582 2535 610 2586; x_wconf 90' lang='lat' dir='ltr'><strong>et</strong></span> <span class='ocrx_word' id='word_1_206' title='bbox 632 2527 844 2587; x_wconf 85' lang='lat' dir='ltr'><strong>aristolochiam</strong></span> <span class='ocrx_word' id='word_1_207' title='bbox 860 2527 1005 2584; x_wconf 82' lang='lat' dir='ltr'><strong>victoriati</strong></span> 
     </span>
     <span class='ocr_line' id='line_1_27' title="bbox 23 2607 1004 2688; baseline -0.002 -20"><span class='ocrx_word' id='word_1_208' title='bbox 23 2610 141 2688; x_wconf 87' lang='lat' dir='ltr'><strong>pondere</strong></span> <span class='ocrx_word' id='word_1_209' title='bbox 155 2611 185 2668; x_wconf 92' lang='lat' dir='ltr'><strong>in</strong></span> <span class='ocrx_word' id='word_1_210' title='bbox 201 2610 311 2684; x_wconf 90' lang='lat' dir='ltr'><strong>cyathis</strong></span> <span class='ocrx_word' id='word_1_211' title='bbox 326 2611 383 2668; x_wconf 84' lang='lat' dir='ltr'><strong>vini</strong></span> <span class='ocrx_word' id='word_1_212' title='bbox 401 2609 501 2668; x_wconf 89' lang='lat' dir='ltr'><strong>trihus.</strong></span> <span class='ocrx_word' id='word_1_213' title='bbox 548 2627 622 2687; x_wconf 86' lang='lat' dir='ltr'><strong>quac</strong></span> <span class='ocrx_word' id='word_1_214' title='bbox 647 2627 684 2669; x_wconf 85' lang='lat' dir='ltr'><strong>cx</strong></span> <span class='ocrx_word' id='word_1_215' title='bbox 706 2627 791 2688; x_wconf 88' lang='lat' dir='ltr'><strong>supra</strong></span> <span class='ocrx_word' id='word_1_216' title='bbox 809 2610 894 2668; x_wconf 90' lang='lat' dir='ltr'><strong>dictis</strong></span> <span class='ocrx_word' id='word_1_217' title='bbox 910 2607 1004 2667; x_wconf 88' lang='lat' dir='ltr'><strong>calida</strong></span> 
     </span>
     <span class='ocr_line' id='line_1_28' title="bbox 23 2691 1049 2772; baseline 0.003 -21"><span class='ocrx_word' id='word_1_218' title='bbox 23 2703 174 2769; x_wconf 87' lang='lat' dir='ltr'><strong>sumentur,</strong></span> <span class='ocrx_word' id='word_1_219' title='bbox 196 2693 269 2752; x_wconf 89' lang='lat' dir='ltr'><strong>haec</strong></span> <span class='ocrx_word' id='word_1_220' title='bbox 285 2692 424 2752; x_wconf 88' lang='lat' dir='ltr'><strong>candente</strong></span> <span class='ocrx_word' id='word_1_221' title='bbox 438 2693 517 2752; x_wconf 85' lang='lat' dir='ltr'><strong>ierro</strong></span> <span class='ocrx_word' id='word_1_222' title='bbox 537 2696 692 2771; x_wconf 89' lang='lat' dir='ltr'><strong>temperari</strong></span> <span class='ocrx_word' id='word_1_223' title='bbox 708 2695 801 2772; x_wconf 89' lang='lat' dir='ltr'><strong>aptius</strong></span> <span class='ocrx_word' id='word_1_224' title='bbox 825 2693 888 2750; x_wconf 87' lang='lat' dir='ltr'><strong>erit.</strong></span> <span class='ocrx_word' id='word_1_225' title='bbox 919 2709 936 2749; x_wconf 88' lang='lat' dir='ltr'><strong>e</strong></span> <span class='ocrx_word' id='word_1_226' title='bbox 958 2691 999 2749; x_wconf 93' lang='lat' dir='ltr'><strong>di·</strong></span> <span class='ocrx_word' id='word_1_227' title='bbox 1011 2699 1049 2754; x_wconf 74' lang='lat' dir='ltr'><strong>tl</strong></span> 
     </span>
     <span class='ocr_line' id='line_1_29' title="bbox 23 2774 1003 2854; baseline -0.002 -20"><span class='ocrx_word' id='word_1_228' title='bbox 23 2791 98 2836; x_wconf 80' lang='lat' dir='ltr'><strong>terso</strong></span> <span class='ocrx_word' id='word_1_229' title='bbox 116 2787 223 2854; x_wconf 78' lang='lat' dir='ltr'><strong>purgat</strong></span> <span class='ocrx_word' id='word_1_230' title='bbox 238 2776 332 2836; x_wconf 89' lang='lat' dir='ltr'><strong>alvom</strong></span> <span class='ocrx_word' id='word_1_231' title='bbox 354 2795 441 2836; x_wconf 91' lang='lat' dir='ltr'><strong>sucus</strong></span> <span class='ocrx_word' id='word_1_232' title='bbox 466 2777 594 2837; x_wconf 88' lang='lat' dir='ltr'><strong>centauri</strong></span> <span class='ocrx_word' id='word_1_233' title='bbox 614 2777 732 2836; x_wconf 91' lang='lat' dir='ltr'><strong>minoris</strong></span> <span class='ocrx_word' id='word_1_234' title='bbox 751 2774 886 2834; x_wconf 86' lang='lat' dir='ltr'><strong>drachma</strong></span> <span class='ocrx_word' id='word_1_235' title='bbox 905 2776 933 2833; x_wconf 93' lang='lat' dir='ltr'><strong>in</strong></span> <span class='ocrx_word' id='word_1_236' title='bbox 954 2774 1003 2833; x_wconf 80' lang='lat' dir='ltr'><strong>hc</strong></span> 
     </span>
     <span class='ocr_line' id='line_1_30' title="bbox 10 2857 1004 2937; baseline -0.002 -19"><span class='ocrx_word' id='word_1_237' title='bbox 10 2861 85 2920; x_wconf 86' lang='lat' dir='ltr'><strong>imina</strong></span> <span class='ocrx_word' id='word_1_238' title='bbox 115 2877 210 2937; x_wconf 88' lang='lat' dir='ltr'><strong>aquae</strong></span> <span class='ocrx_word' id='word_1_239' title='bbox 236 2877 298 2920; x_wconf 90' lang='lat' dir='ltr'><strong>cum</strong></span> <span class='ocrx_word' id='word_1_240' title='bbox 325 2861 430 2936; x_wconf 83' lang='lat' dir='ltr'><strong>exiguo</strong></span> <span class='ocrx_word' id='word_1_241' title='bbox 459 2859 528 2920; x_wconf 90' lang='lat' dir='ltr'><strong>salis</strong></span> <span class='ocrx_word' id='word_1_242' title='bbox 556 2869 585 2918; x_wconf 87' lang='lat' dir='ltr'><strong>et</strong></span> <span class='ocrx_word' id='word_1_243' title='bbox 607 2861 683 2919; x_wconf 89' lang='lat' dir='ltr'><strong>aceti</strong></span> <span class='ocrx_word' id='word_1_244' title='bbox 704 2859 848 2936; x_wconf 89' lang='lat' dir='ltr'><strong>bilemque</strong></span> <span class='ocrx_word' id='word_1_245' title='bbox 869 2857 1004 2934; x_wconf 83' lang='lat' dir='ltr'><strong>detrahit,</strong></span> 
     </span>
     <span class='ocr_line' id='line_1_31' title="bbox 23 2941 1004 3004; baseline -0.003 -2"><span class='ocrx_word' id='word_1_246' title='bbox 23 2945 121 3003; x_wconf 88' lang='lat' dir='ltr'><strong>maiore</strong></span> <span class='ocrx_word' id='word_1_247' title='bbox 149 2944 269 3004; x_wconf 90' lang='lat' dir='ltr'><strong>tormina</strong></span> <span class='ocrx_word' id='word_1_248' title='bbox 295 2943 490 3003; x_wconf 89' lang='lat' dir='ltr'><strong>discutiuntur.</strong></span> <span class='ocrx_word' id='word_1_249' title='bbox 527 2943 681 3003; x_wconf 84' lang='lat' dir='ltr'><strong>Vettonica</strong></span> <span class='ocrx_word' id='word_1_250' title='bbox 705 2942 801 3002; x_wconf 82' lang='lat' dir='ltr'><strong>alvom</strong></span> <span class='ocrx_word' id='word_1_251' title='bbox 825 2941 913 3000; x_wconf 81' lang='lat' dir='ltr'><strong>solvit</strong></span> <span class='ocrx_word' id='word_1_252' title='bbox 940 2941 1004 3000; x_wconf 86' lang='lat' dir='ltr'><strong>dra-</strong></span> 
     </span>
     <span class='ocr_line' id='line_1_32' title="bbox 24 3023 1004 3105; baseline -0.001 -20"><span class='ocrx_word' id='word_1_253' title='bbox 24 3026 104 3086; x_wconf 90' lang='lat' dir='ltr'><strong>chmis</strong></span> <span class='ocrx_word' id='word_1_254' title='bbox 119 3035 255 3105; x_wconf 88' lang='lat' dir='ltr'><strong>quattuor</strong></span> <span class='ocrx_word' id='word_1_255' title='bbox 270 3029 298 3085; x_wconf 91' lang='lat' dir='ltr'><strong>in</strong></span> <span class='ocrx_word' id='word_1_256' title='bbox 313 3027 510 3102; x_wconf 91' lang='lat' dir='ltr'><strong>hydromelitis</strong></span> <span class='ocrx_word' id='word_1_257' title='bbox 527 3027 637 3101; x_wconf 90' lang='lat' dir='ltr'><strong>cyathis</strong></span> <span class='ocrx_word' id='word_1_258' title='bbox 655 3043 769 3101; x_wconf 83' lang='lat' dir='ltr'><strong>norem,</strong></span> <span class='ocrx_word' id='word_1_259' title='bbox 786 3027 854 3084; x_wconf 90' lang='lat' dir='ltr'><strong>item</strong></span> <span class='ocrx_word' id='word_1_260' title='bbox 870 3023 1004 3103; x_wconf 83' lang='lat' dir='ltr'><strong>Euphor-</strong></span> 
     </span>
     <span class='ocr_line' id='line_1_33' title="bbox 24 3107 1004 3187; baseline -0.001 -19"><span class='ocrx_word' id='word_1_261' title='bbox 24 3107 98 3172; x_wconf 90' lang='lat' dir='ltr'><strong>hanm</strong></span> <span class='ocrx_word' id='word_1_262' title='bbox 122 3111 168 3170; x_wconf 85' lang='lat' dir='ltr'><strong>vel</strong></span> <span class='ocrx_word' id='word_1_263' title='bbox 190 3111 335 3187; x_wconf 76' lang='lat' dir='ltr'><strong>agaricum</strong></span> <span class='ocrx_word' id='word_1_264' title='bbox 359 3110 501 3170; x_wconf 85' lang='lat' dir='ltr'><strong>drachmis</strong></span> <span class='ocrx_word' id='word_1_265' title='bbox 521 3109 630 3170; x_wconf 86' lang='lat' dir='ltr'><strong>duabus</strong></span> <span class='ocrx_word' id='word_1_266' title='bbox 651 3127 714 3169; x_wconf 85' lang='lat' dir='ltr'><strong>cunr</strong></span> <span class='ocrx_word' id='word_1_267' title='bbox 738 3109 800 3168; x_wconf 90' lang='lat' dir='ltr'><strong>sale</strong></span> <span class='ocrx_word' id='word_1_268' title='bbox 813 3109 928 3169; x_wconf 91' lang='lat' dir='ltr'><strong>modico</strong></span> <span class='ocrx_word' id='word_1_269' title='bbox 949 3125 1004 3187; x_wconf 93' lang='lat' dir='ltr'><strong>po·</strong></span> 
     </span>
     <span class='ocr_line' id='line_1_34' title="bbox 24 3192 1003 3272; baseline -0.001 -21"><span class='ocrx_word' id='word_1_270' title='bbox 24 3199 70 3254; x_wconf 87' lang='lat' dir='ltr'><strong>inm</strong></span> <span class='ocrx_word' id='word_1_271' title='bbox 86 3213 124 3254; x_wconf 87' lang='lat' dir='ltr'><strong>ex</strong></span> <span class='ocrx_word' id='word_1_272' title='bbox 145 3211 219 3272; x_wconf 88' lang='lat' dir='ltr'><strong>aqua</strong></span> <span class='ocrx_word' id='word_1_273' title='bbox 238 3203 287 3253; x_wconf 90' lang='lat' dir='ltr'><strong>aut</strong></span> <span class='ocrx_word' id='word_1_274' title='bbox 301 3196 330 3252; x_wconf 92' lang='lat' dir='ltr'><strong>in</strong></span> <span class='ocrx_word' id='word_1_275' title='bbox 343 3194 434 3254; x_wconf 87' lang='lat' dir='ltr'><strong>mulso</strong></span> <span class='ocrx_word' id='word_1_276' title='bbox 455 3193 551 3254; x_wconf 86' lang='lat' dir='ltr'><strong>obolis</strong></span> <span class='ocrx_word' id='word_1_277' title='bbox 572 3193 671 3253; x_wconf 89' lang='lat' dir='ltr'><strong>trihus.</strong></span> <span class='ocrx_word' id='word_1_278' title='bbox 703 3193 796 3253; x_wconf 82' lang='lat' dir='ltr'><strong>Solvit</strong></span> <span class='ocrx_word' id='word_1_279' title='bbox 817 3201 847 3252; x_wconf 89' lang='lat' dir='ltr'><strong>ei</strong></span> <span class='ocrx_word' id='word_1_280' title='bbox 869 3192 1003 3267; x_wconf 90' lang='lat' dir='ltr'><strong>cyclami-</strong></span> 
     </span>
     <span class='ocr_line' id='line_1_35' title="bbox 11 3273 1003 3357; baseline -0.001 -23"><span class='ocrx_word' id='word_1_281' title='bbox 11 3291 66 3336; x_wconf 88' lang='lat' dir='ltr'><strong>tuos</strong></span> <span class='ocrx_word' id='word_1_282' title='bbox 83 3297 120 3337; x_wconf 85' lang='lat' dir='ltr'><strong>ex</strong></span> <span class='ocrx_word' id='word_1_283' title='bbox 133 3295 205 3356; x_wconf 90' lang='lat' dir='ltr'><strong>aqua</strong></span> <span class='ocrx_word' id='word_1_284' title='bbox 223 3286 292 3357; x_wconf 93' lang='lat' dir='ltr'><strong>pota</strong></span> <span class='ocrx_word' id='word_1_285' title='bbox 307 3287 353 3336; x_wconf 91' lang='lat' dir='ltr'><strong>aut</strong></span> <span class='ocrx_word' id='word_1_286' title='bbox 367 3277 475 3337; x_wconf 88' lang='lat' dir='ltr'><strong>balanis</strong></span> <span class='ocrx_word' id='word_1_287' title='bbox 492 3277 624 3355; x_wconf 83' lang='lat' dir='ltr'><strong>subditis,</strong></span> <span class='ocrx_word' id='word_1_288' title='bbox 640 3279 707 3336; x_wconf 91' lang='lat' dir='ltr'><strong>item</strong></span> <span class='ocrx_word' id='word_1_289' title='bbox 723 3275 911 3337; x_wconf 89' lang='lat' dir='ltr'><strong>chamaecissi</strong></span> <span class='ocrx_word' id='word_1_290' title='bbox 925 3273 1003 3334; x_wconf 72' lang='lat' dir='ltr'><strong>hala</strong></span> 
     </span>
     <span class='ocr_line' id='line_1_36' title="bbox 26 3359 1013 3440; baseline -0.003 -22"><span class='ocrx_word' id='word_1_291' title='bbox 26 3378 77 3419; x_wconf 89' lang='lat' dir='ltr'><strong>nus.</strong></span> <span class='ocrx_word' id='word_1_292' title='bbox 106 3361 217 3438; x_wconf 88' lang='lat' dir='ltr'><strong>llysopi</strong></span> <span class='ocrx_word' id='word_1_293' title='bbox 228 3361 387 3440; x_wconf 90' lang='lat' dir='ltr'><strong>manipulus</strong></span> <span class='ocrx_word' id='word_1_294' title='bbox 401 3361 542 3422; x_wconf 86' lang='lat' dir='ltr'><strong>decoctus</strong></span> <span class='ocrx_word' id='word_1_295' title='bbox 557 3361 594 3421; x_wconf 92' lang='lat' dir='ltr'><strong>ad</strong></span> <span class='ocrx_word' id='word_1_296' title='bbox 606 3364 706 3422; x_wconf 88' lang='lat' dir='ltr'><strong>tertias</strong></span> <span class='ocrx_word' id='word_1_297' title='bbox 719 3381 781 3422; x_wconf 90' lang='lat' dir='ltr'><strong>cum</strong></span> <span class='ocrx_word' id='word_1_298' title='bbox 798 3360 861 3420; x_wconf 89' lang='lat' dir='ltr'><strong>sale</strong></span> <span class='ocrx_word' id='word_1_299' title='bbox 875 3367 905 3418; x_wconf 88' lang='lat' dir='ltr'><strong>et</strong></span> <span class='ocrx_word' id='word_1_300' title='bbox 917 3359 1013 3436; x_wconf 60' lang='lat' dir='ltr'><strong>pini-⁸</strong></span> 
     </span>
     <span class='ocr_line' id='line_1_37' title="bbox 26 3442 1003 3522; baseline -0.002 -19"><span class='ocrx_word' id='word_1_301' title='bbox 26 3451 59 3503; x_wconf 87' lang='lat' dir='ltr'><strong>tas</strong></span> <span class='ocrx_word' id='word_1_302' title='bbox 81 3445 166 3505; x_wconf 86' lang='lat' dir='ltr'><strong>trahit</strong></span> <span class='ocrx_word' id='word_1_303' title='bbox 187 3444 283 3503; x_wconf 91' lang='lat' dir='ltr'><strong>inlitus</strong></span> <span class='ocrx_word' id='word_1_304' title='bbox 303 3446 351 3504; x_wconf 87' lang='lat' dir='ltr'><strong>vel</strong></span> <span class='ocrx_word' id='word_1_305' title='bbox 372 3448 453 3504; x_wconf 88' lang='lat' dir='ltr'><strong>tritus</strong></span> <span class='ocrx_word' id='word_1_306' title='bbox 475 3448 502 3505; x_wconf 92' lang='lat' dir='ltr'><strong>in</strong></span> <span class='ocrx_word' id='word_1_307' title='bbox 530 3445 685 3520; x_wconf 81' lang='lat' dir='ltr'><strong>oxymelite</strong></span> <span class='ocrx_word' id='word_1_308' title='bbox 710 3455 738 3505; x_wconf 88' lang='lat' dir='ltr'><strong>et</strong></span> <span class='ocrx_word' id='word_1_309' title='bbox 762 3445 838 3518; x_wconf 87' lang='lat' dir='ltr'><strong>sale,</strong></span> <span class='ocrx_word' id='word_1_310' title='bbox 861 3442 1003 3522; x_wconf 89' lang='lat' dir='ltr'><strong>pellitque</strong></span> 
     </span>
     <span class='ocr_line' id='line_1_38' title="bbox 26 3525 1003 3608; baseline -0.002 -21"><span class='ocrx_word' id='word_1_311' title='bbox 26 3531 123 3588; x_wconf 79' lang='lat' dir='ltr'><strong>tentiis</strong></span> <span class='ocrx_word' id='word_1_312' title='bbox 140 3529 281 3588; x_wconf 90' lang='lat' dir='ltr'><strong>animalia.</strong></span> <span class='ocrx_word' id='word_1_313' title='bbox 313 3529 439 3606; x_wconf 86' lang='lat' dir='ltr'><strong>pituitam</strong></span> <span class='ocrx_word' id='word_1_314' title='bbox 456 3537 486 3588; x_wconf 89' lang='lat' dir='ltr'><strong>ei</strong></span> <span class='ocrx_word' id='word_1_315' title='bbox 500 3528 586 3588; x_wconf 86' lang='lat' dir='ltr'><strong>bilem</strong></span> <span class='ocrx_word' id='word_1_316' title='bbox 602 3529 723 3590; x_wconf 90' lang='lat' dir='ltr'><strong>detrahit</strong></span> <span class='ocrx_word' id='word_1_317' title='bbox 737 3527 896 3608; x_wconf 69' lang='lat' dir='ltr'><strong>peucr¹¹⁰·³</strong></span> <span class='ocrx_word' id='word_1_318' title='bbox 910 3525 1003 3588; x_wconf 75' lang='lat' dir='ltr'><strong>radix.</strong></span> 
     </span>
    </p>
   </div>
   <div class='ocr_carea' id='block_1_8' title="bbox 0 0 1204 3922">
    <p class='ocr_par' dir='ltr' id='par_1_9' title="bbox 0 0 1204 3922">
     <span class='ocr_line' id='line_1_39' title="bbox 0 0 1204 3922; baseline 0 0"><span class='ocrx_word' id='word_1_319' title='bbox 0 0 1204 3922; x_wconf 95' lang='lat' dir='ltr'><strong> </strong></span> 
     </span>
    </p>
   </div>
  </div>
 </body>
</html>
