2396 3900
248 272 329 322 unu.
345 274 436 320 urar.
453 273 537 320 xvu.
552 271 674 324 aa—m.
693 259 844 342 (eo—37.)
1007 260 1047 322 85

56 428 239 506 experiuntur.
267 429 324 488 iam
343 428 456 507 quidem
473 436 501 488 et
512 428 569 488 hoc
581 430 608 488 in
625 429 735 488 luxuria
752 445 820 488 esse
837 429 946 507 coepit,
963 444 1048 506 prae·

55 511 227 588 grandesque
243 511 382 572 roborum
397 513 567 572 delicatiore
585 515 686 572 suntin
702 512 767 572 cibo
779 546 821 556 -
834 512 929 571 cessis
943 521 1048 572 vocant

54 603 183 674 -atque
204 596 294 654 etiam
309 596 400 656 farina
416 598 537 674 saginati
559 598 588 657 bi
607 615 724 677 quoque
743 596 840 656 altiles
858 596 935 656 liunt.
967 613 1025 656 ma·
1038 606 1087 659 221

53 697 126 740 nume
141 688 240 740 autem
256 679 392 740 arborum
406 681 464 740 boc
479 682 603 741 sentiunt
618 683 683 760 piri,
699 679 776 757 mali,
789 681 847 757 iioi,
863 683 954 740 minus
972 698 1046 759 quae

38 781 157 831 sarturae
184 773 252 823 sunt
277 774 307 824 et
326 765 476 825 odoratae.
507 782 608 825 eorum
631 767 679 844 qui
702 766 730 824 in
752 766 814 825 licis
838 766 980 824 exsistunt
999 765 1048 826 alii

52 856 198 909 nascuntur
219 866 259 908 ex
280 849 369 927 ipsis,
388 849 462 909 alios
483 851 557 928 parit
575 851 623 928 qui
639 859 761 909 vocatur
776 858 924 925 cerastes,
947 865 1049 908 omnes

52 943 134 994 umen
146 933 323 992 incerasten
335 933 492 1010 ligurantur
506 952 665 1013 sonumque
679 934 766 994 edunt
775 932 889 1012 parvoli
903 933 1045 993 stridoris.

53 1025 77 1077 et
87 1014 190 1076 sorbus
209 1016 299 1078 arbor
315 1018 466 1078 infestatur
480 1019 647 1078 vermiculis
669 1018 738 1078 ruiis
760 1036 795 1078 ac
817 1017 938 1096 pilosis,
960 1027 1047 1095 atque

53 1103 84 1161 ita
96 1101 245 1160 emoritur.
276 1102 399 1181 mespila
421 1119 537 1181 quoque
558 1104 587 1162 in
609 1111 727 1163 senecta
751 1103 876 1161 obnoxia
899 1103 925 1160 ei
945 1100 1047 1161 morbo

31 1193 98 1248 rtet.
139 1185 182 1264 [t]
212 1185 361 1246 Sideratio
389 1195 449 1246 tota
474 1205 490 1246 e
513 1187 597 1247 caelo
620 1196 742 1246 constat.
786 1195 966 1265 quapropter
992 1194 1022 1246 et
1035 1195 1088 1248 tta

53 1269 152 1346 mando
167 1270 197 1327 in
214 1269 260 1328 bis
277 1272 373 1332 causis
389 1271 520 1348 intellegi
541 1271 630 1331 debet
646 1281 675 1331 et
691 1270 908 1331 carbunculatio
924 1279 954 1330 ct
969 1270 1047 1350 quod

54 1355 208 1432 pruinarum
222 1355 325 1414 iniuria
341 1356 447 1415 evenit.
476 1355 549 1415 haec
564 1358 638 1415 enim
651 1372 741 1415 verno
757 1365 861 1434 tepore
874 1357 999 1416 inritatis
1016 1363 1046 1415 et

55 1455 198 1516 erumpere
215 1438 387 1498 audentibus
404 1441 473 1499 satis
485 1440 620 1500 mollibus
630 1441 758 1501 insidens
774 1441 867 1500 adurit
882 1440 1046 1499 lactescen-

55 1523 83 1580 tis
94 1523 254 1600 germinum
267 1523 382 1599 oculos,
394 1525 471 1604 quod
482 1526 510 1583 in
520 1523 593 1585 ilore
609 1523 814 1584 carbunculum
829 1531 945 1582 vocant.
969 1523 1046 1601 prui-

33 1623 101 1666 unac
118 1607 315 1685 perniciosior
331 1618 440 1684 natura,
458 1610 592 1687 quoniam
610 1607 692 1687 lapsa
709 1608 839 1687 persidet
857 1607 995 1685 gelatque
1012 1624 1047 1666 ae

55 1707 84 1750 ne
97 1707 165 1750 aura
181 1691 297 1769 quidem
313 1691 373 1752 ulla
389 1691 561 1771 depellitur,
580 1695 646 1772 quia
662 1710 720 1753 non
736 1692 766 1751 iit
781 1693 836 1751 nisi
852 1693 963 1750 inmoto·
977 1707 1047 1750 aere

56 1783 79 1835 et
95 1791 210 1834 sereno.
249 1777 397 1854 proprium
418 1786 513 1837 tamen
534 1776 718 1837 siderationis
741 1785 785 1836 est
807 1776 860 1836 sub
881 1783 945 1835 ortu
968 1775 1047 1834 canis

57 1858 216 1919 siccitatium
231 1876 340 1938 uapor,
357 1878 421 1920 cum
437 1861 520 1922 insita
535 1879 569 1921 ac
585 1861 720 1921 novellae
739 1859 861 1920 arbores
877 1860 1045 1934 moriuntur,

57 1944 203 2021 praecipue
231 1943 303 2004 licus
329 1952 359 2003 et
382 1946 465 2004 uites.
506 1943 579 2004 Olea
606 1954 723 2024 praeter
749 1945 1024 2019 vermiculationem,
1036 1953 1089 2010 923

34 2042 129 2104 agutur
144 2045 241 2106 aeque
253 2045 288 2087 ac
300 2027 372 2087 licus
388 2031 485 2104 sentit,
499 2029 612 2088 clauom
625 2031 710 2089 etiam
722 2031 837 2108 patitur,
854 2031 916 2088 sive
930 2027 1046 2105 fungum

59 2109 143 2187 placet
157 2110 216 2171 dici
232 2111 280 2172 uel
297 2112 442 2190 patellam.
470 2113 544 2174 haec
561 2122 606 2173 est
623 2114 694 2173 solis
711 2115 835 2173 exustio.
862 2112 979 2172 Nocere
991 2121 1046 2172 tra·

60 2193 91 2252 dit
105 2191 177 2254 Cato
192 2204 222 2255 et
238 2213 367 2256 muscum
384 2197 508 2256 rubrum.
539 2206 627 2257 nocet
647 2197 819 2276 plerumque
837 2196 942 2257 ritibus
959 2205 1046 2275 atque

60 2276 122 2338 oleis
139 2288 169 2339 et
185 2281 270 2340 nimia
286 2279 430 2340 fertilitas.
464 2280 585 2342 Scabies
604 2283 761 2341 communis
778 2281 902 2340 omnium
918 2291 972 2341 est.
1005 2281 1046 2338 in·

60 2361 146 2440 petigo
167 2373 196 2424 et
213 2382 289 2442 quae
311 2364 448 2442 adgnasci
469 2365 566 2425 solent
587 2365 724 2442 cocleae,
747 2364 904 2444 peculiaria
925 2364 1047 2424 iicorum

37 2446 127 2522 aritia,
143 2465 198 2508 nec
208 2448 330 2526 ubique.
363 2457 427 2508 sunt
448 2451 521 2509 enirn
543 2449 684 2529 quaedam
706 2450 902 2527 aegritudines
920 2457 949 2508 et
965 2448 1045 2507 loco·

61 2547 120 2590 ron.
148 2532 189 2610 [a]
210 2531 319 2593 Verum
335 2541 366 2592 ut
379 2532 485 2592 homini
497 2551 652 2594 nervorum
663 2535 807 2594 cruciatus
820 2534 863 2592 sic
878 2541 907 2592 et
919 2531 1026 2606 arbori,
1036 2541 1088 2596 bit

62 2629 89 2674 ac
100 2614 208 2676 duobus
224 2634 318 2695 aeque
332 2617 435 2680 modis.
466 2627 513 2678 aut
530 2618 646 2678 enimin
661 2618 770 2696 pedes,
788 2617 844 2676 boc
862 2625 907 2676 est
919 2616 1046 2693 radices,

62 2695 180 2778 inrumpit
194 2701 239 2760 ris
252 2701 356 2775 morbi,
376 2711 423 2762 aut
438 2703 467 2761 in
481 2702 632 2777 articulos,
648 2703 705 2761 hoc
722 2710 767 2762 est
784 2702 960 2761 cacuminum
976 2701 1046 2778 digi-

63 2788 114 2857 tos,
127 2785 174 2862 qui
190 2785 359 2862 longissime
376 2804 392 2846 a
408 2794 471 2846 toto
488 2803 615 2865 corpore
631 2795 747 2846 exeunt.
780 2787 945 2845 inarescunt
962 2803 1045 2863 ergo,

40 2874 87 2924 aet
102 2877 162 2927 sunt
182 2869 260 2947 apud
278 2867 407 2930 Graecos
430 2889 480 2932 sua
507 2873 619 2931 nomina
642 2872 756 2948 utrique
777 2871 858 2929 vitio.
900 2870 1087 2948 undiquebit

1 2990 2 2993 κ
65 2950 140 3025 primo
154 2952 251 3030 dolor,
264 2970 332 3014 mox
347 2962 376 3014 et
390 2957 497 3016 macies
516 2973 612 3014 earum
629 2957 749 3033 partium
762 2955 884 3032 fragilis,
897 2965 1046 3034 postremo

65 3032 133 3094 tabes
145 3055 294 3116 morsque,
310 3055 367 3098 uon
382 3040 503 3102 intrante
516 3056 587 3099 suco
602 3049 720 3099 autnon
735 3041 937 3118 perveniente,
951 3057 1046 3098 maxu-

66 3133 153 3197 meque
169 3122 196 3183 id
212 3122 259 3182 lici
276 3125 410 3183 sentiunt.
441 3121 602 3203 caprificus
617 3122 748 3184 omnibus
770 3125 890 3183 inmunis
913 3133 957 3184 est
972 3139 1046 3200 quae

1 3214 2 3223 ¹
67 3199 144 3263 adbuc
157 3206 286 3267 diximus.
316 3207 433 3268 scabies
447 3209 574 3286 gignitur
589 3207 703 3267 roribus
715 3208 800 3268 lentis
815 3217 883 3287 post
897 3207 1045 3284 vergilias.

35 3297 119 3344 accam
132 3291 155 3348 si
169 3293 295 3352 rariores
310 3291 409 3367 fuere,
426 3293 636 3372 periunduntne
651 3291 802 3367 arborem,
819 3310 877 3352 non
895 3285 1047 3369 scalpunt?

69 3369 152 3431 scabie
172 3383 201 3434 et
220 3378 318 3453 grossi
341 3375 501 3452 cadunt,**
525 3378 586 3437 sive
615 3377 722 3436 imbres
749 3377 824 3435 nimii
846 3377 938 3436 fuere.
988 3373 1045 3434 alio

71 3453 140 3514 modo
158 3457 226 3520 lictis
247 3459 362 3520 laborat
382 3461 527 3522 radicibus
548 3461 677 3520 madidis.
714 3461 754 3540 [6]
777 3460 891 3520 Vitibus
907 3468 1026 3538 praeter
1036 3461 1090 3518 226

72 3539 314 3608 vermiculationem
328 3553 357 3604 et
366 3545 570 3604 sidemtionem
582 3544 700 3606 morbus
717 3544 871 3622 peculiaris
884 3542 1045 3602 articulatio
