2430 3896
169 216 209 275 34
505 227 536 275 c.
552 227 647 274 antur
663 227 813 277 saeuum

168 401 283 443 carnem
296 383 406 459 sabuci,
417 393 446 444 et
456 385 615 463 plurumum
627 383 728 445 ambae
739 384 904 460 medullam,
920 401 976 444 nec
990 383 1187 444 harundines

167 469 275 528 maiore
293 487 331 527 ex
348 477 439 546 parte.

22 596 25 600 Δ
126 560 176 615 184
249 551 332 632 (73.)
358 552 390 612 ln
404 552 578 630 quarundam
593 551 727 612 arborum
742 551 875 612 carnibus
891 551 997 630 pulpae
1012 569 1188 628 venaeque

166 644 241 696 sunt.
274 636 429 696 discrimen
444 654 540 696 earum
557 636 654 696 facile.
683 653 775 696 uenae
790 634 909 697 latiores
922 635 1187 713 candidioresque

167 720 273 799 pulpae
289 719 425 779 fissilibus
441 721 543 780 insunt.
565 719 631 780 ideo
644 719 674 780 lit
685 729 715 780 ut
729 737 797 781 aure
814 718 849 780 ad
866 729 952 798 caput
964 719 1054 779 trabis
1068 727 1213 798 quam-t

166 804 238 863 libet
259 803 437 882 praelongae
461 804 575 864 admota
595 806 669 864 ictus
691 804 726 864 ab
748 803 841 864 altero
869 805 965 882 capite
985 804 1035 863 vel
1061 803 1187 880 graphi

165 889 304 948 sentiatur
324 897 494 967 penetrante
514 889 604 949 rectis
624 887 765 948 meatibus
786 904 876 964 sono,
903 888 977 948 unde
999 886 1185 966 deprehen-

123 980 173 1035 185
185 971 259 1032 ditur
282 990 317 1032 an
336 981 412 1033 torta
432 973 626 1033 sit'materies
645 972 788 1051 nodisque
812 973 939 1034 concisa.
972 971 1086 1046 Quibus
1103 980 1186 1031 sunt

164 1055 266 1116 tubera
284 1057 358 1116 sicut
379 1057 516 1117 incarne
537 1056 667 1134 glandia,
697 1057 733 1115 in'
750 1057 785 1116 iis
812 1074 868 1116 nec
887 1074 962 1117 vena
982 1074 1038 1116 nec
1061 1055 1182 1134 pulpa,

164 1140 287 1218 quodam
304 1141 379 1201 callo
396 1141 490 1201 caruis
505 1141 533 1201 in
550 1159 582 1200 se
601 1142 766 1200 convoluto.
804 1141 862 1200 boc
877 1141 1129 1219 pretiosissimum
1149 1141 1183 1200 in
1195 1151 1214 1192 1·

165 1225 237 1284 citro
255 1233 284 1284 et
300 1243 396 1285 acere.
429 1234 528 1286 cetera
543 1242 705 1285 mensarum
721 1243 831 1302 genera
847 1225 923 1284 iussis
938 1224 1095 1286 arboribus
1114 1227 1181 1285 cir·

164 1309 295 1368 cinantur
308 1309 336 1368 in
349 1308 477 1388 pulpam,
494 1308 622 1389 alioquin
636 1309 747 1386 fragilis
763 1319 843 1369 esset
856 1327 931 1370 vena
951 1310 979 1368 in
999 1307 1106 1368 orbem
1125 1327 1180 1368 ar·

161 1390 242 1451 boris
259 1409 354 1452 caesa.
387 1393 462 1470 tagis
478 1394 610 1472 pectines
626 1396 751 1454 traversi
764 1395 793 1453 in
808 1392 907 1472 pulpa.
938 1394 1014 1472 apud
1026 1394 1180 1470 antiquos

161 1475 229 1536 inde
244 1485 274 1536 et
289 1477 368 1536 vasis
382 1476 485 1536 bonos.
508 1476 618 1538 Manius
631 1476 734 1539 Curius
746 1479 850 1539 iurauit
865 1495 898 1537 se
916 1497 954 1537 ex
967 1477 1079 1557 praeda
1094 1477 1180 1538 nihil

122 1566 172 1622 186
183 1561 313 1637 attigisse
334 1570 452 1640 praeter
467 1569 577 1638 guttum
596 1561 722 1640 laginum
744 1579 801 1640 quo
820 1561 1007 1622 sacrificaret.
1040 1560 1215 1639 Lignum

161 1645 190 1703 in
206 1644 413 1722 longitudinem
428 1644 590 1706 fluctuatur.
621 1656 652 1705 ut
672 1664 746 1724 quae
768 1663 837 1725 pars
852 1646 905 1705 luit
921 1645 957 1706 ab
973 1645 1075 1705 radice
1091 1646 1179 1706 vali-

163 1727 225 1788 dius
241 1729 317 1789 sidit.
348 1729 517 1808 quibusdam
531 1731 619 1808 pulpa
636 1731 697 1790 sine
712 1731 794 1790 venis
809 1747 889 1789 mero
901 1731 1022 1790 stamine
1037 1739 1069 1789 et
1085 1731 1179 1790 tenui

163 1821 285 1872 constat.
321 1813 395 1873 haec
415 1831 546 1873 maxume
568 1813 677 1874 iissilia.
714 1815 769 1874 alia
790 1814 884 1891 lrangi
905 1815 1052 1874 celeriora
1077 1832 1178 1892 quarn

162 1894 246 1973 lindi,
269 1896 373 1975 quibus
393 1897 482 1976 pulpa
498 1914 555 1958 non
571 1907 633 1972 est,
654 1907 684 1956 ut
700 1898 801 1974 oleae,
818 1899 908 1976 vites.¹
936 1906 964 1958 at
979 1915 996 1957 e
1012 1900 1175 1958 contrario

161 1988 251 2039 totum
268 1999 284 2038 a
299 1997 387 2039 carne
402 1997 507 2059 corpus
520 1980 585 2042 lico.
613 1990 673 2041 tota
688 1999 774 2042 ossea
786 1991 831 2042 est
841 1981 913 2057 ilex,
927 1999 1044 2056 cornus,
1058 1981 1174 2060 robur,
1185 1999 1213 2040 ao

163 2064 286 2142 cytisus,
310 2080 425 2140 morus,
442 2063 587 2141 hebenus,
612 2065 689 2125 lotos
711 2075 740 2125 et
760 2083 835 2143 quae
858 2067 919 2125 sine
942 2065 1070 2127 medulla
1093 2085 1176 2128 esse

119 2147 298 2208 audiuimus.
334 2148 440 2207 ceteris
455 2149 601 2226 nigricans
617 2148 716 2226 color,
733 2150 812 2210 fulva
836 2167 941 2210 cornus
963 2151 991 2208 in
1006 2149 1174 2212 venabulis

120 2240 169 2297 187
180 2232 251 2291 nitet
270 2231 403 2291 incisuris
420 2233 525 2294 nodata
548 2242 670 2311 propter
688 2233 834 2294 decorem.
873 2233 978 2294 cedrus
995 2243 1024 2294 et
1039 2234 1123 2295 larix
1141 2245 1176 2296 et

159 2315 297 2394 iunipirus
314 2315 425 2375 rubent.
453 2317 502 2378 39.
518 2316 604 2377 larix
619 2317 723 2378 femina
738 2317 826 2378 habat
838 2335 921 2396 quam
935 2316 1039 2378 Graeci
1051 2329 1174 2380 vocant

159 2399 263 2476 aegida
276 2399 374 2460 mellei
391 2399 509 2460 coloris.
542 2402 686 2461 inventurn
706 2403 849 2480 pictorum
870 2401 987 2463 tabellis
1003 2404 1171 2464 inmortale
1182 2418 1210 2458 aa

159 2483 303 2563 nullisque
325 2483 414 2543 fissile
435 2485 513 2544 rimis
535 2484 591 2545 hoc
608 2485 730 2562 lignum,
751 2502 920 2563 proxumum
937 2487 1085 2546 medullae
1105 2497 1170 2548 est.

158 2569 188 2627 in
204 2568 300 2627 abiete
317 2568 421 2627 leuscn
436 2566 539 2628 Graeci
553 2578 669 2628 vocant.
696 2569 776 2629 cedri
788 2586 905 2648 quoque
917 2570 1070 2630 durissima
1084 2589 1172 2649 quae

158 2651 304 2712 medullae
322 2669 477 2730 proxuma,
499 2652 577 2710 utin
598 2669 722 2732 corpore
746 2671 829 2728 ossa,
853 2653 958 2714 deraso
972 2655 1061 2714 modo
1078 2655 1169 2717 limo.

160 2744 190 2795 et
210 2734 310 2794 sabuci
330 2736 467 2795 interiora
488 2735 559 2794 mire
581 2735 660 2796 lirina
680 2736 838 2802 traduntur.
877 2737 1050 2816 quidamque
1070 2757 1169 2802 vena·

159 2817 227 2878 bula
243 2837 281 2878 ex
295 2837 330 2878 ea
343 2819 512 2897 praeierunt
527 2819 674 2896 omnibns,
699 2829 811 2880 constat
832 2822 907 2880 enim
923 2832 1042 2883 excute
1061 2833 1092 2882 et
1114 2841 1167 2884 os·
1177 2834 1207 2877 ³⁰

160 2901 250 2961 sibus.

118 2995 167 3050 188
238 2985 320 3068 (74.)
351 2985 441 3048 (laedi
455 2989 656 3067 tempestivum
676 3005 750 3066 quae
765 2989 979 3051 decorticentur
997 3000 1029 3050 ut
1043 3000 1165 3052 teretes

157 3070 192 3131 ad
206 3071 314 3148 templa
330 3080 486 3149 ceteraque
501 3091 569 3149 usus
585 3073 713 3149 rotundi,
731 3091 795 3132 cum
810 3075 983 3151 germinant,
1001 3075 1074 3134 alias
1090 3093 1163 3136 cor·

157 3156 214 3214 tice
234 3155 430 3216 inextricabili
453 3165 482 3214 et
503 3157 581 3217 carie
597 3155 789 3217 subnascente
810 3158 838 3216 ei
860 3159 1040 3236 materiaque
1056 3159 1162 3236 nigre·

157 3247 268 3298 scente.
301 3240 379 3316 tigna
398 3248 427 3298 et
446 3239 550 3318 quibus
570 3240 664 3301 aulert
683 3242 794 3301 securis
816 3245 954 3302 corticem
970 3241 1105 3302 abruma
1124 3244 1206 3304 adas

156 3324 301 3383 favonium
316 3333 380 3399 aut,
398 3323 422 3383 si
438 3326 611 3402 praevenire
627 3341 781 3402 cogamur,
797 3327 902 3387 arcturi
917 3343 1026 3386 occasu
1040 3335 1072 3385 et
1089 3336 1161 3387 ante

157 3425 220 3466 eum
237 3407 389 3481 fidiculae,
412 3409 568 3468 novissima
591 3411 701 3468 ratione
717 3409 851 3469 solstitio.
881 3409 944 3469 dies
959 3409 1086 3469 siderum
1103 3411 1160 3470 bo·

115 3488 179 3564 ¹33²?
196 3508 256 3549 rum
272 3491 429 3552 reddentur
444 3509 497 3552 suo
513 3491 591 3551 loco.
622 3493 712 3569 volgo
734 3493 802 3553 satis
823 3501 922 3572 putant
939 3493 1103 3554 observare
1120 3513 1161 3555 ne
