2504 3930
282 264 363 313 nnn.
379 265 471 314 mrsu.
486 267 585 314 xxxr.
614 263 701 320 4—6.
733 251 886 330 (ac-aa.)
1019 245 1083 311 art

79 418 149 478 tatis
165 403 364 494 argumentum
379 429 407 480 et
419 419 496 483 aliud
512 429 557 480 est
568 421 644 500 quod
655 420 763 480 nullum
778 417 913 493 ballium,
925 432 983 476 non
997 415 1084 476 modo

80 501 217 562 nebulam
232 503 342 568 emittit.
382 505 430 582 qui
451 504 552 564 volunt
571 503 726 581 diligentes
751 503 828 564 circa
850 503 909 562 boc
929 500 1021 562 videri
1044 499 1083 558 di-

83 595 152 647 cunt
170 587 261 664 aquas
275 589 427 664 graviores
443 596 510 666 post
523 587 650 648 brumam
665 588 737 647 lieri„

1 735 2 752 ,
147 669 175 730 6.
200 669 282 750 (31.)
307 670 442 731 Ceterum
457 689 473 731 a
489 671 571 732 lecte
586 672 651 732 duci
662 669 799 732 fictilibus
811 667 887 728 tubis
902 667 1081 728 utilissimum
1092 673 1126 733 57

1 757 3 836 l
38 774 66 814 *s
81 761 129 813 est
144 755 334 815 crassitudine
353 753 451 814 binum
471 755 644 832 digitorum,
668 753 854 814 conmissuris
875 751 1020 831 pyxidatis
1044 752 1084 812 ita

1 841 2 874 ³
81 847 113 896 ut
129 839 265 915 superior
281 839 386 914 intret,
410 839 493 899 calce
511 843 576 900 viva
596 857 634 900 ex
657 839 726 898 oleo
747 837 891 913 levigatis.
931 836 1084 896 libramen-

82 929 141 982 tum
173 939 265 998 aquae
298 923 327 982 in
354 932 493 983 centenos
518 923 610 1001 pedes
642 923 746 984 sicilici
777 921 930 981 minumum
960 919 1031 994 erit,
1058 920 1083 978 si

82 1005 217 1064 cuniculo
231 1005 345 1080 veniet,
368 1008 397 1067 in
410 1006 494 1066 binos
509 1015 592 1066 actus
606 1006 711 1066 lumina
727 1023 795 1065 esse
811 1003 967 1064 debebunt.
1000 1019 1084 1080 quam

18 1082 22 1091 ’
82 1105 207 1164 surgere
222 1090 250 1148 in
266 1088 389 1150 sublime
406 1108 480 1170 opus
499 1090 586 1150 luerit
605 1089 722 1169 plumbo
739 1091 846 1150 veniat.
870 1087 946 1148 subit
960 1086 1084 1146 altitudi-

1 1175 2 1178 ’
46 1190 148 1236 sonem
174 1181 301 1232 exortus·
314 1175 369 1234 sui.
400 1176 425 1234 si
446 1175 580 1251 longiore
603 1182 696 1236 tractu
716 1174 828 1250 reniet,
855 1171 957 1232 subeat
979 1170 1083 1231 crebro

1 1301 3 1326 ,
84 1255 317 1334 descendatque,
332 1275 370 1317 ne
385 1257 555 1318 libramenta
570 1267 701 1337 pereant.
732 1257 843 1316 listulas
858 1257 962 1316 denum
976 1254 1081 1333 pedum
1092 1263 1128 1318 58

83 1339 271 1416 longitudinis
286 1358 355 1401 esse
367 1341 527 1419 legitimum
544 1350 589 1400 est
606 1351 652 1419 et,
669 1343 693 1402 si
710 1341 859 1420 quinariae
877 1348 977 1414 erunt,
999 1356 1083 1398 sexa·

81 1441 158 1500 gena
183 1424 281 1501 pondo
303 1425 451 1504 pendere,
477 1428 501 1484 si
523 1428 710 1502 octonariae,
733 1434 873 1500 centena,
896 1424 920 1482 si
938 1423 1083 1499 denariae,

82 1513 206 1566 centena
220 1507 340 1586 vicena,
362 1525 397 1569 ac
413 1510 518 1568 deiude
539 1509 574 1568 ad
598 1509 651 1570 bas
672 1509 833 1587 portiones.
863 1506 980 1567 denaria
1004 1507 1083 1584 apel·

47 1591 258 1658 151atnrcuius
280 1591 392 1654 lamnae
413 1592 552 1667 latitudo,
576 1603 727 1672 antequam
749 1600 901 1666 curvetur,
930 1590 1084 1666 digitorum

81 1673 184 1734 decem
199 1683 262 1748 est,
278 1675 453 1754 dimidioque
473 1678 535 1736 eius
553 1679 689 1755 quinaria.
719 1678 747 1735 iu
762 1675 892 1736 anfractu
906 1676 981 1734 omni
996 1673 1083 1733 collis

81 1759 238 1836 quinariam
251 1759 330 1834 lieri,
344 1759 394 1818 'ubi
410 1760 541 1820 dometur
553 1762 695 1840 impetus,
718 1761 915 1820 necessarium
931 1766 991 1834 est,
1014 1759 1083 1816 item

81 1840 219 1916 castella,
234 1849 321 1920 prout
330 1862 380 1904 res
397 1846 505 1921 exiget.
874 1876 876 1880 ·

143 1923 228 2004 (32.)
249 1925 404 1986 Homerum
418 1927 575 1988 calidorum
587 1927 706 1988 lentium
716 1929 890 1997 mentionem
902 1924 1080 1985 coniecisse
1092 1933 1126 1988 59

1 2031 2 2086 3
46 2009 305 2090 audemiromcum
320 2009 428 2088 alioqui
443 2011 534 2073 lavari
550 2011 643 2072 calida
663 2011 831 2090 frequenter
851 2010 1016 2084 induceret,
1040 2009 1082 2067 vi·

1 2117 2 2136 r
81 2093 189 2152 delicet
206 2093 272 2170 quia
288 2094 428 2156 medicina
444 2105 511 2156 tunc
523 2113 580 2154 non
597 2104 659 2154 erat
675 2095 750 2154 baec
765 2113 839 2172 quae
854 2111 929 2154 nunc
947 2109 1083 2170 aquarum

1 2171 3 2198 '
79 2176 216 2257 perfugio
233 2179 327 2238 utitur.
362 2189 408 2238 est
423 2188 516 2239 autem
530 2179 606 2239 utilis
628 2178 775 2256 sulpurata
793 2180 908 2254 nervis,
930 2176 1082 2237 aluminata

79 2260 250 2340 paralyticis
272 2270 321 2322 aut
342 2263 426 2323 simili
448 2264 535 2330 modo
559 2263 675 2338 solutis,
704 2263 869 2322 bituminata
891 2270 940 2322 aut
960 2260 1081 2334 nitroso,

81 2345 174 2422 qualis
194 2342 298 2405 Cutilia
313 2354 374 2422 est,
391 2345 518 2406 bibendo
538 2356 626 2425 atque
641 2344 870 2423 purgationibus.
901 2344 1035 2424 plerique
1050 2345 1079 2402 in
1090 2354 1125 2409 60

45 2428 176 2505 aegloria
196 2427 301 2488 ducunt
318 2429 456 2506 plurumis
480 2431 560 2490 horis
582 2431 695 2506 perpeti
719 2430 846 2489 calorem
868 2446 982 2502 earnm,
1004 2426 1082 2505 quud

82 2521 126 2571 est
142 2511 384 2588 inimicissimum,
408 2531 531 2592 namque
552 2512 638 2591 paulo
661 2511 765 2574 diutius
791 2530 874 2590 quam
895 2511 1018 2570 balineis
1040 2510 1081 2569 uti

80 2604 214 2674 oportet,
232 2613 266 2654 ac
282 2605 386 2675 postea
402 2597 508 2674 frigida
524 2594 684 2672 dulcedine,
700 2613 754 2654 nec
769 2596 832 2654 sine
847 2594 916 2655 oleo
929 2592 1080 2654 disceden-

80 2681 134 2756 tis,
148 2678 226 2757 quod
240 2679 344 2755 volgus
358 2681 480 2740 alienum
495 2678 660 2755 arbitratur,
676 2679 786 2739 idcirco
798 2694 855 2737 non
870 2677 937 2738 alibi
950 2678 1079 2754 corpori-

79 2763 133 2823 bus
149 2764 243 2839 magis
262 2763 412 2840 obnoxiis,
429 2765 537 2842 quippe
549 2773 578 2822 et
591 2764 724 2822 vastitate
739 2762 837 2822 odoris
853 2762 949 2839 capita
963 2761 1079 2839 repleu-

46 2867 71 2908 ao
80 2856 125 2905 tur
148 2855 177 2905 et
197 2846 308 2923 frigore
328 2848 499 2908 infestantur
520 2847 664 2922 sudantia,
685 2845 796 2924 reliqua
821 2862 975 2924 corporum
997 2853 1081 2922 parte

78 2949 187 2990 mersa.
216 2930 316 2988 similis
329 2947 426 3006 error,
441 2949 524 3009 quam
536 2931 667 3009 plurumo
683 2939 753 3009 potu
764 2930 934 3006 gloriantur.
961 2928 1080 3007 vidique

79 3017 136 3074 iam
156 3013 288 3089 turgidos
310 3013 435 3074 bibendo
455 3017 483 3073 in
504 3023 610 3074 tantum
632 3024 663 3072 ut
684 3014 760 3074 anuli
780 3015 978 3090 integerentur
1000 3021 1078 3089 cute,

80 3117 146 3158 cum
161 3097 244 3156 reddi
262 3114 319 3156 non
333 3107 436 3176 posset
450 3098 550 3156 hausta
566 3097 715 3158 multitudo
729 3115 830 3176 aquae.
860 3115 915 3158 nec
930 3097 988 3157 boc
1005 3112 1082 3174 ergo

78 3182 145 3242 lieri
161 3183 296 3240 convenit
313 3183 376 3240 sine
390 3181 493 3241 crebro
510 3183 580 3241 salis
595 3191 690 3258 gustu.
717 3181 840 3242 Utuntur
856 3191 885 3241 et
903 3199 994 3240 caeno
1011 3177 1073 3240 ion·
1085 3189 1118 3245 61

45 3267 149 3326 tatium
166 3266 295 3342 ipsorum
310 3265 433 3340 utiliter,
455 3263 506 3324 sed
528 3267 566 3326 ita
581 3268 605 3324 si
625 3265 733 3324 inlitum
754 3265 818 3324 sole
838 3267 992 3326 inarescat.
1021 3283 1078 3324 nec

76 3366 152 3410 vero
180 3349 271 3406 omnis
294 3365 368 3424 quae
393 3349 448 3407 sint
476 3349 587 3408 calidae
611 3349 768 3410 medicatas
797 3367 864 3408 esse
891 3348 1075 3425 credendum,

79 3435 156 3494 sicut
174 3433 202 3490 in
218 3432 343 3508 Segesta
362 3432 496 3507 Siciliae,
520 3431 635 3509 Larisa,
650 3433 779 3509 Troade,
801 3433 967 3510 Magnesia,
987 3431 1076 3509 blclc,

77 3517 195 3596 Lipara.
224 3533 279 3576 neo
295 3515 418 3576 decolor
432 3517 548 3594 species
565 3519 640 3577 aeris
657 3519 824 3594 argentive,
841 3527 871 3576 ut
886 3516 966 3576 multi
980 3517 1077 3577 existi·
