2370 3922
228 267 604 331 uar.n1su'.xx1111.1r.
626 275 666 329 15.
685 267 837 344 (rc-oo.)
990 265 1031 330 tr

47 421 194 518 purpureo.
223 437 338 514 capitur
352 451 497 513 praegnas
513 451 583 494 suco
602 436 631 493 iu
645 434 790 512 petrosis,
810 433 949 493 adversus
970 451 1031 494 ser·
1117 481 1122 494 .

48 522 166 599 pontium
181 535 295 578 venena
312 525 384 598 potu
401 519 543 594 inlituque
558 518 774 593 efficacissima,
786 519 856 576 item
872 517 1032 595 stomacho,
1122 533 1135 542 “

48 605 111 662 tussi
128 607 275 678 vetustae,
297 603 419 678 pituitae
441 603 471 660 in
493 600 560 677 gula
574 600 814 676 cohaerescenti,
839 603 949 677 ruptis,
964 619 1032 660 con·

48 685 148 761 volsis,
168 685 270 744 lateris
286 683 445 744 doloribus.
466 684 572 743 lienem
592 685 744 759 consumit,
761 685 870 742 urinam
887 692 917 742 et
937 696 1073 750 men-131
1151 685 1175 721 ·’

25 787 89 831 uses
103 770 173 845 ciet,
209 767 248 828 ob
272 767 308 841 id=
328 767 533 844 incipientibus
554 766 719 844 hydropicis
741 767 861 841 efficax,
899 767 1032 826 manuali-

45 853 94 911 bus
109 851 210 928 scopis
225 853 290 910 eius
311 851 341 910 in
367 850 459 909 tribus
484 849 605 909 heminis
626 867 718 928 aquae
736 849 865 909 decoctis
885 867 977 927 usque
998 851 1033 911 ad

45 937 150 994 tertias.
179 933 287 993 faciunt
304 942 335 994 et
350 933 484 1011 pastillos
503 942 634 994 terentes
656 951 719 992 eam
741 949 779 992 ex
799 949 872 1010 aqua
893 933 927 991 ad
945 949 1032 1011 supra

6 1075 8 1080 .
44 1017 121 1076 dicta.
155 1024 238 1076 sanat
253 1026 284 1075 et
297 1018 426 1076 vomicas
450 1026 480 1076 et
500 1026 603 1076 vetera
618 1016 733 1090 ulcera,
756 1015 804 1074 vel
823 1014 947 1074 'sordida
971 1035 1033 1075 cum

43 1100 135 1159 melle.
171 1100 204 1158 lit
228 1107 259 1159 et
278 1102 374 1160 viuum
398 1117 436 1159 ex
458 1117 492 1160 ea
517 1099 648 1178 pectoris
668 1101 756 1158 vitiis.
789 1099 925 1158 foliorum
948 1116 1032 1158 sucus

45 1201 105 1242 cum
123 1182 193 1242 oleo
211 1182 364 1260 caliginem
385 1182 533 1255 oculorum
547 1183 674 1259 discutit,
697 1183 731 1244 ad
747 1182 878 1260 splenem
895 1199 933 1240 ex
949 1189 1033 1242 aceto

45 1268 173 1342 sumitur,
190 1266 343 1326 excalfacit
357 1268 557 1344 perunctione.

102 1347 186 1427 (81.)
223 1347 460 1426 chamaedaphne
476 1350 561 1410 unico
580 1348 689 1408 ramulo
705 1357 762 1424 est,
777 1348 895 1408 cubitali
910 1349 1013 1434 ferme,
1026 1359 1077 1414 132

42 1431 110 1493 folia
123 1433 258 1492 tenuiora
273 1432 344 1491 lauri
362 1431 451 1508 folio,
464 1450 564 1491 semen
579 1432 687 1491 rubens
702 1432 843 1490 adnexum
859 1432 946 1492 foliis.
970 1433 1033 1492 inli-

6 1527 11 1576 t
43 1518 118 1574 nitur
132 1515 238 1592 capitis
248 1507 398 1576 doloribus
412 1534 529 1591 recens,
546 1514 667 1574 ardores
679 1515 847 1591 refrigerat,
863 1515 898 1574 ad
911 1518 1034 1576 tormina
1090 1573 1093 1576 .
1142 1559 1144 1564 ·

44 1615 104 1657 eum
130 1599 200 1656 vino
223 1597 339 1658 bibitur.
368 1617 484 1658 menses
508 1616 593 1661 sucus
616 1599 678 1656 eius
707 1606 737 1656 et
758 1600 867 1658 urinam
889 1600 947 1658 ciet
963 1607 1034 1676 potu

8 1716 12 1750 ,
42 1688 201 1759 partusque
217 1680 343 1757 difficilis
360 1683 389 1740 in
404 1681 467 1741 lana
478 1680 635 1759 adpositus.

6 1758 13 1800 ³
100 1763 188 1842 (82.)
219 1761 390 1824 chamelaea
412 1763 625 1823 similitudinem
646 1762 781 1827 foliorum
805 1764 889 1824 oleae
912 1763 1009 1823 habet.
1025 1773 1079 1828 133

42 1855 108 1907 sunt
123 1855 219 1906 autem
234 1863 345 1924 amara,
375 1847 512 1924 odorata,
539 1848 568 1905 in
589 1848 717 1924 petrosis
740 1847 862 1924 palmum
883 1846 1033 1906 altitudine

42 1947 101 1990 non
119 1930 291 1990 excedente.
321 1929 418 1990 alvom
431 1939 551 2009 purgat,
574 1929 698 1990 detrahit
716 1931 863 2008 pituitam,
885 1930 974 1990 bilem
990 1930 1033 1990 fo-

45 2013 89 2073 liis
107 2014 137 2071 in
157 2012 266 2072 duabus
279 2006 403 2072 absinthi
418 2015 549 2091 partibus
568 2013 709 2089 decoctis,
728 2031 798 2073 suco
818 2031 855 2074 eo
872 2032 933 2074 cum
946 2012 1033 2072 melle

7 2113 11 2148 t
43 2104 123 2174 poto.
156 2096 236 2156 foliis
252 2097 386 2178 inpositis
401 2106 431 2156 et
443 2097 541 2157 ulcera
553 2104 721 2174 purgantur.
746 2099 835 2174 aiunt,
853 2100 876 2157 si
895 2099 1034 2176 quisente

7 2195 9 2232 ἑ
45 2179 115 2240 solis
132 2187 227 2238 ortum
249 2198 311 2238 eam
334 2181 428 2257 capiat
451 2179 583 2257 dicatque
605 2179 640 2238 ad
654 2178 806 2256 albugines
830 2181 979 2241 oculorum
1001 2201 1034 2240 se

7 2299 8 2304 κ
46 2279 150 2340 capere
160 2303 170 2337 ,
188 2261 341 2338 adalligata
355 2261 457 2322 discuti
474 2263 502 2321 id
518 2264 634 2340 vitium,
650 2264 866 2340 quoquomodo
885 2282 957 2324 vero
976 2263 1034 2324 col-

47 2344 146 2404 lectam
161 2347 352 2404 iumentorum
367 2363 562 2423 pecorumque
581 2345 672 2404 oculis
689 2346 843 2406 salutarem
859 2367 935 2406 esse.

8 2443 39 2486 ct
105 2425 188 2506 (83.)
223 2427 418 2504 cbamacsyce
433 2428 519 2487 lentis
538 2428 607 2488 folia
623 2429 712 2488 habet
733 2429 804 2488 nihil
824 2449 857 2489 se
880 2429 1081 2495 attollen·134

8 2513 10 2518 ’
42 2512 78 2570 tia
106 2514 135 2570 iu
151 2509 240 2570 aridis
256 2514 398 2590 petrosis,
412 2511 536 2571 claritati
553 2511 701 2572 oculorum
724 2520 753 2570 et
770 2520 870 2570 contra
890 2511 1034 2571 subfusio-

8 2599 9 2632 ³
42 2611 93 2654 nes
110 2593 325 2653 utilissimum*
340 2593 357 2627 ’²
375 2604 405 2655 et
420 2597 588 2671 cicatrices,
615 2595 766 2672 caligines,
782 2594 938 2653 nubeculas
955 2595 1034 2654 inun-

9 2699 10 2702 ’
42 2685 113 2736 etus.
129 2676 238 2737 volvae
255 2676 374 2738 dolores
392 2679 474 2738 sedat
488 2677 620 2755 adposita
636 2679 664 2736 in
679 2677 810 2736 linteolo.
830 2675 906 2737 tollit
924 2685 954 2736 et
969 2695 1035 2736 ver·

42 2777 125 2821 rucas
141 2761 267 2820 omnium
282 2778 422 2836 generum
438 2760 526 2820 inlita.
557 2760 679 2838 prodest
694 2769 723 2820 et
740 2759 948 2836 orthopnoicis.

9 2841 38 2928 {tt
103 2841 189 2920 (84.)
221 2841 440 2904 Chamaecissos
464 2847 573 2922 spicata
595 2852 640 2903 est
664 2844 750 2902 tritici
770 2841 873 2919 modo,
897 2843 1013 2903 ramulis
1026 2847 1101 2909 188χ

10 2939 11 2942 ’
44 2927 137 3004 quinis
155 2927 232 3002 fere,
247 2925 366 3003 foliosa,
379 2945 442 2986 cum
457 2925 559 3002 floret,
576 2926 732 2985 existimari
747 2933 848 3003 potest
869 2926 934 2986 alba
957 2927 1034 2986 viola

43 3009 141 3068 radice
173 3011 263 3068 tenui.
301 3008 403 3069 bibunt
427 3010 575 3072 ischiadici
604 3009 674 3068 folia
695 3010 787 3068 tribus
805 3009 902 3069 obolis
928 3011 956 3068 in
976 3010 1034 3070 vini

44 3092 155 3168 cyathis
171 3091 285 3152 duobus
301 3091 357 3151 Vll
373 3092 492 3170 dicbus,
507 3092 656 3154 admodum
669 3109 764 3153 amara
774 3093 904 3170 potione.

103 3174 188 3254 (85.)
223 3173 452 3236 chamaeleucen
475 3176 550 3255 apud
569 3195 622 3237 nos
644 3177 777 3238 farfarum
801 3181 864 3240 sive
884 3182 1037 3258 farfugium

10 3265 157 3318 ueroeam.
194 3259 322 3318 nascitur
345 3259 499 3319 secundum
520 3259 640 3337 fluvios,
668 3260 739 3320 folio
762 3263 880 3341 populi,
904 3263 956 3324 sed
982 3281 1040 3323 am-

45 3339 149 3420 pliore.
179 3341 264 3401 radix
278 3343 340 3401 eius
365 3345 513 3420 inponitur
539 3343 713 3404 carbonibus
734 3348 883 3423 cupressi,
905 3355 991 3424 atque
1009 3347 1035 3406 is

48 3424 129 3484 nidor
147 3441 202 3504 per
215 3425 422 3484 infundibulum
437 3426 576 3485 imbibitur
590 3429 771 3487 inveteratae
789 3431 870 3487 tussi.

108 3507 190 3589 (86.)
206 3507 424 3587 chamaepeuce
440 3510 536 3568 laricis
550 3509 622 3568 folio
635 3510 736 3569 similis
747 3509 907 3570 lumborum
920 3512 1082 3577 atari-1³6
