2370 3922
190 279 197 289 ¹
260 271 340 320 unu.
357 272 448 322 mss.
465 273 574 320 xxmn.
593 267 636 318 ts.
653 266 694 318 16.
709 255 859 341 (ss-oa.)
1000 257 1046 318 59

106 425 161 485 16.
184 422 266 502 (91.)
296 425 450 504 Aegyptus
463 425 534 486 hanc
545 441 675 486 maxume
684 427 790 502 gignit,
807 443 882 503 quae
898 431 929 483 ct
942 441 1026 501 uren,
1036 435 1089 490 m

1 581 2 586 ἵ
42 505 78 568 dc
95 525 158 584 qua
177 511 254 568 iuter
268 508 374 568 bulbos
392 509 530 583 diximus,
545 526 665 584 maguae
680 526 744 566 cum
758 507 908 568 dracontio
929 507 998 570 litis.
1009 527 1039 568 m,
1050 529 1076 563 κ

43 589 162 668 qnidam
177 592 253 650 euim
272 591 390 651 eandem
406 610 480 652 csse
503 591 613 654 dixere.
646 590 779 650 Glaucias
803 599 867 650 satu
889 589 1043 665 discrevit,

41 672 227 734 dracontium
252 674 418 734 silvestrem
442 692 521 735 arum
545 673 766 752 pronuntiando.
797 673 886 750 aliqui
913 673 1043 734 radicem

1 774 2 777 ¹
20 773 124 814 aarum
141 756 340 834 appellarunt,
357 757 468 817 caulem
482 773 554 818 vero
571 755 764 832 dracontium,
781 758 811 816 iu
832 763 924 816 totum
944 755 1042 832 alium,

42 839 174 898 simodo
193 839 240 898 hie
254 848 299 899 est
315 842 362 916 qui
377 840 452 917 apud
472 857 526 899 nes
548 839 736 900 dracunculus
754 847 887 898 vocatur.
917 856 1041 916 namque

42 937 110 980 arcs
129 922 264 990 radicem⁴
279 925 388 998 nigram
408 925 437 981 in
465 922 643 988 latitudinem
664 922 814 980 rotundam
834 919 922 979 habet
937 922 1043 982 multo·

42 1020 98 1079 que
115 1007 259 1064 maiorem
272 1013 302 1065 et
314 1021 369 1082 qua
384 1023 481 1064 manus
496 1003 852 1082 inpleatur,dracuhculus
868 1002 1041 1064 subrutilam

44 1093 72 1145 et
89 1086 229 1147 draconis
247 1089 394 1154 convoluti
405 1087 508 1164 modo,
527 1087 601 1148 unde
616 1098 648 1148 et
661 1104 776 1146 nomeu.

18 1193 36 1236 u
104 1169 193 1247 (92.)
211 1169 250 1231 Et
266 1172 314 1248 qui
330 1173 401 1248 ipsis
421 1169 547 1249 {Graeci}
564 1173 720 1233 inmensam
738 1188 866 1248 posuere
882 1168 1083 1235 differem-143

44 1253 111 1310 tiam
129 1271 233 1312 semen
244 1253 407 1314 dracunculi
421 1255 538 1315 lerveus
553 1252 731 1330 mordaxque
750 1252 900 1328 tradendo,
917 1260 1040 1312 tantum-

43 1353 98 1411 que
117 1337 148 1395 ei
166 1337 247 1394 virus
264 1345 295 1394 ut
312 1335 448 1396 ellectum
461 1336 588 1412 gravidis
603 1337 734 1396 abortum
747 1339 882 1410 inlerret,
901 1353 973 1396 aron
989 1338 1042 1394 mi·
1091 1328 1097 1343 '

1 1473 2 1507 ,
42 1419 81 1476 ris
99 1417 235 1493 laudibus
257 1419 350 1479 tulere
373 1422 492 1496 priunum
514 1421 542 1478 in
568 1418 640 1478 cibis
668 1419 803 1479 feminam
824 1419 1040 1496 praeferentes,

45 1502 183 1576 quoniam
200 1519 259 1561 mas
276 1501 375 1563 durior
391 1511 473 1562 esset
491 1511 521 1562 et
539 1503 568 1560 in
586 1501 737 1579 coquendo
757 1502 872 1561 lentior.
907 1503 1039 1578 pectoris

17 1597 37 1638 u
45 1585 114 1644 vitia
122 1601 264 1660 purgare,
270 1585 378 1646 aridum
390 1587 418 1644 iu
428 1585 575 1662 potionem
587 1587 749 1661 inspersum
761 1593 808 1642 aut
822 1584 975 1660 ecligmate
983 1585 1040 1642 uri-

45 1684 107 1724 nam
125 1675 157 1726 et
172 1683 289 1727 menses
307 1669 395 1726 ciere.
429 1669 471 1727 sie
484 1675 516 1726 et
531 1668 560 1725 in
577 1666 735 1742 oxymelite
755 1675 855 1744 potum
869 1666 1018 1726 stomacho
1032 1676 1085 1730 144

1 1751 2 1756 ’
45 1751 265 1826 interaneisque
283 1751 458 1828 exulceratis
476 1768 514 1810 ex
528 1749 603 1809 lacte
620 1749 710 1808 ovillo
732 1748 907 1824 bibendum,
927 1748 963 1807 ad
979 1757 1038 1807 tus-

1 1833 2 1836 ’
46 1833 95 1890 sinr
112 1833 145 1892 in
164 1834 266 1892 cinere
285 1842 397 1892 coctum
418 1831 526 1892 dedere
549 1851 589 1892 ex
604 1831 680 1891 olco.
711 1831 763 1900 ,alii
785 1849 897 1890 coxere
914 1833 943 1890 iu
960 1830 1039 1889 lacte

1 1991 2 1998 ἵ
45 1923 72 1972 ut
86 1915 244 1976 decoctum
264 1915 423 1976 biberetur.
454 1914 612 1994 Epiphoris
634 1915 740 1974 elixum
761 1917 938 1992 inposuere,
967 1916 1039 1972 item

1 1998 231 2075 'usuggillatis,
249 1999 383 2058 tonsillis.
419 2017 456 2058 ex
472 1999 539 2058 oleo
558 1996 808 2056 haemorrhoidum
824 1999 897 2056 vitio
912 1996 1019 2056 iuiudit
1030 2005 1089 2060 145·

1 2098 3 2108 ’
46 2078 270 2158 Cleophantus,
286 2082 441 2158 lentigines
467 2099 505 2140 ex
521 2080 607 2142 melle
630 2080 764 2140 inlinens.
795 2079 919 2138 laudavit
934 2077 965 2138 et
982 2081 1038 2156 pro

46 2163 178 2224 antidoto
196 2173 297 2225 centra
323 2183 453 2238 venena,
485 2164 661 2242 pleuriticis,
696 2164 953 2242 peripleumonicis
979 2179 1038 2240 quo

1 2285 2 2293 .
46 2247 240 2306 tussientibus
254 2247 348 2306 modo.
373 2265 472 2306 semen
484 2249 611 2306 intritum
625 2265 688 2306 cum
704 2245 771 2306 oleo
789 2254 837 2306 aut
851 2263 977 2306 rosaceo
996 2248 1040 2304 iu-

1 2349 2 2352 *
47 2328 175 2389 funditur
202 2331 311 2390 aurium
336 2329 439 2390 dolori.
469 2329 614 2390 Dieuches
636 2330 842 2405 tussientibus,
865 2329 1037 2407 suspiriosis

19 2421 77 2470 net
105 2413 308 2490 orthopnoicis
338 2421 367 2472 et
397 2431 468 2490 pura
484 2412 704 2475 exscreautibus
727 2412 835 2471 farinae
864 2413 1039 2490 permixtum

47 2511 122 2571 pane
137 2503 224 2554 cocto
242 2495 327 2556 dedit.
360 2495 501 2556 Diodotus
519 2495 669 2572 phthisicis
692 2494 811 2554 emelle
833 2492 987 2570 ecligmate
1008 2501 1040 2550 et

47 2579 192 2654 pulmonis
204 2579 296 2654 vitiis,
307 2579 422 2640 ossibus
434 2581 519 2640 etiam
529 2580 627 2638 fractis
639 2572 775 2654 inposuit.
792 2584 891 2654 partus
899 2577 1023 2642 omnium
1031 2585 1083 2638 146

48 2661 211 2720 animalium
232 2662 359 2722 extrahit
380 2669 498 2721 naturae
523 2661 717 2721 circumlitum.
744 2678 829 2720 sucus
849 2658 955 2717 radicis
975 2675 1039 2716 cum

48 2744 134 2804 melle
151 2743 253 2803 Attico
271 2744 419 2804 oculorum
436 2745 586 2821 caligines,
600 2743 738 2802 stomachi
750 2743 820 2800 vitia
835 2741 964 2817 discutit,
981 2749 1041 2798 tus·

21 2829 102 2886 usim
123 2827 241 2888 decocti
263 2829 307 2888 ius
329 2846 393 2887 cum
417 2827 512 2888 melle.
544 2827 641 2886 ulcera
660 2827 781 2886 omnium
801 2841 959 2901 generum,
975 2825 1039 2884 sive

48 2909 257 2986 phagedaenae
278 2911 336 2970 sint
353 2912 415 2970 sive
435 2913 640 2984 carcinomata,
662 2911 725 2968 sive
744 2915 879 2984 serpant,
899 2909 964 2966 sive
986 2923 1040 2984 po-

49 2992 109 3070 lypi
124 2995 155 3050 in
169 2993 307 3069 naribus,
333 3011 418 3054 sucus
439 2995 510 3052 mire
531 3001 619 3052 sanat.
651 2991 878 3058 icliaambustis
895 2997 1018 3069 prosunt
1030 2999 1082 3053 14⁷

50 3093 89 3134 ex
102 3078 172 3134 vino
189 3083 219 3135 et
235 3076 305 3136 oleo
320 3085 410 3136 cocta.
444 3076 538 3135 alvom
552 3077 679 3134 inaniunt
695 3073 805 3134 exsule
822 3081 851 3132 et
869 3081 1038 3132 acetosum-

51 3167 115 3236 pta,
132 3167 163 3217 et
178 3159 283 3218 luxatis
297 3177 360 3218 cum
374 3159 460 3220 melle
476 3167 559 3218 cocta
571 3167 706 3234 prosunt,
722 3158 792 3218 item
806 3155 935 3216 articulis
950 3155 1040 3233 peda-

25 3243 139 3317 uguicis
154 3259 219 3302 eum
237 3241 297 3301 sale
312 3244 443 3302 recentia
458 3241 505 3302 vel
520 3243 604 3300 sicca.
636 3240 828 3318 Hippocrates
850 3237 989 3299 utralibet
1002 3237 1039 3296 ad

51 3324 243 3384 collectiones
260 3341 323 3384 cum
336 3323 423 3384 melle
434 3325 570 3402 inposuit.
599 3323 633 3382 ad
648 3341 763 3384 menses
779 3321 936 3382 trahendos
952 3322 1039 3380 serni-

53 3409 95 3466 nis
112 3408 162 3468 vel
183 3407 289 3468 radicis
311 3407 460 3468 drachmae
478 3407 551 3466 duae
573 3409 603 3465 iu
620 3407 677 3465 vini
700 3405 810 3480 cyatlnis
832 3405 946 3464 duobus
959 3403 1039 3463 sulii·
1111 3419 1113 3426 ·

54 3492 136 3550 ciunt.
167 3490 270 3550 eadem
286 3493 385 3569 petio,
401 3493 425 3550 si
441 3509 457 3550 a
471 3488 554 3567 partu
570 3507 627 3548 nou
646 3496 823 3566 purgentur,
845 3496 874 3546 et
894 3486 1038 3548 secundas
