2458 3906
260 262 338 310 nnn.
355 261 447 310 urse.
463 249 576 312 xmus.
592 259 677 315 6—7.
693 251 846 330 (ae-36.)
997 249 1059 311 17⁵

69 435 111 478 urs
121 416 306 495 suspendisse
319 416 491 496 abundeque
499 419 537 478 ita
544 419 648 496 profici
655 419 828 480 arbitrantur
835 436 872 478 ne
878 419 1055 497 germinent,

70 501 134 582 quod
148 500 247 561 facere
263 501 347 562 alium
364 518 524 581 cepamque
541 513 624 563 extra
638 513 745 563 terram
756 520 875 584 quoque
887 513 997 563 certum
1011 512 1057 562 est

70 596 93 646 et
111 584 251 645 cauliculo
272 595 339 647 nctc
362 603 551 647 evanescere.
580 587 669 666 aliqui
691 596 721 647 et
741 588 827 649 aliurn
843 587 928 666 palea
944 588 1055 666 servari

70 679 170 750 cptnnre
184 677 295 749 putant.
319 669 416 730 illium
429 678 475 731 est
487 673 557 730 etin
568 673 645 732 arvis
657 681 763 751 sponte
774 688 899 732 nascens
909 706 953 719 -
964 670 1039 731 alum
1048 680 1099 735 116

53 762 159 820 runcant
175 787 220 798 -
235 755 316 833 quod
332 754 473 815 aduersus
492 755 698 833 inprobitatem
722 751 819 816 alitum
837 755 1056 834 depascentium

70 838 162 900 senine
176 847 310 915 coctum,
332 855 369 898 ue
382 841 499 900 renasci
512 842 623 919 possit,
646 839 785 915 abicitur,
812 841 965 919 statimque
980 857 1056 918 quac

71 924 236 984 devoravere
250 941 322 984 ares
336 931 487 1002 stupentes
498 941 582 985 mann
595 926 746 1003 capiantur
758 933 798 1004 et,
813 924 838 984 si
851 924 967 1003 paulum
978 939 1056 984 com-

70 1025 183 1088 morere,
219 1009 346 1088 sopitae.
384 1018 429 1069 est
455 1017 484 1069 et
511 1009 648 1086 silvestre
676 1008 754 1088 quod
782 1009 908 1068 ursinum
940 1016 1056 1084 vocant,

72 1093 147 1154 odore
162 1093 265 1170 simili,
282 1093 379 1172 capite
394 1095 564 1171 praetenui,
579 1093 657 1153 foliis
672 1093 839 1171 grandibus.

48 1195 65 1235 u
119 1179 145 1236 7.
164 1176 251 1258 (35.)
271 1176 304 1236 ln
318 1177 403 1237 horto
413 1187 547 1239 satorum
563 1177 717 1238 celerrime
731 1185 888 1238 nascuntur
903 1176 1037 1250 ocimum,
1049 1182 1098 1240 117

72 1260 169 1338 blitum,
193 1279 307 1341 napus,
334 1280 431 1322 eruca.
461 1263 547 1322 tertio
576 1264 650 1322 enim
675 1261 722 1322 die
748 1269 917 1339 erumpunt,
943 1267 1057 1320 anetum

73 1355 173 1424 quarto,
197 1347 315 1407 lactuca
328 1346 444 1424 quinto,
466 1346 610 1426 raphanus
625 1355 728 1422 sexto,
747 1347 891 1421 cucumis,
908 1342 1057 1404 cucurbita

12 1465 15 1486 ι
73 1439 201 1508 septumo,
232 1432 316 1510 prior
340 1433 483 1507 cucumis,
514 1432 699 1507 nasturtium,
726 1431 820 1509 sinapi
848 1431 962 1509 quinto,
990 1427 1057 1488 beta

12 1550 17 1586 ι
73 1523 164 1575 aestate
175 1524 275 1591 sexto,
291 1515 386 1575 bieme
400 1514 533 1591 decumo,
549 1515 1059 1594 utriplexcctavo,cepaex1x.aut

12 1631 20 1673 t.
50 1611 133 1674 Μ,
152 1600 293 1677 gethyum
315 1599 438 1659 decumo
456 1609 503 1662 aut
519 1600 707 1678 duodecimo,
730 1599 927 1661 contumacius
945 1597 1057 1657 coriau-

12 1721 22 1778 p
74 1681 154 1759 drum,
178 1683 273 1744 cunila
292 1684 407 1762 quidem
424 1693 454 1744 et
468 1687 617 1763 origanum
633 1694 700 1764 post
715 1697 798 1744 xxx.
815 1682 906 1758 dienr,
934 1682 1058 1740 omniurn

12 1785 24 1844 [t
73 1775 151 1827 aurem
169 1768 342 1829 difficillime
361 1770 465 1847 apium.
494 1769 716 1849 quadragesimo
733 1769 807 1829 enim
822 1767 869 1828 die
886 1783 950 1826 cunr
965 1764 1059 1826 celer·

12 1845 21 1930 p
73 1851 143 1929 rime,
165 1853 406 1932 quiuquagesimo
424 1855 533 1914 maiore
549 1872 587 1913 ex
603 1863 686 1933 parte
701 1853 832 1930 emergit.
877 1849 995 1929 Aliquid
1011 1857 1041 1909 et
1051 1858 1102 1913 118

74 1938 192 1998 seminum
219 1944 304 1998 aetas
329 1938 458 2013 confert,
486 1939 621 2018 quoniam
642 1939 773 1998 recentia
787 1938 924 1997 maturius
939 1936 1060 2012 gignunt

26 2043 27 2048 ¹
51 2021 194 2099 ninpcrro,
205 2022 334 2102 gethyo,
351 2024 473 2098 cucumi,
489 2022 650 2099 cucurbita,
664 2040 703 2081 ex
713 2031 816 2082 vetere
828 2029 922 2082 autem
933 2019 1059 2080 celerius

14 2132 17 2142 ·
75 2108 229 2181 proueniunt
244 2108 351 2184 apium,
366 2105 444 2182 beta,
460 2106 633 2182 cardamnm,
650 2107 756 2182 cunila,
771 2106 930 2184 origanum,
947 2103 1059 2164 corian-

13 2236 34 2264 .,
74 2187 145 2249 dnum
173 2191 277 2251 mirum
296 2192 324 2250 in
344 2190 432 2266 betae
454 2192 579 2264 semine,
606 2209 664 2251 non
687 2193 762 2250 euim
783 2199 844 2250 tota
866 2189 970 2249 eodem
985 2203 1059 2248 anuo

13 2265 24 2358 p
74 2273 163 2351 giguit,
187 2275 242 2336 scd
257 2274 366 2354 aliquid
382 2285 538 2355 sequente,
559 2275 667 2354 aliquid
683 2284 713 2335 et
725 2275 822 2336 tertio.
843 2276 941 2353 itaque
957 2290 995 2332 ex
1010 2289 1060 2331 co·

26 2381 35 2393 ·’
75 2358 112 2433 pia
130 2361 246 2420 seminis
266 2359 380 2420 modice
403 2362 541 2420 nuscitur.
573 2361 715 2439 quaedam
730 2377 805 2419 auno
819 2366 926 2419 tanturn
941 2373 995 2416 suc
1010 2373 1061 2435 pa·

74 2442 299 2524 riunt,quaeda1n
314 2445 444 2522 saepius,
460 2446 535 2504 sicut
550 2445 656 2524 apium,
673 2461 801 2522 porrum,
816 2441 967 2520 gethyum,
986 2439 1061 2500 baec

14 2519 18 2530 '
75 2529 134 2587 enim
147 2528 239 2590 semel
254 2536 317 2588 sata
332 2528 464 2608 pluribus
478 2530 560 2589 annis
574 2527 698 2589 restibili
714 2528 862 2589 fertilitate
878 2526 1060 2604 proveniunt.

41 2630 44 2686 ζ
123 2611 202 2693 (36.)
223 2613 341 2675 Semina
355 2612 494 2692 plurumis
508 2614 645 2689 rotunda,
662 2612 766 2692 aliquis
782 2610 926 2687 oblonga,
943 2608 1104 2688 paucisll9

75 2693 182 2759 icliacea
198 2707 228 2759 et
243 2698 318 2773 lata,
340 2707 370 2756 ut
385 2697 525 2775 atriplici,
550 2697 721 2777 quibusdam
737 2703 857 2774 ungusta
874 2702 903 2754 et
917 2692 1060 2754 canalicu-

15 2833 20 2854 ‚
76 2777 135 2856 tata,
154 2792 184 2842 ut
206 2783 331 2844 cumino.
354 2781 489 2842 differunt
504 2791 534 2842 et
549 2782 652 2843 colore
668 2783 751 2860 nigro
768 2778 966 2857 candidoque,
993 2779 1062 2837 item

15 2862 32 2960 ip
77 2862 162 2926 duritie
182 2865 365 2928 surculacea.
392 2867 420 2926 in
442 2866 577 2928 folliculo
595 2876 660 2926 sunt
673 2866 821 2945 raphano,
846 2864 956 2942 sinapi,
977 2878 1060 2940 rapo.

21 2988 36 3042 e,
77 2949 162 3010 nudum
179 2969 281 3012 semen
296 2952 360 3030 api,
378 2952 540 3030 coriandri,
559 2951 651 3026 aucti,
668 2949 798 3026 feniculi,
818 2949 932 3023 cumini,
950 2949 1062 3007 cortice

18 3067 33 3129 si
78 3029 213 3096 obductum
230 3035 311 3112 bliti‚
333 3035 437 3112 betae,
460 3035 617 3114 atriplicis,
634 3037 736 3110 ocimi,
757 3043 785 3094 at
800 3032 921 3094 lactucis
936 3033 965 3090 iu
983 3032 1061 3092 lunu-

17 3166 42 3216 m,
77 3118 139 3194 gine.
168 3119 245 3181 Nihil
261 3121 357 3180 ocimo
372 3119 535 3181 fecundius.
560 3138 624 3180 cum
638 3117 800 3179 maledictis
819 3135 853 3178 uc
868 3115 984 3197 probris
999 3133 1045 3174 se·
1055 3124 1105 3177 120

77 3203 178 3265 rendum
199 3205 383 3286 praecipiunt
397 3212 428 3264 ut
443 3204 547 3264 laetius
566 3205 733 3283 proveniat,
762 3211 826 3262 sato
844 3203 958 3281 pavitur
973 3209 1062 3273 terre,

17 3298 18 3302 ’
78 3293 101 3346 ut
112 3293 245 3350 cuminum
262 3290 310 3368 qui
325 3296 427 3348 serunt
442 3298 598 3368 precantur
613 3306 650 3347 ne
667 3296 763 3348 exeat.
811 3285 894 3360 Quae
908 3286 937 3344 in
952 3284 1063 3344 cortice

17 3439 18 3446 p
78 3382 130 3432 sunt
145 3373 314 3435 difficillime
328 3375 505 3450 inarescunt,
521 3390 712 3453 maxumeque
727 3373 860 3447 ocimum,
880 3377 910 3430 et
925 3368 992 3429 ideo
1007 3367 1063 3426 sic·

17 3447 19 3474 ¹
79 3467 162 3519 cantur
187 3460 281 3520 omniu
308 3477 344 3519 ec
368 3467 435 3518 sunt
460 3458 594 3522 fecunda.
627 3460 727 3537 utique
756 3455 877 3516 meliora
908 3460 1065 3513 nascuntur

78 3545 218 3606 annatim
243 3553 307 3606 sato
334 3543 446 3606 semme
472 3557 557 3622 quam
580 3559 695 3622 sparso.
725 3543 765 3602 ita
790 3547 871 3601 certe
894 3553 1012 3617 porrum
1036 3543 1065 3595 et
