2458 3906
344 244 425 292 usu.
442 243 534 293 msc.
550 243 664 291 xvmt.
680 241 707 294 r.
728 226 878 315 (rs-nu.)
1062 231 1121 293 165

111 401 241 463 clamore
262 398 360 481 plebis
374 400 531 461 incusantis
545 398 622 480 apud
639 400 732 460 omnis
744 400 901 480 principes,
916 398 1011 460 donec
1021 403 1119 460 remis·

111 505 172 547 sum
192 493 239 545 est
262 486 425 564 portorium
448 485 555 545 mercis
575 483 667 544 buius.
705 493 933 564 conpertumque
956 502 1013 544 uon
1037 485 1121 544 aliter

111 570 315 651 quaestuosius
331 585 448 630 censum
462 566 563 629 baberi
576 577 625 628 aut
635 569 723 629 tutius
735 587 770 628 ac
781 571 892 629 minore
903 569 1037 629 fortunae
1048 571 1119 629 iure.

110 672 176 716 cum
191 653 329 714 credatur
343 655 447 733 pensio
463 671 499 714 ea
515 670 683 732 pauperum.
714 651 800 712 bisin
817 653 881 713 solo
895 670 1022 732 sponsor
1034 662 1119 713 estet

89 739 164 800 csub
186 738 234 798 die
258 737 368 798 reditus
394 738 625 818 superficiesque
654 735 738 797 caelo
769 754 951 816 quocumque
977 737 1117 814 gaudens.

112 823 153 904 [el
169 822 328 884 llortorum
350 820 423 883 (lato
441 819 590 902 praedicat
610 821 709 882 caulis.
739 820 807 881 hinc
827 822 948 900 primurn
971 821 1160 897 agricolaetl

110 905 301 968 aestimabant
313 908 412 985 prisci,
427 915 457 967 et
468 908 511 966 sic
524 906 618 967 statim
629 903 775 966 iaciebant
786 905 919 965 iudicium
931 922 1054 984 nequam
1072 924 1118 966 es·

109 1010 142 1052 se
154 995 183 1053 iu
195 991 285 1052 domo
296 1000 416 1051 matrem
429 990 552 1052 familias
566 1021 609 1036 —-
620 990 724 1050 etenim
735 989 810 1050 baec
823 1007 891 1050 cura
904 989 1028 1050 feminae
1041 989 1118 1050 dice·

110 1076 194 1137 batur
207 1109 252 1123 -
274 1075 324 1136 ubi
344 1074 499 1154 indiligens
514 1083 595 1134 esset
615 1073 734 1150 hortus,
755 1075 863 1154 quippe
888 1091 904 1133 e
921 1075 1053 1134 carnario
1072 1082 1119 1134 aut

77 1181 101 1222 to
109 1160 236 1222 macello
258 1159 411 1220 vivendum
432 1178 509 1220 erse.
525 1237 529 1244 ²
543 1177 600 1219 nec
617 1158 708 1218 caulis
728 1167 758 1217 ut
778 1177 853 1218 nunc
867 1175 997 1218 maxume
1013 1157 1118 1237 proba·

109 1245 189 1321 bant,
206 1244 375 1305 damnantes
393 1244 583 1323 pulmentaria
606 1259 681 1321 quae
701 1251 824 1320 egerent
840 1243 900 1302 alio
916 1242 1117 1320 pulmentario.

110 1329 138 1389 id
153 1337 218 1389 erat
233 1328 302 1389 oleo
319 1345 534 1407 perueneram
549 1329 614 1405 gari
635 1325 779 1387 desideria
802 1328 887 1390 etiarn
898 1329 937 1386 ‘iu
957 1326 1118 1405 exprobra-

111 1415 190 1473 tione
206 1421 299 1472 erant.
332 1411 409 1473 borti
430 1429 562 1473 maxume
577 1409 732 1490 placebant
748 1428 822 1489 quae
837 1428 894 1472 uon
915 1418 1038 1488 egerent
1059 1409 1160 1488 ignite

111 1505 328 1577 parcerentque
344 1496 442 1575 ligno,
458 1496 595 1575 expedita
609 1513 658 1554 res
675 1502 704 1554 et
720 1503 820 1574 parata
841 1512 972 1574 semper,
994 1494 1068 1555 unde
1090 1503 1120 1553 et

79 1583 238 1642 ruacetaria
259 1581 458 1660 appellantur,
481 1580 578 1641 facilia
592 1579 737 1658 concoqui
753 1597 809 1638 nec
832 1588 984 1640 oneratura
1004 1597 1119 1638 sensum

110 1665 195 1742 cibo,
220 1673 250 1724 et
271 1681 346 1743 quae
366 1666 490 1726 minume
510 1662 705 1724 accenderent
727 1661 899 1723 desiderium
921 1665 1012 1742 panis.
1050 1681 1119 1741 pars

110 1767 211 1812 eorum
232 1737 274 1808 ad
289 1748 470 1809 condimenta
493 1749 642 1827 pertinens
664 1747 770 1807 latetur
791 1745 868 1807 dorni
889 1765 1037 1807 versuram
1057 1747 1120 1807 fieri

110 1834 242 1909 solitam,
269 1841 355 1911 atque
375 1851 433 1893 nou
454 1832 581 1892 lodicum
604 1832 689 1912 piper
710 1833 869 1911 quaesituro
887 1849 1020 1911 quaeque
1040 1839 1119 1890 trans

109 1920 199 1978 maria
217 1917 352 1996 petimus.
383 1919 438 1978 iarn
456 1918 484 1978 in
498 1916 634 1977 fenestris
649 1916 708 1976 suis
725 1915 810 1994 plebs
822 1915 930 1977 urbana
945 1917 973 1975 iu
994 1917 1119 1994 imagine
1126 1923 1160 1980 59

76 2002 261 2063 sobortorum
283 2001 427 2062 cotidiana
444 2000 537 2061 oculis
554 2019 621 2061 rura
641 1999 835 2079 praebebant,
859 2009 1010 2079 antequam
1036 2018 1117 2078 prae·

109 2085 160 2164 ligi
175 2095 353 2164 prospectus
368 2086 461 2146 omnis
475 2087 574 2163 coegit
587 2084 773 2146 multitudiuis
787 2086 952 2145 innumerae
975 2102 1063 2145 saeva
1078 2084 1117 2145 la·
1200 2143 1202 2146 .

108 2171 276 2232 trocinatio.
308 2168 495 2249 quamobrem
511 2171 548 2228 sit
564 2169 668 2249 aliquis
685 2177 714 2228 et
728 2168 772 2228 bis
787 2168 900 2245 bonos,
920 2187 995 2228 neve
1020 2177 1119 2228 aucto·

108 2255 223 2315 ritatem
238 2253 328 2314 rebus
342 2254 438 2314 vilitas
454 2252 568 2330 adimat,
584 2270 648 2313 cum
663 2253 835 2331 praesertim
849 2255 934 2314 etiam
946 2254 1119 2330 cognomina

108 2355 266 2418 procerum
282 2338 427 2399 indenata
444 2337 601 2414 videamus,
617 2337 847 2416 Lactucinosque
863 2338 891 2397 in
906 2336 1024 2398 Valeria
1039 2336 1119 2397 iami-

75 2444 100 2486 rc
110 2423 149 2483 lia
163 2439 224 2482 non
239 2422 377 2501 puduisse
391 2421 549 2502 appellari,
573 2430 602 2481 et
617 2422 766 2498 contingat
781 2421 875 2501 aliqua
897 2421 990 2499 gratia
1009 2437 1119 2499 operae

109 2524 258 2585 curaeque
273 2515 392 2568 nostrae
407 2506 541 2584 Vergilio
559 2522 676 2585 quoque
695 2504 832 2567 coniesso
847 2522 931 2585 quam
947 2505 984 2564 sit
999 2504 1119 2564 difficile

108 2591 269 2652 verborum
288 2590 428 2652 bonorem
443 2599 499 2652 tam
518 2591 616 2668 parvis
632 2588 799 2668 perbibere.

174 2674 262 2756 (20.)
280 2674 390 2736 Hortos
406 2675 495 2735 villae
509 2673 671 2752 iungendos
686 2691 744 2734 nou
764 2682 808 2733 est
829 2672 942 2733 dubium
960 2675 1161 2750 riguosquetto

110 2777 244 2821 maxume
259 2759 421 2837 habendos,
437 2760 462 2819 si
480 2759 647 2836 contingat,
667 2757 799 2836 praefluo
814 2775 913 2835 amne,
936 2758 1083 2834 siminus,
1101 2775 1119 2817 e

75 2869 101 2911 sn
111 2853 200 2924 puteo
215 2853 280 2904 rota
296 2846 452 2921 organisve
468 2843 657 2922 pneumaticis
672 2841 719 2901 vel
736 2841 914 2902 tollenonum
927 2840 1029 2902 haustu
1042 2842 1117 2919 riga·

111 2939 167 2989 tos.
204 2928 299 2988 solum
316 2928 559 3007 proscindendum
581 2945 596 2987 a
617 2926 736 2987 favonio
760 2927 789 2984 in
814 2936 974 2986 autumnum
995 2944 1118 3006 praepa·

109 3012 239 3074 rantibus
256 3020 324 3091 post
340 3024 419 3073 X1111
437 3012 499 3072 dies
517 3010 734 3088 iterandumque
750 3018 815 3070 aute
827 3009 964 3072 brumam.
997 3019 1064 3070 octo
1078 3013 1117 3070 iu·

109 3115 211 3175 gerum
227 3097 328 3175 operis
342 3095 434 3176 palari
450 3097 553 3156 iustum
564 3104 619 3172 est,
634 3095 728 3154 limum
743 3095 795 3154 tris
810 3095 902 3174 pedes
913 3096 972 3156 alte
985 3113 1048 3154 curn
1061 3104 1117 3154 ter·

109 3199 141 3241 ra
155 3182 288 3258 misceri,
306 3182 383 3242 areis
399 3180 533 3257 distingui
548 3197 657 3259 easque
671 3180 815 3257 resupinis
830 3180 1013 3260 pulvinorum
1035 3181 1118 3255 toris,

75 3265 211 3327 suambiri
233 3265 365 3343 singulas
389 3266 529 3326 tramitum
550 3263 717 3342 sulcisque
737 3261 820 3323 detur
847 3281 985 3324 accessus
1011 3262 1118 3322 bomini

1 3350 2 3362 ¹
110 3349 314 3428 scatebrisque
333 3348 482 3410 decursus.

171 3435 259 3516 (21.)
282 3433 315 3494 ln
333 3433 425 3494 bortis
440 3433 617 3495 nascentium
632 3431 688 3492 alia
703 3430 792 3491 bulbo
806 3431 1049 3509 commendantur,
1062 3431 1117 3491 alia

111 3519 220 3599 capite,
237 3519 296 3580 alia
313 3518 413 3598 caule,
435 3518 490 3579 alia
505 3517 592 3596 lolio,
616 3517 672 3577 alia
691 3525 831 3595 utroque,
857 3516 912 3576 alia
926 3517 1047 3595 semine,
1061 3516 1116 3576 alia
