2430 3896
202 237 243 299 36
563 246 593 294 o.
617 246 713 294 romu
736 245 885 294 saouunr

162 413 213 468 195
274 404 358 483 (76.)
375 403 415 481 [1]
425 402 532 463 baricis
546 412 576 463 et
586 403 677 478 magis
688 402 791 462 abietis
807 402 928 460 succisis
941 419 1022 461 umor
1032 401 1080 461 diu
1093 401 1201 462 defluit.

203 487 259 548 bae
276 491 399 546 omnium
411 487 545 546 arborum
559 487 715 548 altissimae
730 505 764 546 ac
780 485 969 546 rectissimae.
996 485 1111 546 navium
1123 485 1203 544 malis

205 572 403 650 antemnisque
422 581 544 650 propter
564 571 711 631 levitatem
731 569 895 649 praefertur
916 569 1008 631 abies.
1044 569 1203 629 communia

204 655 249 715 his
277 657 403 734 plnoque
427 665 457 714 ut
489 655 714 733 quadripertitos
742 672 880 713 venarum
906 672 1007 714 cursus
1038 653 1203 731 bifidosque

199 739 331 800 'habeant
351 739 400 798 vel
422 741 535 800 omnino
557 739 707 817 simplicis.
740 739 888 798 fabrorum
910 739 939 798 in
959 737 1093 798 intestina
1116 753 1204 815 opera

206 823 333 884 medulla
350 824 471 883 sectilis.
501 833 617 902 optuma
634 823 850 901 quadripertitis
874 823 1009 882 materies
1037 831 1066 880 et
1090 821 1203 880 mollior

164 917 215 972 196
228 926 311 986 quarn
325 917 452 968 ceterae.
477 908 642 968 intellectus
657 909 684 966 in
694 907 943 984 corticeprotinus
957 906 1067 984 peritis.
1093 903 1203 964 Abietis

163 1014 197 1050 aaa
208 1011 281 1070 quae
297 1010 364 1071 pars
380 1011 396 1051 a
413 1000 492 1052 terra
508 991 560 1052 fuit
578 990 679 1050 enodis
696 1000 750 1050 est.
781 990 855 1050 haec
876 1009 931 1070 qua
956 990 1079 1050 diximus
1094 990 1203 1048 ratione

97 1093 99 1098 ·
205 1077 322 1136 fluviata
337 1076 533 1136 decora-icatur
543 1084 629 1154 atque
644 1075 682 1134 ita
695 1076 832 1154 sappinus
844 1083 975 1148 vocatur,
989 1073 1130 1152 superior
1141 1090 1204 1151 pars

204 1161 317 1221 nodosa
332 1161 487 1238 duriorque
504 1161 642 1220 fusterna.
672 1168 701 1218 et
712 1160 740 1218 in
754 1159 825 1238 ipsis
838 1167 932 1218 autem
947 1157 1106 1217 arboribus
1122 1156 1202 1216 robu-

206 1247 313 1305 stiores
328 1245 492 1322 aquiloniae
506 1255 622 1324 partes,
647 1253 675 1303 et
699 1245 727 1303 iu
748 1252 837 1303 totum
857 1241 1021 1302 deteriores
1047 1261 1090 1302 ex
1107 1240 1204 1300 umidis

206 1330 381 1408 opacisque,
405 1330 561 1407 spissiores
585 1348 623 1389 ex
640 1329 746 1406 apricis
761 1346 796 1388 ac
814 1327 973 1387 diuturnae.
1007 1327 1078 1386 ideo
1099 1325 1204 1384 Romae

164 1423 215 1480 197
227 1413 352 1472 infernas
369 1413 449 1473 abies
465 1415 612 1492 supernati
626 1413 797 1491 praefertur.
824 1410 876 1474 Est
886 1429 940 1490 per
950 1429 983 1471 se
995 1411 1129 1487 gentium
1139 1426 1203 1487 quo·

206 1515 263 1578 que
279 1498 306 1556 in
322 1497 365 1556 bis
382 1497 552 1558 differentia.
583 1497 708 1576 Alpibus
723 1496 956 1575 Appenninoque
977 1495 1202 1566 laudatissimae,

205 1584 233 1640 in
255 1580 363 1656 Gallia,
385 1581 498 1641 laribus
520 1601 555 1642 ac
576 1591 673 1641 monte
694 1580 832 1658 vosego,
856 1581 884 1640 in
901 1577 1039 1653 Corsica,
1061 1577 1203 1653 Bithynia,

206 1667 308 1742 Ponto,
328 1664 508 1726 Macedonia.
536 1667 666 1726 deterior
680 1665 839 1725 Aeneatica
856 1672 886 1723 et
895 1663 1051 1738 Arcadica,
1071 1677 1203 1741 pessuma

205 1751 342 1810 Parnasia
358 1759 387 1809 et
403 1748 543 1826 Euboica,
556 1751 690 1830 quoniam
700 1766 831 1808 ramosae
846 1747 886 1808 ibi
898 1757 927 1809 et
939 1755 1095 1807 contortae
1112 1756 1202 1826 putre·

206 1843 383 1910 scentesque
400 1833 496 1893 facile.
527 1844 555 1893 at
572 1834 676 1893 cedrus
692 1831 826 1908 increta,
842 1830 954 1908 Africa,
968 1833 1052 1908 Syria
1070 1831 1201 1892 laudatis-

206 1919 287 1976 sima.
318 1916 399 1976 cedri
414 1917 482 1976 oleo
498 1926 638 1995 peruncta
658 1918 793 1976 materies
817 1934 874 1978 nec
894 1917 999 1977 tineam
1019 1934 1080 1976 nec
1103 1916 1203 1976 cariem

165 2002 321 2065 198sentit.
357 1999 483 2078 lunipiro
508 2000 609 2060 eadem
629 2001 719 2061 virtus
741 2018 816 2080 quae
839 2000 938 2061 cedro.
975 2009 1059 2060 vasta
1084 1999 1205 2078 baecin

206 2085 343 2162 Hispania
358 2102 548 2163 maxumeque
564 2084 718 2145 Vaccaeis.
747 2084 872 2145 medulla
889 2085 950 2144 eius
965 2083 1144 2164 ubicumque
1162 2097 1201 2142 so·

205 2169 292 2228 lidior
312 2168 398 2228 etiam
418 2187 502 2247 quam
524 2167 637 2228 cedrus.
677 2167 824 2228 Publicum
843 2171 964 2228 omniurn
981 2169 1083 2229 vitium
1106 2173 1203 2228 vocant

207 2251 388 2333 spiras„ubi
405 2253 582 2313 convolvere
599 2270 739 2312 serenae
762 2261 848 2331 atque
864 2252 941 2312 nodi.
974 2254 1160 2313 inveniuntur
1179 2250 1203 2308 in

206 2335 392 2414 quibusdam,
417 2338 491 2397 sicut
513 2337 542 2396 iu
561 2353 719 2412 marmore,
742 2345 858 2412 centra,
879 2337 907 2396 id
928 2345 973 2397 est
993 2335 1100 2396 duritia
1125 2337 1202 2396 clavo

206 2420 324 2497 similis,
346 2422 458 2481 inimica
476 2421 576 2481 serris.
606 2429 635 2479 et
651 2420 790 2498 quaedam
809 2420 886 2481 forte
904 2421 1037 2483 accidunt
1057 2421 1089 2480 in
1112 2417 1205 2498 lapide,

207 2505 411 2584 conprehensa
430 2513 478 2564 aut
492 2513 614 2581 recepto
629 2505 657 2564 iu
674 2521 779 2582 corpus
795 2515 843 2565 aut
858 2505 977 2565 alterius
988 2504 1107 2565 arboris
1119 2519 1202 2564 ramo.

164 2589 269 2667 199121
294 2588 421 2666 Megaris
444 2587 491 2647 diu
514 2588 593 2647 stetit
614 2588 743 2648 oleaster
763 2589 791 2647 in
811 2588 894 2666 foro,
916 2591 962 2648 cui
977 2590 1031 2648 viri
1045 2589 1145 2649 fortes
1162 2585 1203 2647 ad·

207 2673 330 2732 fixerant
351 2689 444 2746 arma,
472 2688 546 2749 quae
570 2673 680 2732 cortice
703 2671 845 2733 ambiente
864 2671 945 2734 abtas
965 2673 1053 2751 longa
1078 2671 1203 2733 occulta·

206 2766 303 2830 verat,
331 2755 441 2834 fuitque
463 2755 552 2815 arbor
577 2756 626 2816 illa
650 2755 744 2816 fatalis
769 2757 883 2817 excidio
911 2757 990 2817 urbis
1016 2755 1204 2836 praemonitis

207 2840 346 2915 oraculo,
370 2857 433 2898 curn
449 2839 536 2899 arbor
551 2857 629 2901 arma
647 2841 827 2919 peperisset,
855 2842 933 2921 quod
950 2843 1086 2903 succisae
1103 2835 1205 2906 accidit

206 2925 303 2983 ocreis
323 2923 477 3003 galeisque
499 2925 573 2984 intus
588 2926 723 3004 repertis.
754 2923 861 2986 Ferunt
877 2926 989 3005 lapides
1008 2927 1048 2986 ita
1070 2929 1203 2986 inventos

162 3017 215 3072 200
227 3008 263 3068 ad
284 3008 473 3068 continendos
490 3018 589 3088 partus
613 3027 681 3069 esse
702 3009 842 3070 remedio.
872 3011 923 3072 40.
951 3011 1144 3089 Amplissima
1164 3026 1202 3068 ar·

204 3093 307 3152 borum
329 3093 363 3153 ad
388 3093 445 3152 hoc
466 3095 530 3154 aevi
554 3094 730 3154 existimatur
754 3092 864 3154 Romae
889 3095 952 3155 visa
974 3113 1059 3174 quam
1082 3103 1205 3175 propter

204 3176 372 3239 miraculum
397 3176 529 3236 Tiberius
555 3177 666 3238 Caesar
695 3179 723 3236 in
746 3177 850 3238 eodem
876 3189 964 3258 ponte
988 3178 1204 3240 naumachiario

206 3269 384 3340 exposuerat
410 3261 560 3321 advectam
588 3279 651 3321 cum
679 3261 790 3340 reliqua
812 3265 948 3341 materie,
975 3263 1152 3344 duravitque
1173 3259 1205 3322 ad

203 3343 328 3406 Neronis
343 3346 481 3424 principis
497 3345 744 3424 amphitheatrum.
774 3346 827 3406 fuit
839 3356 933 3408 autem
949 3347 1048 3408 trabes
1065 3367 1082 3408 e
1102 3348 1203 3420 larice,

205 3428 292 3506 longa
308 3428 400 3508 pedes
415 3441 485 3490 cxx
499 3429 628 3508 bipedali
644 3429 832 3490 crassitudine
848 3431 993 3511 aequalis,
1015 3450 1073 3511 quo
1090 3431 1202 3492 intelle·

204 3512 328 3587 gebatur
342 3514 392 3573 vix
408 3512 556 3574 credibilis
571 3512 684 3591 reliqua
701 3513 820 3574 altitudo
841 3515 985 3594 fastigium
1008 3516 1045 3578 ad
1064 3531 1204 3578 cacumen
