2370 3922
201 271 242 330 44
555 281 585 330 c.
597 282 693 329 ιιιιιι
709 279 858 328 succum

159 445 195 499 of
267 434 344 512 (36.)
375 433 520 513 iunipirus
540 435 589 495 vel
610 443 677 495 anto
699 443 798 496 cetera
815 435 908 494 omnia
925 431 1098 507 excalfacit,
1111 425 1166 492 em

202 527 280 594 nnat,
296 520 386 577 cedro
402 517 472 578 alias
491 519 601 578 similis
632 528 662 578 et
676 519 759 578 huius
773 517 830 577 duo
847 535 968 594 genera,
985 515 1080 574 altera
1093 516 1166 574 maloi

202 601 293 661 altera
309 603 423 661 minnta
454 611 574 680 utraque
596 619 716 661 accensa
737 603 884 679 serpentis
896 602 986 677 fugat
1023 615 1121 657 semen
1134 605 1166 656 stu

201 684 291 744 machi
302 687 468 762 ,pectoris
485 683 585 746 lateris
600 685 750 745 doloribus
764 685 843 744 utile.
881 683 1052 743 inflationes
1069 680 1166 758 algoret

159 781 260 845 obque
278 728 411 844 discutit,
434 769 522 828 tussis
545 770 701 868 concoquit
721 776 751 829 et
775 769 902 828 duritias
933 766 1051 826 inlitum
1071 761 1166 850 tumori

203 853 295 926 sistit,
310 853 379 910 item
394 851 488 910 alvom
506 852 583 910 bacis
599 854 731 928 exnigro
746 854 814 911 vino
830 853 927 930 potis,
942 852 1017 910 item
1031 848 1138 908 ventris

201 950 299 994 mores
324 934 423 993 inlitis.
455 936 593 995 miscetur
621 944 651 995 et
667 935 803 995 antidotis
822 935 984 1013 oxyporis,
1014 933 1113 990 umuas
1129 931 1150 989 ci

202 1018 331 1077 inlinitur
349 1026 379 1076 et
395 1018 510 1076 oculis
501 1037 530 1076 ιιι
546 1017 704 1096 epiphoris.
736 1019 818 1078 datur
833 1017 1003 1092 convolsis,
1021 1017 1126 1092 ruptis,

202 1101 337 1178 minibus,
355 1101 461 1177 volvis,
479 1101 644 1160 ischiadicis
662 1119 723 1162 oum
737 1104 806 1160 vino
818 1101 886 1160 albo
901 1108 1005 1178 potum
1018 1097 1118 1176 pilulis
1150 1162 1154 1171 Α

202 1187 294 1244 ternis
321 1192 368 1243 aut
391 1183 521 1244 decoctis
542 1187 645 1261 viginti
661 1187 690 1243 in
704 1187 782 1244 vino.
815 1193 881 1244 sunt
902 1185 950 1260 qui
967 1190 1002 1242 et
1017 1198 1114 1259 perun

202 1284 309 1345 corpus
326 1286 343 1326 e
359 1269 470 1330 semine
485 1269 548 1326 eius
563 1271 592 1327 in
607 1271 784 1346 serpentium
795 1271 878 1327 ictus.
1164 1309 1166 1328 ι

159 1361 194 1415 56
266 1350 294 1410 9.
313 1350 395 1428 (37.)
424 1350 527 1410 Salicis
539 1351 646 1410 fructus
659 1360 725 1411 ante
736 1353 928 1410 maturitatem
939 1351 968 1409 in
982 1329 1166 1582 araneam}

202 1433 272 1509 sed,
299 1432 328 1493 si'
350 1435 430 1511 prius
456 1433 637 1511 colligatur,¹
657 1437 824 1511 sanguinem
848 1433 1046 1492 reicientibus
1073 1430 1140 1508 prod

202 1517 320 1575 corticis
343 1537 359 1576 e
384 1519 469 1575 ramis
490 1520 589 1596 primis
607 1519 679 1576 cinis
708 1517 820 1577 clavom
845 1525 875 1576 et
896 1516 1000 1575 callum
1021 1532 1097 1593 aqua
1113 1515 1144 1570 mi

202 1609 291 1659 sanat.
327 1601 397 1660 vitia
412 1602 511 1659 cntis'
503 1619 532 1660 m
547 1601 621 1660 facie
638 1601 770 1661 emendat
777 1603 894 1678 ,magis
906 1599 1039 1658 admixto
1053 1613 1145 1657 sucos

159 1693 192 1749 57
205 1693 251 1742 est
268 1691 363 1743 autem
379 1682 426 1742 hic
440 1685 524 1742 trium
538 1702 693 1783 generum:
708 1703 791 1743 unum
806 1684 917 1744 arbor'
909 1699 971 1761 ipsa
989 1680 1138 1742 exsudatc

176 1767 289 1825 mium
305 1767 409 1842 modo,
425 1767 669 1827 alteromanntin
687 1766 862 1846 plaga‚cum
882 1765 987 1843 floret,
1014 1766 1117 1825 exciso

202 1852 260 1908 tice
281 1851 364 1909 trium
389 1809 544 1926 digitorum
566 1851 767 1928 magnitudine.
800 1851 847 1910 bic
867 1850 901 1909 ad
921 1846 1112 1926 expurganda

203 1932 323 1991 obstent
340 1932 443 2008 oculis,
457 1935 527 1993 item
541 1933 576 1993 ad
588 1934 736 2011 spissanda
752 1951 825 2010 quae
838 1951 911 2011 opus
927 1940 995 1990 sunt
1012 1929 1137 1991 ciendam

201 2017 311 2072 urinam
330 2021 360 2074 et
376 2015 411 2072 ad
429 2019 521 2074 omnis
542 2015 735 2076 collectiones
757 2020 833 2076 intus
857 2015 1064 2075 extrahendas.
1096 2009 1154 2071 terti

202 2115 288 2156 sucus
310 2106 356 2155 cst
377 2096 596 2159 detruncatione
619 2118 760 2159 ramorum
780 2118 797 2159 a
818 2099 893 2158 falce
909 2097 1073 2158 destillans.
1102 2112 1134 2154 ex

202 2196 275 2256 ergo
296 2180 399 2257 aliquis
420 2197 483 2238 cnm
507 2199 631 2242 rosaceo
646 2186 675 2242 in
698 2183 797 2259 calyce
815 2183 909 2260 punici
926 2179 1068 2240 calfactus
1083 2177 1137 2238 auri

201 2261 375 2339 infunditur,
393 2261 463 2321 folia
479 2273 562 2324 cocta
575 2275 604 2325 et
620 2283 683 2325 cum
694 2284 761 2326 cera
777 2269 843 2326 trita
857 2267 1047 2342 inponuntur,
1063 2264 1126 2321 item

158 2355 193 2409 58
204 2345 338 2421 dagricis
366 2347 477 2405 cortice
494 2356 523 2406 et
539 2349 642 2408 foliis'
634 2369 663 2408 m
678 2351 746 2408 vino
761 2350 889 2409 decoctis
905 2347 1002 2406 foveri
1019 2327 1165 2418 nervosntf

201 2427 346 2528 lissimum,
376 2428 430 2488 dos
446 2431 530 2490 tuitus
546 2451 608 2491 cnm
622 2432 701 2491 foliis
716 2432 776 2491 lurl
775 2451 842 2491 ures
858 2439 963 2510 purgat
984 2433 1014 2490 in
1036 2423 1164 2489 facieff

201 2598 231 2654 in
255 2604 346 2655 totum
367 2596 500 2656 auferunt
521 2617 602 2657 usum
622 2602 738 2676 saepius
759 2605 878 2677 sumpta
913 2596 1073 2656 hmcrinae
1095 2573 1164 2668 ninii

159 2697 302 2906 591semen
317 2699 379 2739 cum
391 2697 488 2757 spuma
503 2678 617 2758 argenti
633 2685 694 2759 pari
709 2683 838 2761 pondere
856 2699 872 2740 a
893 2680 1000 2739 balneo
1013 2679 1119 2739 inlitum
1130 2671 1164 2754 pul

213 2769 306 2820 otrum
322 2773 375 2822 est

175 2844 345 2923 9-.(38)
375 2847 440 2908 Nou
458 2845 574 2905 multum
591 2865 606 2905 a
624 2846 713 2907 salice
728 2848 851 2906 vitilium
866 2865 919 2907 usu
932 2850 1021 2909 distat
1036 2847 1125 2916 vitex,
1138 2819 1163 2897 ol

159 2855 304 2983 5liorum
331 2945 446 3008 quoque
467 2932 622 3008 adspectu,
647 2932 700 2989 nisi
722 2931 814 2991 odore
838 2933 951 3007 gratior
971 2939 1061 2992 esset
1090 2905 1163 2984 Grttl

201 3006 291 3106 lpgon
306 3021 425 3088 vocant,
448 3013 519 3072 alias
538 3031 650 3089 agnon,
672 3012 805 3089 quoniam
826 3021 974 3074 matronae
996 3003 1163 3084 Thesmopho

200 3091 253 3149 riis
271 3089 491 3154 Atheniensium
513 3098 674 3156 castitatem
691 3097 890 3157 custodientes
908 3097 954 3156 his
974 3097 1053 3156 loliis
1079 3089 1162 3152 culli!

201 3172 257 3233 sibi
280 3181 418 3232 sternunt.
452 3177 508 3237 duo
526 3195 636 3256 genera
658 3180 735 3238 eius:
765 3182 858 3240 maior
881 3183 911 3240 in
936 3181 1070 3240 arborem
1092 3167 1162 3234 ιιΙῑιῑι

199 3256 286 3316 modo
303 3254 447 3352 adsurgit,
461 3263 555 3320 minor
570 3279 698 3337 ramosa,
714 3261 793 3322 foliis
811 3263 1024 3324 candidioribus
1045 3253 1162 3334 lanugiu·

201 3343 250 3398 sis.
283 3339 373 3417 prima
389 3337 483 3397 album
499 3341 601 3404 dorem
618 3346 705 3403 mittit
724 3362 786 3403 cum
801 3364 965 3425 purpureo,
988 3365 1061 3425 quae
1080 3349 1105 3404 cl
1117 3351 1160 3396 ιιι·

200 3423 265 3482 dida
280 3427 416 3493 vocatur,
439 3423 520 3497 nigra
547 3444 621 3502 quae
646 3435 753 3487 tautum
773 3447 956 3507 purpureum.
989 3434 1126 3490 nascuntur
1139 3419 1156 3474 lt

130 3502 135 3512 ’
157 3502 378 3580 dopalustribns
393 3505 508 3577 campis
536 3507 641 3568 Semen
656 3519 754 3587 potum
772 3515 829 3571 vim
823 3513 984 3590 'quendam
996 3524 1115 3591 saporem
1126 3502 1157 3560 ιι
