2458 3906
149 241 211 305 236
478 247 784 298 crnrmsncnnnr

149 418 211 486 est,
233 408 285 468 suh
306 409 372 486 ipso
393 405 483 483 dore,
510 414 641 484 opertum
662 403 810 482 lanugine.
840 402 878 463 oh
899 403 929 464 id
951 404 1048 482 potins
1072 404 1161 465 caule

149 495 271 556 conciso
298 493 477 567 inseruntur,
506 501 534 550 et
560 488 665 550 ocellis
690 489 814 565 radicis,
841 497 871 548 ιιι
893 487 1043 564 harundo,
1072 507 1161 550 unum

148 595 241 657 genus
259 577 395 636 inseritur
410 575 556 654 pallidae,
577 575 734 654 spinosae,
755 572 933 650 longissimis
949 573 1059 651 virgis,
1077 575 1160 652 quin·

105 675 138 728 ιι
152 660 317 741 queloliae,
344 677 420 738 quae
439 658 560 719 Graecis
581 659 673 718 altera
696 666 751 718 est.
787 658 878 717 omnis
899 666 994 718 autem
1010 658 1160 720 recisione

148 756 235 823 atque
250 744 365 804 ustione
382 743 515 822 proiicit,
530 742 719 803 translatione
734 758 863 821 quoque,
880 750 911 800 ιιι
927 742 1020 819 vites,
1039 749 1186 821 optumeu

148 831 344 906 ocissimeque
365 828 502 907 provenit
527 826 650 887 surculis
672 835 842 907 quaternum
862 825 1017 903 digitorum
1032 827 1161 905 longitu-

147 916 214 976 dine
232 922 281 974 aut
303 912 445 991 ampliore
466 920 533 990 post
550 911 737 988 vergiliarum
756 927 894 970 occasum
911 920 990 986 sata,
1015 910 1084 971 dein
1106 929 1162 990 per

147 999 294 1060 favonium
322 995 461 1058 translata
487 994 642 1074 pedalibus
664 994 825 1054 intervallis
847 994 1012 1073 crebroque
1035 997 1160 1056 circum·

147 1085 239 1144 fossa.
278 1082 326 1160 qui
346 1097 523 1159 praecocem
542 1080 652 1140 iaciunt
672 1079 770 1158 pedali
792 1081 871 1139 circa
896 1080 1025 1140 radicem
1049 1079 1160 1140 scrohe

147 1184 252 1249 aquam
268 1165 391 1226 calidam
404 1164 554 1226 infundunt
569 1165 733 1242 germinare
748 1164 906 1242 incipiente
922 1165 1036 1240 calyce.
1169 1185 1194 1228 ro

105 1263 140 1316 nn
202 1252 231 1312 5.
257 1250 287 1328 (l
298 1248 349 1327 1.)·
362 1247 463 1310 lilium
476 1265 565 1310 rosae
575 1248 726 1310 nobilitate
741 1264 911 1327 proxumum
928 1259 974 1309 ιιι
989 1259 1019 1309 ιι
1032 1249 1159 1327 quadam

149 1335 324 1414 cognatione
345 1335 483 1411 unguenti
505 1333 622 1412 oleique
638 1333 715 1411 qnod
731 1332 841 1393 lilinum
857 1333 1033 1411 appellatur.
1070 1341 1101 1393 ιι
1114 1335 1158 1393 in·

148 1420 273 1499 positum
294 1417 380 1478 etiam
401 1435 535 1478 maxume
555 1435 639 1478 rosas
663 1417 750 1478 decet
769 1417 867 1477 medio
890 1427 1034 1497 proventu
1057 1435 1159 1478 earum

105 1514 140 1568 ιι
151 1504 305 1583 incipiens.
345 1519 402 1562 nec
420 1501 472 1563 ulli
492 1502 593 1562 dorum
617 1501 775 1562 excelsitas
793 1503 900 1577 maior,
916 1502 1059 1563 interdum
1077 1502 1159 1563 cubi-

147 1598 241 1649 torum
255 1589 355 1660 trium,
376 1586 512 1662 languido
530 1603 648 1664 semper
663 1586 741 1646 collo
757 1593 787 1646 ιι
801 1602 859 1644 nou
874 1585 1038 1647 sulliciente
1051 1588 1194 1667 capitisue

148 1673 240 1734 oneri.
278 1671 388 1732 candor
402 1671 465 1730 eius
481 1671 602 1730 eximius
617 1669 689 1730 ioris
706 1671 797 1731 striati
815 1679 845 1731 ιι
859 1670 895 1730 alr
913 1671 1054 1749 angustiis
1071 1672 1101 1730 in
1116 1671 1159 1732 la-

147 1754 296 1817 titudinem
309 1754 446 1834 paulatim
460 1771 529 1814 sese
544 1754 668 1815 laxantis
684 1754 783 1832 effigie
800 1754 922 1832 calathi,
939 1757 1087 1835 resupinis
1103 1773 1160 1835 per

148 1840 284 1901 amhitum
305 1837 395 1898 labris
417 1840 554 1918 tenuique
573 1839 634 1916 pilo
651 1847 682 1898 et
698 1840 836 1914 stamine,
858 1839 998 1900 stantibus
1017 1842 1046 1900 in
1060 1840 1159 1900 medio

148 1925 255 1986 crocis.
288 1924 327 1982 ita
350 1920 425 1982 odor
440 1921 583 2001 colorque
599 1922 723 2002 duplex,
746 1931 776 1982 ιι
791 1922 865 1983 alius
883 1924 994 2000 calycis
1009 1924 1084 1986 alius
1101 1933 1159 1984 sta-

148 2009 248 2083 minis,
273 2005 436 2066 dilierentia
456 2015 587 2083 angusta.
618 2009 646 2067 in
665 2008 803 2085 unguenti
823 2024 896 2068 vero
916 2008 1035 2087 oleique
1051 2027 1107 2068 usu
1130 2017 1193 2068 etan

147 2091 219 2152 lolia
243 2107 301 2149 non
330 2099 514 2167 spernuntur.
550 2089 603 2150 list
628 2090 683 2150 llos
707 2108 765 2151 non
791 2091 937 2152 dissimilis
956 2092 999 2152 illi
1019 2094 1048 2152 in
1066 2092 1159 2154 herba

148 2191 233 2253 quam
249 2173 455 2235 convolvolum
469 2184 593 2250 vocant,
607 2192 731 2235 nascens
746 2192 801 2253 per
813 2175 952 2253 irutecta,
969 2176 1050 2236 nullo
1063 2177 1160 2237 odore

147 2277 203 2319 nec
220 2260 316 2318 crocis
331 2258 422 2333 intus,
439 2257 595 2319 candorem
610 2267 717 2319 mutum
732 2259 865 2319 referens
881 2276 917 2320 ac
931 2260 1021 2320 veluti
1036 2270 1159 2322 naturae

105 2353 140 2405 ιι
151 2342 339 2403 rudimentum
354 2342 414 2402 lilia
431 2342 533 2402 iacere
549 2342 755 2403 condiscentis.
784 2341 860 2403 Alha
875 2342 935 2404 liliu
952 2343 1055 2405 iisdem
1066 2345 1159 2405 omni·

147 2426 201 2487 hus
220 2427 313 2487 modis
328 2435 465 2486 seruntur
479 2425 584 2504 quihus
604 2443 690 2502 rosa,
712 2436 742 2487 et
761 2427 819 2488 hoc
834 2427 956 2506 amplius
971 2429 1091 2490 lacrima
1106 2446 1192 2490 snaas

147 2520 176 2571 ιιι
197 2509 431 2591 hipposelinum,
452 2510 583 2590 nihilque
604 2519 649 2570 ιιι
664 2510 817 2572 fecundius
830 2529 886 2571 nna
902 2512 1001 2574 radice
1017 2515 1160 2594 qninqua-

146 2611 240 2673 genos
267 2611 359 2673 saepe
383 2595 533 2654 emittente
553 2593 668 2655 hnlhos.
706 2594 760 2655 list
788 2603 817 2654 el
837 2595 946 2656 rubens
966 2597 1058 2658 lilium
1080 2597 1160 2676 quod

147 2678 253 2740 Graeci
277 2680 379 2740 crinon
394 2688 515 2754 vocant,
534 2678 582 2739 alii
603 2679 706 2740 liorem
728 2680 790 2740 eius
808 2681 1023 2755 cynorrhodon.
1058 2681 1160 2742 lauda-

146 2763 288 2823 tissimum
302 2763 331 2822 in
350 2762 505 2822 Antiochia
521 2771 550 2822 et
566 2761 711 2824 Laodicea
726 2764 848 2839 Syriae,
864 2767 975 2824 morin
990 2765 1159 2827 Phaselide.
1218 2805 1220 2840 e

148 2855 279 2924 quartum
293 2846 389 2908 locum
404 2847 518 2924 optinet
532 2847 561 2905 in
574 2845 657 2908 ltalia
672 2865 806 2908 nascens.
1168 2873 1190 2915 ys
1217 2849 1220 2904 ι’

103 2939 138 2992 25
211 2930 296 3010 (12.)
329 2931 402 2990 Sunt
425 2939 455 2989 et
476 2947 624 3010 purpurea
645 2930 722 3008 lilia,
745 2931 901 3010 aliqnando
922 2934 1040 3010 gemino
1061 2932 1159 3009 caule,

147 3016 317 3075 carnosiore
341 3021 447 3074 tantum
470 3014 570 3082 radice
590 3016 767 3094 maiorisque
786 3015 881 3092 hnlhi,
904 3016 956 3076 sed
971 3018 1074 3094 unius,
1093 3033 1159 3078 nar·

148 3099 254 3159 cissum
274 3108 389 3158 vocant.-
425 3098 508 3158 huius
529 3098 652 3160 alterum
672 3117 767 3178 genus
787 3099 861 3161 llore
886 3099 1026 3176 candido,
1053 3100 1159 3177 calyce

146 3199 306 3262 purpureo.
339 3181 537 3242 differentias
559 3182 627 3243 liliis
647 3192 692 3244 est
712 3192 742 3243 ιι
764 3184 855 3261 haec,
878 3183 956 3264 quod
971 3185 1113 3245 narcissis
1131 3186 1160 3243 in

147 3264 245 3326 radice
266 3267 337 3327 lolia
361 3275 442 3341 sunt,
465 3264 677 3344 probatissimis
702 3269 731 3326 iir
752 3267 859 3344 Lyciae
885 3267 1039 3330 montibus.
1070 3269 1187 3330 tertios

146 3351 249 3426 generi
266 3359 365 3410 cetera
381 3349 501 3424 eadem,
520 3351 606 3426 calyx
620 3351 793 3412 herbaceus.
818 3369 919 3413 omnes
933 3354 1072 3430 serotini,
1091 3362 1159 3432 post

149 3442 292 3492 arcturum
310 3433 384 3492 enim
399 3432 505 3492 llorent
522 3451 558 3493 ac
572 3453 626 3512 per
645 3437 859 3513 aequinoctium
873 3446 1047 3497 autumnum.

106 3521 140 3578 26
215 3514 298 3592 (13.)
320 3515 439 3575 lnventa
456 3524 544 3576 estet
559 3519 588 3577 in
602 3518 646 3578 his
659 3521 732 3580 ratio
744 3521 891 3582 inserendi
906 3521 1094 3582 monstriiiois
1105 3520 1156 3581 ho·
