2396 3922
239 264 328 356 ⁸rana.
345 261 436 312 urar.
452 260 535 312 xxv.
551 259 577 316 7.
592 261 617 314 8.
646 247 794 334 (oa-49.)
970 251 1010 316 83

15 459 17 464 -
87 419 164 496 (45.)
183 415 400 478 ischaemonem
416 416 537 478 'lhraeia
562 419 688 493 invenit,
711 435 767 497 qna
784 419 881 478 ierunt
898 423 1012 498 sanqui-

35 520 90 562 nem
108 504 169 560 sisti
190 519 248 562 non
264 511 365 580 aperta
379 501 465 561 modo
481 519 555 561 vena
575 501 627 561 sed
643 503 729 560 etiarn
744 504 884 579 praecisa.
917 507 1010 583 serpit
1117 528 1123 538 ·

35 594 137 645 eterra
159 585 238 644 milio
262 585 373 660 similis,
395 585 475 644 ioliis
496 587 609 663 asperis
628 593 658 644 et
676 585 863 662 lanuginosis.
893 587 1011 647 sarcitur

34 670 143 728 lunaris
160 665 234 747 quae
253 670 283 727 in
300 668 382 728 ltalia
404 671 533 728 nascitur
556 677 586 728 et
610 670 777 744 sanguinem
796 669 897 728 eadem
915 671 1012 730 adalli-

19 761 87 828 rqata
103 754 185 810 sistit.
1023 787 1025 790 ·

83 835 161 913 (46)
183 835 357 896 Vettones
348 855 378 895 ιιι
392 835 529 914 Hispania
552 853 614 896 eam
638 853 712 914 quae
727 835 883 895 Vettonica
904 836 1056 904 diciturad

33 921 55 977 in
72 917 199 995 Gallia,
191 937 220 978 m
241 919 322 978 ltalia
344 927 438 979 autem
462 920 615 995 serratula‚
644 918 798 978 aGraecis
825 927 939 979 cestros
963 928 1011 980 aut

32 1001 275 1080 psychotrophon,
305 1012 372 1062 ante
399 1012 515 1062 cunctas
544 1002 745 1062 laudatissima.
782 1005 843 1063 exit
867 993 1030 1080 anguloso

32 1085 100 1144 caule
119 1086 283 1146 cubitorum
298 1085 381 1145 duum
398 1105 415 1146 e
436 1086 532 1146 radice
549 1103 691 1164 spargens
711 1085 781 1145 folia
804 1087 868 1147 iere
892 1086 1010 1164 lapathi,

10 1179 140 1245 arcuata,
163 1173 274 1230 semine
292 1187 448 1248 purpureo.
480 1171 548 1229 solia
568 1173 712 1229 siccantur
732 1173 760 1228 in
781 1170 899 1228 iarinam
915 1169 1031 1247 plara-1

31 1269 81 1311 uos
100 1253 135 1312 ad
152 1272 231 1313 usus
266 1254 297 1312 lit
311 1255 407 1313 vinum
423 1271 459 1312 ex
475 1272 509 1313 ea
525 1263 555 1313 et
574 1262 686 1313 acetum
703 1253 852 1312 stomacho
876 1261 905 1312 et
927 1254 1010 1312 clari·
1101 1322 1108 1332 ,

31 1338 71 1394 tati
85 1335 246 1413 oculorum,
269 1345 435 1416 tantumque
456 1338 569 1414 gloriae
592 1337 679 1396 habet
694 1345 725 1394 ut
740 1336 840 1396 domus
856 1339 885 1395 in
901 1353 956 1414 qua
973 1339 1011 1396 sit

30 1427 78 1478 tuta
92 1423 277 1479 existimetur
294 1439 310 1480 a
326 1421 447 1497 piaculis
465 1421 604 1479 omnibus

77 1504 159 1582 (47.)
183 1503 216 1562 ln
231 1503 331 1564 eadem
345 1503 481 1582 Hispania
503 1506 619 1563 inventa
635 1511 682 1562 est
694 1501 863 1563 Cantabrica
878 1522 933 1581 per
947 1504 1004 1564 diri
1017 1515 1052 1570 85

10 1586 144 1664 uhngusti
161 1596 294 1666 tempora
311 1603 326 1646 a
343 1585 494 1647 Cantabris
511 1595 636 1663 reperta.
662 1588 788 1645 nascitur
802 1587 910 1665 ubique
924 1588 1009 1648 caule

28 1672 120 1730 iunceo
136 1670 271 1748 pedali,
263 1689 293 1729 ιιι
310 1688 367 1749 quo
386 1678 451 1729 sunt
468 1669 579 1729 flosculi
602 1669 721 1746 oblongi
738 1670 827 1729 veluti
845 1670 988 1748 calathi,
981 1691 1009 1730 ιιι

27 1751 63 1811 his
87 1772 189 1813 semen
210 1771 349 1831 perquam
369 1757 513 1814 minutum.
543 1751 606 1812 Nec
627 1753 697 1812 alias
713 1753 835 1813 defuere
852 1753 1009 1832 Hispaniae

26 1835 116 1896 herbis
140 1837 341 1915 exquirendis,
362 1844 393 1896 ut
414 1839 443 1894 in
465 1837 568 1914 quibus
590 1838 751 1896 etiamnunc
773 1835 860 1897 hodie
883 1840 911 1896 in
926 1855 1009 1898 more

27 1922 57 1978 sit
72 1920 198 1980 laetiore
217 1923 352 1980 convictu
369 1922 519 1998 potionem
533 1939 550 1980 e
566 1928 680 1980 centum
697 1919 796 1980 herbis
817 1921 910 1980 mulso
933 1921 1010 1982 addi·

10 2005 56 2061 ttis
79 2004 205 2088 credere
233 2004 449 2063 saluberrimam
474 2005 737 2080 suavissimamque.
781 2021 835 2064 nec
860 2007 1009 2082 quisquam

25 2079 124 2162 genera
151 2105 249 2147 earum
272 2086 326 2146 iam
346 2089 427 2146 novit
450 2096 498 2146 aut
517 2085 736 2164 multitudinem,
757 2105 890 2146 numerus
913 2097 1008 2148 tamen

26 2174 155 2230 constat
145 2189 176 2230 ιιι
192 2171 315 2230 nornine

79 2253 163 2332 (48.)
183 2253 290 2313 Nostra
307 2261 388 2312 actas
403 2255 532 2314 meminit
548 2253 691 2313 herbam'
683 2271 713 2312 m
727 2252 829 2313 Marsis
848 2263 1002 2332 repertam.
1015 2265 1051 2322 86

25 2340 143 2396 nascitur
164 2339 194 2394 in
209 2336 381 2414 Aequicolis
403 2339 478 2397 circa
499 2339 592 2396 vicum
606 2336 779 2413 Neruesiae,
799 2347 919 2397 vocatur
941 2357 1008 2398 con-

10 2419 109 2496 tsiligo.
147 2419 286 2497 prodest,
312 2429 343 2480 ut
359 2420 617 2481 demonstrabimus
634 2439 688 2480 suo
704 2421 782 2498 loco,
806 2420 964 2500 deploratis
986 2439 1015 2484 ιι,
1027 2442 1050 2476 ιι

23 2503 47 2559 in
63 2503 179 2579 phthisi.

76 2587 159 2664 (49)
187 2584 301 2646 Invenit
324 2605 417 2665 nuper
442 2597 472 2647 et
494 2560 635 2648 Servilius
656 2587 844 2647 Democrates
865 2607 881 2648 e
904 2605 1003 2665 prrmrs
1014 2597 1048 2653 87

22 2671 190 2730 medentium
207 2688 289 2768 quarn
308 2671 466 2748 appellavit
486 2670 610 2746 iberida,
633 2687 800 2749 quamquam
814 2671 881 2729 licto
898 2672 1006 2730 nomini

23 2753 184 2812 inventione
208 2756 270 2812 eius
293 2754 440 2831 adsignata
461 2757 594 2814 carmine.
626 2758 752 2814 nascitur
772 2771 902 2814 maxume
930 2756 1007 2814 circa

10 2845 116 2896 tretera
135 2839 310 2896 monimenta
331 2840 546 2916 parietinasque
571 2847 600 2898 et
622 2837 728 2897 inculta
742 2839 883 2896 itinerum.
919 2837 1006 2898 lloret

21 2937 144 2997 semper,
162 2921 236 2979 iolic
252 2923 391 2996 nasturti,
408 2921 490 2980 caule
505 2921 638 2998 cubitali,
657 2923 767 2980 semine
784 2922 834 2978 vix
850 2929 878 2978 ut
894 2922 1004 3001 adspici

21 3007 116 3078 possit.
153 3003 241 3062 radici
264 3003 337 3063 odor
360 3006 489 3064 nasturti.
520 3023 589 3064 usus
611 3011 723 3063 aestate
746 3004 893 3064 efficacior
915 3015 944 3065 et
959 3025 1005 3066 re·

21 3090 90 3146 centi
109 3097 227 3146 tantum.
262 3087 388 3146 tunditur
405 3086 566 3147 difficulter.
599 3087 804 3147 coxendicibus
826 3097 855 3148 et
873 3089 1001 3149 articulis
1013 3099 1048 3153 88

22 3172 147 3230 omnibus
163 3189 226 3230 cum
241 3173 363 3248 axungia
378 3171 488 3230 modica
503 3171 665 3246 utilissima,
681 3173 752 3229 viris
767 3171 924 3248 plurumum
937 3190 1004 3250 qua·

10 3256 104 3313 iternis
130 3255 221 3330 horis,
246 3255 360 3314 leminis
378 3257 468 3313 minus
486 3254 600 3314 dimidio
619 3253 782 3331 adalligata,
807 3263 837 3313 ut
854 3256 957 3316 deinde
973 3259 1002 3316 in

19 3335 137 3398 balineis
161 3339 354 3398 descendatur
374 3340 402 3397 iu
419 3337 536 3396 calidam
551 3346 581 3396 et
596 3344 701 3415 postea
720 3337 788 3396 oleo
807 3357 840 3398 ac
853 3343 920 3398 rino
936 3357 1003 3417 per·

19 3429 158 3498 unguatur
173 3438 291 3499 corpus,
307 3422 468 3500 diebusque
482 3423 591 3480 vicenis
608 3423 790 3498 interpositis
807 3421 882 3482 idem
897 3425 960 3500 liat,
977 3425 1002 3486 si
1099 3463 1103 3468 -

18 3520 79 3585 qua,
99 3505 256 3566 admonitio
284 3506 394 3566 doloris
426 3507 559 3584 supersit.
598 3504 653 3564 hoc
675 3504 760 3563 modo
782 3504 1002 3569 rheumatismos

798 3589 840 3651 6*
