2396 3922
166 212 225 278 132
511 223 818 275 armenorum

163 380 270 440 urinam
283 377 632 460 ciet'rolvasqucpurgat,
645 389 725 440 tanto
734 380 827 458 magis
842 376 1044 440 insidentibus.
1068 393 1153 436 causa

163 465 283 524 nominis
299 482 355 524 non
370 463 459 540 hacc,
479 463 531 524 sed
546 463 854 542 quoniamdiutissime
869 479 928 522 nou
942 461 1109 521 marcescit.

123 557 156 610 ll
231 547 293 625 (5.)
316 546 392 606 Aloe
408 546 510 607 scillae
527 547 737 608 similitudinem
754 547 852 624 habet,
869 546 963 606 maior
978 553 1010 604 et
1023 543 1155 623 pinguio-

159 630 243 690 ribus
259 630 346 708 loliis,
363 649 400 689 ex
415 629 532 709 obliquo
550 632 658 691 striata.
690 631 780 691 caulis
799 631 862 690 eius
873 639 958 689 tener
973 636 1031 702 est,
1048 627 1157 686 rubens

164 713 284 789 medius,
299 732 357 774 nou
372 714 516 774 dissimilis
534 715 690 792 antherici,
711 713 811 774 radice
826 732 881 774 una
896 731 950 772 ceu
967 671 1063 790 palb
1054 729 1085 770 ιιι
1102 719 1156 769 ter·
1145 727 1178 766 -ι

163 815 223 857 ram
238 797 371 872 demissa,
388 816 468 874 gravi
462 797 574 856 odore
581 807 692 875 ,gustu
707 816 812 859 amara
844 796 1039 857 laudatissima
1058 811 1099 854 ex
1114 791 1156 869 lu7

165 881 210 940 dia
228 881 368 955 adfertur,
391 880 442 939 sed
457 884 582 940 nascitur
599 883 652 940 et'
644 899 673 940 ιιι
686 880 773 954 Asia,
795 898 853 940 uon
873 890 969 940 tamen
992 895 1026 938 ea
1043 885 1157 937 utuntur

163 966 217 1023 uisu
210 963 267 1023 ad
281 964 400 1024 volnera
416 964 581 1024 recentibus
593 964 682 1039 loliis,
698 926 818 1024 mirilico
829 965 905 1023 enim
915 962 1099 1039 conglutinat
1112 959 1157 1018 vel

164 1065 246 1106 suco.
276 1047 313 1106 ob
344 1048 372 1106 id
393 1049 421 1106 in
442 1047 601 1108 turbinibus
624 1047 760 1108 cadorum
782 1067 846 1108 eam
869 1055 970 1108 serunt
990 1054 1022 1104 ut
1046 1046 1157 1104 aizoum

124 1144 156 1194 15
168 1133 266 1190 maius.
300 1133 412 1208 quidam
428 1141 458 1191 et
478 1132 590 1192 caulem
604 1140 670 1192 aute
686 1134 878 1192 maturitatem
898 1131 1017 1190 seminis
1031 1128 1182 1188 inciduutn

165 1215 226 1274 suci
242 1217 344 1291 gratia,
360 1215 447 1293 aliqui
466 1225 495 1275 et
510 1215 589 1275 lolia.
621 1215 763 1276 invenitur
784 1225 814 1275 et
835 1233 889 1293 per
911 1232 944 1274 se
967 1212 1091 1272 lacrima
1111 1210 1156 1270 ad·

165 1298 297 1357 haerens.
334 1315 407 1374 ergo
429 1298 674 1375 pavimentandum
696 1298 744 1358 ubi
766 1309 827 1359 sata
851 1299 888 1358 sit
910 1305 1049 1374 censent,
1071 1305 1103 1355 ut
1119 1295 1157 1354 la·

167 1383 252 1440 crima
268 1399 323 1440 nou
340 1381 537 1442 absorbeatur.
567 1383 649 1443 luere
673 1384 721 1460 qui
737 1382 884 1443 traderent
903 1382 931 1440 in
945 1379 1054 1440 Iudaea
1071 1395 1159 1458 super

164 1463 365 1539 Hierosolyma
387 1466 558 1526 metallicam
581 1468 642 1525 eius
661 1475 802 1543 naturam,
824 1465 876 1525 sed
899 1463 977 1524 nulla
1000 1464 1097 1539 magis
1119 1463 1158 1520 iu·

124 1557 157 1612 16
168 1547 260 1627 proba
280 1556 340 1623 est,
367 1567 462 1628 neque
486 1550 541 1610 alia
563 1551 672 1626 nigrior
693 1557 737 1608 est
765 1558 813 1609 aut
832 1547 962 1608 umidior.
1000 1547 1057 1606 erit
1086 1557 1182 1622 ergcu

166 1640 281 1709 optuma
297 1632 411 1709 pinguis
427 1649 462 1692 ac
485 1634 586 1709 nitida,
606 1634 659 1694 rud
684 1632 803 1709 coloris,
825 1632 947 1692 friabilis
968 1640 998 1690 et
1020 1629 1158 1690 iocineris

164 1714 250 1774 modo
273 1724 391 1792 coacta,
414 1716 501 1776 lacile
522 1715 703 1796 liquescens,
722 1715 901 1797 inprobanda
922 1716 1005 1794 nigra
1028 1723 1059 1774 et
1079 1713 1156 1786 dura,

164 1797 306 1857 harenosa
322 1817 453 1877 quaeque
469 1809 553 1875 gustu
568 1800 744 1878 intellegitur
760 1800 862 1859 cummi
876 1798 1035 1858 adulterata
1052 1805 1084 1856 et
1096 1813 1156 1855 aca-

165 1885 220 1940 oia
248 1891 347 1942 natura
363 1884 425 1942 eius
440 1886 582 1961 spissare,
597 1884 719 1944 densare
735 1892 764 1942 et
782 1883 888 1944 leuiter
903 1880 1068 1956 calfacere,
1091 1894 1156 1938 usas

163 1966 192 2022 in
206 1962 309 2040 multis,
326 1965 378 2026 sed
394 1967 560 2046 principalis
574 1968 669 2027 alvom
683 1966 812 2043 solvere,
829 1985 892 2026 cum
910 1982 1004 2043 paene
1020 1963 1086 2026 sole
1100 1975 1195 2036 mett

164 2047 388 2107 dicamentcrum
403 2067 477 2126 quae
499 2049 537 2110 id
541 2059 688 2148 praestant
704 2049 854 2111 confirmet
869 2051 953 2109 etiam
968 2047 1156 2126 stomachum,

124 2139 154 2194 17
167 2130 240 2189 adeo
256 2148 313 2189 non
328 2132 445 2191 inlestet
460 2133 561 2194 ulla
533 2152 561 2193 vr
576 2136 729 2195 contraria.
756 2132 863 2193 bibitur
878 2131 1030 2206 drachma,
1047 2120 1086 2190 ad
1101 2138 1156 2188 sto·

164 2213 257 2272 machi
280 2231 352 2274 vero
372 2214 616 2276 dissolutionem
608 2237 636 2277 ιιι
660 2217 773 2278 duobus
796 2216 906 2292 cyathis
927 2233 1019 2293 aquae
1040 2213 1154 2291 tepidae

163 2295 211 2354 tel
225 2296 346 2372 frigidae
363 2300 505 2359 coclearis
520 2300 711 2362 mensurabis
727 2310 810 2360 terve
826 2301 854 2358 in
870 2299 916 2359 die
931 2317 968 2357 ex
982 2295 1153 2369 intervallis,

164 2386 194 2437 ut
225 2397 274 2438 res
301 2382 407 2457 exigit,
442 2386 620 2460 purgationis
648 2393 742 2445 autem
768 2401 853 2444 causa
879 2382 1040 2462 plurumum
1068 2379 1175 2440 tritura

165 2462 323 2541 drachmis,
351 2465 514 2542 efficacior,
542 2470 568 2528 si
595 2477 665 2567 pota
686 2486 720 2529 ea
742 2477 868 2528 sumatur
890 2465 980 2526 cibus
1022 2463 1154 2543 capillum

164 2545 297 2606 fluentem
323 2551 450 2609 continet
481 2567 544 2610 cum
574 2554 641 2613 vino
668 2561 784 2612 austero
811 2552 907 2628 capite
937 2557 1039 2608 contra
1072 2546 1152 2646 pilum

163 2639 315 2706 peruncto.
349 2631 478 2692 dolorem
500 2637 603 2712 capitis
618 2635 700 2694 sedat
716 2634 894 2714 temporibus
914 2641 943 2692 et
965 2632 1086 2692 fronti
1077 2649 1151 2708 rupo

125 2721 157 2774 18
168 2713 222 2771 suta
237 2730 276 2772 ex
290 2724 374 2774 aceto
395 2723 424 2774 et
442 2733 567 2778 rosaceo
589 2718 761 2796 dilutiorque
783 2717 886 2776 inlusa.
917 2714 1070 2776 oculorum
1091 2715 1152 2774 vitia

164 2795 259 2882 omnia
273 2801 366 2857 sanari
379 2816 413 2858 ea
428 2803 571 2876 convenit,
589 2803 720 2880 priuatim
736 2801 899 2879 prurigines
914 2809 953 2858 et·
947 2796 1091 2860 scabiem
1105 2803 1174 2874 gel·

165 2873 280 2953 uarum,
308 2882 374 2940 item
400 2883 533 2960 insignita
554 2903 588 2943 ac
606 2884 693 2943 livida
714 2884 793 2944 inlita
815 2901 878 2942 curu
900 2883 1004 2956 melle,
1027 2898 1152 2941 maxume

152 2923 299 3036 Pontico,
315 2965 462 3043 tonsillas,
483 2968 614 3045 gingivas
634 2978 663 3028 et
680 2969 774 3037 omnia
791 2969 851 3027 oris
874 2966 988 3043 ulcera,
1012 2965 1150 3063 sanguinis

164 3047 399 3124 exscreationes,
423 3068 446 3108 ιι
440 3051 591 3110 modicae
607 3053 673 3126 siut,
690 3050 826 3111 drachma
843 3069 880 3110 ex
897 3067 989 3127 aqua,
1015 3051 1148 3120 siminus,

165 3146 202 3187 ex
216 3137 299 3187 aceto
315 3139 392 3207 pota
420 3133 569 3193 voluerum
585 3151 701 3213 quoque
724 3136 893 3210 sauguinem
915 3141 943 3191 et
959 3131 1148 3210 undecumque

124 3220 156 3274 19
167 3212 300 3271 liuentem
315 3215 388 3272 sistit
397 3234 451 3312 per
465 3234 497 3274 se
514 3216 611 3277 velex
626 3227 722 3278 aceto.
744 3217 816 3278 alias
830 3219 913 3276 etiam
929 3225 976 3274 est
991 3215 1171 3276 volneribus&

164 3295 311 3356 utilissima
328 3298 363 3357 ad
378 3299 541 3359 cicatricem
560 3302 732 3379 perducens.
764 3300 865 3360 eadem
883 3300 1063 3378 inspergitur
1076 3297 1146 3360 erul-

165 3381 269 3438 ceratis
282 3381 491 3456 genitalibus
464 3401 588 3444 virorum
589 3385 858 3483 ‚condylomatis
834 3385 972 3461 ramisque
986 3382 1074 3458 sedis,
1085 3383 1145 3442 alias

165 3465 300 3542 exrino,
321 3465 391 3526 alias
409 3483 569 3546 expasso,
586 3469 657 3530 alias
673 3470 751 3530 sicca
769 3487 823 3548 per
842 3485 892 3546 se,
915 3476 947 3528 ut
968 3469 1066 3544 exigat
1085 3461 1142 3519 miti·
