2504 3930
213 275 275 336 294
440 265 444 273 ’
550 281 553 287 ’
583 287 611 334 c.
630 289 727 334 annm
745 287 894 336 sncnnnr

212 445 364 504 etiamnum
385 444 441 505 alia
457 442 552 518 Magi,
574 459 647 519 quae
664 443 688 501 si
705 461 773 501 vera
789 446 858 518 sint,
881 441 968 501 multo
985 439 1114 500 utiliores
1128 441 1199 500 vitre

213 528 409 588 existimentur
426 543 513 586 ranae
533 543 615 603 quam
631 524 725 601 leges.
752 544 874 605 namque
896 523 1051 584 harundine
1071 525 1195 584 transfixa

213 630 229 671 a
244 621 344 672 natura
357 627 455 690 penos
468 610 491 668 si
504 609 635 666 surculus
645 609 673 666 in
685 612 838 668 menstruis
851 610 992 686 deligatur
1003 609 1116 684 marito,
1129 607 1192 666 adul·

169 707 204 760 50
214 704 341 754 terorum
363 695 489 754 taedium
504 691 576 751 lieri.
605 691 738 750 carnibus
753 710 851 752 earum
867 693 914 752 vel
935 693 963 750 in
978 691 1091 750 hamum
1105 691 1195 750 additis

213 781 370 857 praecipue
386 794 528 856 purpuras
548 775 633 834 adlici
650 785 759 835 certum
774 786 835 836 est·
854 776 937 835 iecur
957 793 1045 835 ranae
1066 776 1216 852 geminunu

212 880 279 922 esse
300 863 397 922 dicunt
415 861 549 938 abicique
571 858 700 918 formicis
728 871 881 938 oportere,
904 868 1101 937 campartem
1125 875 1200 936 quam

213 946 349 1042 adpetant
369 954 470 1004 eontra
486 960 598 1002 venena
619 943 711 1002 omnia
734 962 801 1003 esse
818 962 871 1024 pro
886 942 1025 1002 antidoto.
1055 951 1120 1002 sunt
1135 959 1200 1019 quae

170 1047 188 1085 a
196 1030 265 1086 noio
283 1029 421 1108 vepribus
436 1037 543 1087 tanturn
555 1027 665 1102 vivont,
684 1027 721 1085 ob
738 1028 766 1086 id
778 1028 942 1087 rubetarum
952 1027 1079 1101 nomine,
1096 1034 1126 1084 ut
1138 1025 1200 1084 dini·

211 1130 288 1188 mus,
313 1131 383 1190 quas
402 1112 507 1172 Graeci
521 1109 648 1188 phrpnus
662 1120 784 1187 vocant,
807 1109 1015 1188 grandissimae
1035 1117 1202 1208 cunctarum,

169 1197 336 1272 trigeminis
357 1196 445 1255 veluti
474 1193 624 1270 cornibus,
647 1194 751 1271 plenae
772 1196 987 1254 veneficiorum.
1020 1180 1092 1252 mira
1113 1193 1180 1252 de'
1172 1193 1228 1252 riso

213 1281 342 1339 certatim
358 1278 470 1338 tradunt
487 1287 637 1337 auctores:
655 1279 778 1338 inlatis
770 1297 797 1337 ιιι
815 1278 951 1356 populum
970 1278 1116 1336 silentium
1138 1277 1203 1351 lieri,

213 1363 340 1422 ossiculo
356 1362 433 1440 quod
449 1363 485 1421 sit
501 1362 530 1419 in
545 1361 646 1420 dextro
662 1362 793 1420 laterein
807 1379 908 1439 aquam
920 1361 1084 1420 ferventem
1097 1361 1203 1420 deiecto

212 1446 379 1524 refrigerari
400 1463 451 1506 vas
467 1463 523 1504 nee
543 1453 645 1523 postea
663 1445 780 1504 fervere
797 1447 851 1504 nisi
868 1454 1023 1522 exempto,
1046 1444 1075 1503 id
1090 1443 1205 1502 inveniri

212 1530 326 1590 abiecta
347 1549 415 1590 rana
439 1529 568 1588 formicis
590 1528 780 1606 carnibusque
798 1530 907 1604 erosis,
933 1529 1047 1604 singula
1070 1530 1100 1585 in
1117 1527 1205 1586 oleum

211 1615 294 1686 addi,
311 1623 340 1674 et
358 1632 425 1673 esse
442 1614 470 1671 in
487 1614 603 1687 sinistro
618 1611 709 1672 latere
728 1629 784 1690 quo
800 1612 916 1672 deiecto
934 1612 1053 1671 fervere
1069 1611 1234 1683 videatur,1t.

169 1707 366 1775 52apocynon
382 1698 497 1770 vocari,
521 1713 621 1755 canum
640 1695 754 1774 inpetus
771 1713 806 1755 eo
824 1695 969 1773 cohiberi,
992 1713 1124 1756 amorem
1142 1712 1202 1754 con·

212 1783 294 1840 citari
310 1791 339 1840 et
358 1783 452 1858 iurgia
467 1779 562 1840 addito
582 1781 609 1838 in
632 1781 797 1856 potionem,
821 1799 958 1839 venerem
980 1780 1140 1857 adalligato
1161 1779 1203 1838 sti·

211 1865 328 1940 mulari,
352 1883 451 1924 rursus
474 1864 608 1923 cdextro
630 1862 722 1922 latere
742 1864 911 1941 refrigerari
929 1864 1089 1939 ferventia,
1110 1863 1166 1922 hoo
1179 1868 1205 1920 at

213 1956 366 2026 quartanas
377 1951 472 2008 sanari
485 1947 640 2024 adalligato
650 1947 678 2005 in
690 1947 827 2026 pellicula
841 1949 948 2024 agnina
957 1949 1071 2006 recenti
1083 1946 1204 2022 aliasque

210 2031 311 2106 febris,
333 2048 459 2091 amorem
474 2029 606 2090 inhiberi.
636 2049 674 2088 ex
693 2030 785 2090 isdem
805 2031 849 2089 his
865 2033 941 2090 ranis
957 2030 1018 2089 lien
1044 2039 1147 2089 contra
1161 2044 1234 2102 reo,

210 2132 284 2174 uena
297 2132 371 2192 quae
388 2115 456 2174 hant
468 2132 505 2174 ex
522 2115 591 2190 ipsis
603 2113 763 2192 auxiliatur,
776 2117 857 2174 iecur
869 2131 939 2173 vero
952 2116 1039 2172 etiam
1051 2114 1203 2173 efficacius.

168 2207 203 2263 53
277 2198 360 2276 (19.)
383 2197 436 2256 Est
460 2196 579 2256 colubra
599 2197 627 2256 in
648 2215 721 2275 aqua
741 2201 852 2258 vivens.
880 2198 963 2259 buius
985 2197 1103 2276 adipem
1126 2205 1155 2254 et
1169 2193 1204 2253 fel

209 2281 342 2341 habentis
359 2283 405 2358 qni
428 2280 593 2344 crocodilos
609 2291 749 2340 venentur
769 2284 839 2342 mire
862 2281 989 2342 adiuvari
1006 2280 1122 2356 dicunt,
1143 2277 1204 2338 nibil

121 2431 128 2443 ,
212 2374 310 2424 contra
327 2363 412 2424 belua
427 2365 565 2438 audente,
580 2364 730 2425 efficacius
746 2367 913 2442 etiamnum,
930 2367 955 2424 si
973 2364 1067 2424 herba
1083 2373 1204 2443 potamo-

210 2451 292 2526 giton
306 2450 469 2508 misceatur.
500 2447 604 2508 Cancri
622 2449 774 2509 fluviatiles
795 2450 851 2509 triti
873 2451 993 2528 potique
1015 2467 1054 2508 ex
1075 2465 1150 2526 aqna
1164 2463 1230 2505 rea

211 2543 312 2592 centes
334 2551 386 2592 seu
407 2535 505 2592 cinere
528 2532 679 2594 adservato
698 2543 800 2598 ¹contra
824 2550 936 2592 venena
958 2534 1054 2592 omnia
1079 2538 1202 2609 prosunt,

209 2618 341 2696 privatim
360 2626 459 2676 eontra
482 2618 668 2694 scorpionum
691 2617 764 2676 ictus
787 2635 850 2676 cum
870 2616 946 2676 lacte
963 2617 1095 2692 asinino,
1116 2617 1140 2675 si
1154 2629 1204 2671 non
1233 2685 1234 2694 ἵ

210 2701 256 2776 sit,
273 2701 392 2778 caprino
408 2709 455 2760 aut
471 2717 661 2778 quocumque.
692 2700 756 2760 addi
780 2711 809 2760 et
829 2701 924 2758 vinum
946 2708 1076 2777 oportet.
1108 2702 1204 2758 necant

167 2793 202 2848 54
215 2801 268 2842 eos
286 2785 343 2842 triti
361 2786 534 2854 cumocimo
551 2783 667 2843 admoti.
697 2785 796 2844 eadem
818 2784 861 2842 vis
886 2792 986 2846 eontra
1001 2791 1203 2842 venenatorum

209 2868 331 2926 omnium
346 2883 468 2942 morsus,
480 2867 611 2944 privatim
623 2867 753 2942 scytalen
765 2875 795 2926 et
807 2868 906 2944 anguis
919 2876 948 2926 et
963 2876 1065 2927 contra
1078 2867 1230 2944 leporemtt

208 2951 345 3008 marinum
367 2968 402 3009 ae
425 2966 522 3009 ranam
544 2949 683 3011 rubetam.
716 2952 786 3010 cinis
811 2968 910 3010 eorum
932 2957 1066 3010 servatus
1089 2947 1203 3028 prodest

208 3051 320 3112 pavore
340 3042 425 3110 potus
446 3033 674 3110 periclitantibus
693 3052 730 3093 ex
743 3035 822 3094 canis
838 3033 946 3094 rabiosi
960 3051 1071 3095 morsu.
1097 3030 1204 3111 qnidam

208 3115 334 3176 adiciunt
348 3117 512 3192 gentianam
529 3126 559 3176 et
577 3118 668 3179 dant
659 3137 687 3176 ιιι
703 3119 782 3192 vino,
807 3127 836 3177 ct
853 3120 877 3178 si
898 3117 954 3176 iam
971 3135 1067 3197 pavor
1085 3132 1202 3192 occupa·

210 3202 299 3274 verit,
329 3200 462 3277 pastillos
490 3203 556 3260 vino
581 3200 718 3263 subactos
742 3201 926 3261 devorandos
952 3203 990 3261 ita
1013 3200 1233 3298 praecipiunt.¹

165 3293 199 3346 tt
211 3245 314 3342 decerh
329 3301 401 3344 vero
418 3286 530 3343 cancris
548 3301 612 3343 cum
634 3285 718 3344 ocimu
712 3285 879 3363 manipulo
900 3283 1030 3361 adligatis
1048 3285 1142 3344 omnis
1159 3273 1233 3358 quoi

207 3365 247 3424 ibi
261 3369 317 3426 sint
326 3369 503 3464 scorpiones
520 3367 555 3426 ad
572 3385 636 3426 eum
652 3369 745 3428 locum
760 3369 971 3446 coiturosblagi
984 3368 1092 3444 dieunt,
1104 3375 1203 3426 etcum

208 3449 302 3507 ocimo
324 3451 406 3526 ipsos
427 3451 591 3510 cineremve
608 3469 707 3512 eorum
724 3455 872 3532 percussis
887 3454 1037 3530 inponunt.
1065 3453 1156 3510 minus
1177 3448 1202 3504 in

210 3531 337 3589 omnibus
353 3532 398 3592 bis
415 3535 514 3593 marini
526 3544 656 3612 prosunt.
675 3536 843 3611 Thrasyllus
857 3545 959 3597 auctor
974 3534 1100 3595 estnihil
1114 3545 1199 3610 aeque
