2430 3896
265 195 347 242 nar.
364 195 455 244 ursa.
470 198 542 244 xvr.
555 193 676 249 ιιι-38.
697 187 851 264 (6642.)

112 350 197 429 (70.)
227 347 293 408 Nec
309 350 338 408 in
351 349 483 410 fruticum
497 370 552 412 nec
570 351 599 410 in
613 354 745 431 veprium
759 351 920 412 cauliumve
935 370 1031 432 neque
1044 360 1095 417 178

58 434 82 492 in
97 433 251 493 herbarum
267 442 317 492 aut
333 433 392 492 alic
409 433 468 494 ullo
487 453 571 514 quam
593 452 645 495 suo
667 455 777 514 genere
792 445 977 496 numerentur
991 437 1052 496 iure

54 519 138 596 scirpi
156 517 281 596 fragiles
298 517 503 597 palustrcsque
519 529 548 579 et
564 520 692 596 tegulum
704 530 893 598 tegetesque,
913 539 929 580 e
949 519 1053 598 quibus

59 601 182 662 detracto
210 603 325 661 cortice
353 601 492 662 candelae
513 603 665 664 luminibus
691 614 721 664 et
742 604 890 665 funeribus
912 605 1050 665 seruiunt.

39 683 172 752 alirmior
186 685 361 765 quibusdam
377 685 406 744 in
426 685 500 746 locis
516 704 617 747 eorum
639 689 729 764 rigor.
761 707 884 768 namque
904 689 941 748 iis
959 688 1051 748 velifi-

58 779 114 830 cant
134 785 194 830 non
217 770 246 828 in
267 769 346 834 Pado
367 778 472 831 tautum
487 773 606 848 nautici,
623 789 723 832 verum
740 782 770 832 et
788 774 817 832 in
830 773 900 832 mari
924 774 1053 850 piscator

57 853 167 914 Africus
184 862 381 932 praepostero
396 871 476 914 more
500 855 566 915 vela
592 857 665 916 intra
686 856 778 916 malos
799 857 991 935 suspendens.
1024 865 1053 916 et

13 1013 14 1018 ἵ
57 938 174 1017 mapalia
195 954 249 997 sua
270 935 363 997 Mauri
382 947 496 1015 tegunt,
524 957 728 1019 proxumaque
752 941 912 1001 aestimanti
932 940 989 1000 hoc
1011 941 1051 1000 vi·

57 1023 172 1085 deantur
187 1039 257 1081 esse
275 1021 352 1100 quod
368 1023 396 1082 in
410 1023 548 1083 interiore
563 1034 646 1102 parte
662 1024 756 1084 mundi
773 1041 923 1103 papyrum.

32 1133 51 1173 ιι
109 1107 198 1187 (71.)
231 1106 281 1165 Sui
296 1105 349 1165 sed
364 1105 515 1168 frutectosi
529 1109 648 1185 generis
665 1116 730 1168 sunt
750 1109 825 1168 inter
840 1108 988 1186 aquaticas
1003 1117 1031 1168 et
1045 1114 1095 1172 179

13 1191 14 1196 ’
57 1193 111 1253 rubi
132 1202 223 1272 atque
247 1188 347 1251 sabuci
370 1191 486 1268 fungosi
506 1195 641 1269 generis,
663 1191 747 1253 aliter
763 1201 859 1252 tamen
877 1210 960 1271 quam
975 1192 1051 1251 feru·

13 1281 15 1306 ²
58 1277 113 1354 lae,
130 1279 243 1357 quippe
260 1275 327 1354 plus
343 1274 412 1352 ligni
429 1276 528 1355 utique
545 1275 669 1356 sabuco,
688 1295 725 1336 ex
740 1293 796 1356 qua
811 1279 902 1353 magis
919 1293 1053 1336 canoram

57 1361 182 1422 bucinam
198 1359 357 1438 tubamque
375 1359 467 1419 credit
484 1369 584 1439 pastor
599 1360 639 1420 ibi
656 1377 743 1420 caesa
760 1361 809 1420 ubi
827 1360 969 1437 gallorum
987 1377 1052 1420 can·

59 1455 108 1505 tum
120 1445 220 1506 frutex
232 1443 283 1503 ille
293 1461 352 1502 non
363 1444 508 1504 exaudiat.
531 1443 606 1506 Rubi
616 1461 697 1504 mora
708 1445 803 1505 lerunt
815 1453 844 1504 et
857 1446 913 1504 alio
925 1461 1037 1522 genere
1044 1451 1097 1506 180

13 1529 266 1606 jusimilitudinem
288 1545 375 1588 rosae
398 1529 446 1607 qui
466 1538 587 1589 vocatur
609 1528 795 1605 cynosbatos.
825 1529 940 1588 tertium
961 1545 1052 1604 genus

13 1611 14 1616 ’
58 1613 167 1674 ldaeum
182 1621 291 1673 vocant
307 1610 412 1672 Graeci
429 1629 445 1671 a
462 1612 541 1673 loco.
577 1615 692 1674 tenuior
713 1622 758 1673 est
782 1630 866 1692 quam
888 1620 987 1672 cetera
1003 1613 1052 1672 mi-

13 1747 14 1778 (
59 1697 230 1776 naribusque
248 1697 339 1775 spinis
356 1697 633 1758 etminusaduncis.
665 1697 799 1758 lloseius
817 1704 916 1758 contra
937 1695 1052 1774 lippitu-

13 1785 15 1834 l
59 1782 133 1844 dines
149 1782 278 1843 inlinitur
291 1780 424 1840 ermello
437 1782 489 1840 et
481 1782 644 1857 rgnisacro.
669 1791 770 1842 contra
781 1780 922 1841 stomachi
935 1796 1052 1859 quoque

13 1847 118 1927 uitia
131 1865 242 1927 bibitur
257 1883 296 1925 ex
312 1882 396 1944 aqua.
428 1864 535 1926 Sabuci
547 1867 647 1926 acinos
659 1865 766 1926 babent
777 1867 877 1943 nigros
889 1873 976 1964 atque
988 1880 1052 1943 par·

35 1967 107 2011 aros
120 1952 230 2010 umoris
247 1951 328 2026 lenti,
344 1948 497 2010 inliciendo
516 1968 647 2010 maxume
666 1950 784 2029 capillo,
803 1951 851 2029 qui
867 1958 896 2010 et
910 1949 966 2028 ipsi
980 1965 1053 2027 aqua

61 2035 167 2095 decocti
182 2035 363 2095 manduntur

14 2105 16 2200 l
115 2119 165 2181 38
191 2118 277 2196 (72.)
308 2116 398 2178 Umor
419 2128 449 2179 et
472 2118 573 2179 cortici
597 2117 731 2180 arborum
755 2127 816 2194 est,
841 2118 889 2196 qui
916 2133 1033 2192 sanguis
1044 2123 1094 2178 181

15 2201 17 2270 l
62 2202 420 2279 earumrntellegrdebet‚
442 2201 596 2263 nunidem
621 2202 767 2263 omnibus:
799 2202 862 2262 licis
883 2201 1053 2262 lactens-

15 2271 17 2336 l
62 2286 120 2346 lruic
133 2287 170 2348 ad
186 2304 293 2348 caseos
309 2286 476 2363 figurandos
497 2286 613 2385 coaguli
634 2287 736 2346 uis-
694 2287 875 2362 -‚cerasis
899 2285 1052 2346 cummino·

15 2379 114 2446 arus,
134 2371 218 2432 ulmis
238 2370 395 2447 saltuosas,
411 2370 506 2430 lentus
522 2389 557 2431 ac
572 2373 686 2449 pinguis
703 2371 797 2446 malis,
812 2369 917 2430 vitibus
933 2386 968 2429 ac
984 2368 1053 2446 piris

16 2441 18 2490 ¹
64 2471 191 2533 aquosus
221 2454 372 2515 vivaciora
395 2455 499 2533 quibus
521 2456 637 2515 lentior.
672 2464 758 2533 atque
779 2456 808 2513 in
829 2462 919 2514 totum
937 2451 1054 2529 corpori

16 2615 17 2618 Ἴ
63 2538 187 2602 morum
203 2547 236 2601 ut
249 2540 428 2619 reliquorum
443 2540 603 2601 animalium
620 2539 704 2615 cutis,
720 2540 849 2616 sanguis,
867 2553 947 2611 caro,
960 2535 1052 2610 nervi,

62 2641 155 2702 aenae,
172 2643 254 2701 ossa,
272 2623 428 2685 medullae.
455 2641 509 2702 pro
527 2633 592 2684 cute
608 2632 719 2684 cortex.
746 2624 857 2699 mirum,
873 2622 898 2681 is
913 2621 942 2680 in
956 2636 1037 2680 moro
1046 2627 1096 2683 182

62 2709 172 2770 medicis
188 2727 290 2770 aucum
312 2707 517 2787 quaerentibus
537 2726 608 2768 vere
631 2707 705 2768 bora
725 2707 782 2768 diei
805 2705 932 2768 secunda
957 2704 1053 2782 lapide

39 2792 185 2854 aincussus
200 2801 309 2870 manat,
327 2792 412 2852 altius
423 2792 531 2853 tractus
546 2793 643 2852 siccus
658 2793 781 2854 videtur.
805 2791 938 2870 proxumi
950 2788 1054 2868 pleris-

18 2917 19 2920 ,
64 2893 112 2954 que
127 2879 238 2957 adipes.
255 2877 286 2936 bl
298 2885 438 2936 vocantur
450 2895 467 2937 a
480 2874 581 2937 colore
593 2876 752 2952 alburnum,
764 2874 861 2936 mollis
871 2891 906 2934 ac
919 2889 1053 2952 pessuma

65 2977 124 3038 pars
134 2961 213 3040 ligni,
226 2962 315 3023 etiam
326 2961 355 3020 in
368 2960 477 3021 robore
488 2961 576 3020 lacile
588 2969 773 3040 putrescens,
785 2958 907 3020 teredini
916 2957 1052 3032 obnoxia,

67 3060 146 3120 quare
159 3064 279 3126 semper
297 3044 497 3123 amputabitur.
523 3045 625 3105 subest
635 3045 702 3104 huic
713 3061 792 3120 caro,
809 3044 855 3104 cui
872 3059 950 3118 ossa,
965 3041 993 3101 id
1009 3049 1054 3100 eat

66 3131 190 3191 materiae
205 3139 365 3228 optumum.
387 3127 539 3190 Alternant
554 3130 664 3189 tructus
678 3129 820 3208 quibus
795 3129 902 3188 arccius
915 3127 1033 3204 lignum,
1044 3131 1096 3188 183

19 3219 94 3268 art
112 3213 188 3291 olea,
213 3214 309 3292 magis
332 3230 416 3292 quam
438 3213 541 3292 quibus
571 3231 739 3289 carnosum,
769 3223 800 3273 ut
824 3229 953 3274 cerasus.
997 3226 1054 3268 nec

19 3269 22 3374 l
70 3297 186 3359 omnibus
199 3299 306 3378 adipes
325 3314 465 3358 carnesve
481 3297 597 3375 largae,
623 3299 706 3358 sicuti
723 3315 778 3357 nec
794 3295 954 3358 animalium
970 3311 1051 3354 acer·

20 3393 21 3438 ζ
68 3378 143 3442 rimis
171 3392 304 3444 neutrum
327 3381 432 3442 habent
446 3381 556 3480 buxus,
574 3398 697 3480 cornus,
721 3381 803 3458 olea,
826 3397 882 3440 nec
899 3377 1052 3438 medullam

20 3467 21 3470 ’
67 3463 262 3547 minumumque
279 3467 365 3528 etiam
379 3464 541 3543 sanguinis,
559 3466 643 3527 sicuti
664 3483 732 3527 ossa
748 3482 805 3524 non
826 3462 933 3523 babent
951 3462 1051 3534 sorba,

102 3568 164 3611 rum.
177 3572 240 3612 ιιιτ.
254 3571 324 3613 rusa.
343 3555 386 3612 ΙΙΙ.
708 3575 721 3602 s
871 3545 890 3606 3
