2406 3914
112 215 174 280 246
459 227 490 276 c.
504 228 602 276 amru
621 227 772 278 saeuum

114 382 271 443 cesoentis.
304 383 343 442 ita
360 381 390 442 lit
405 390 435 440 ut
450 399 507 442 non
528 381 660 444 omnihus
677 384 757 444 annis
777 385 917 445 sentiatur
933 383 993 445 hoc
1007 384 1136 444 malum.

70 467 257 534 invenenati
280 466 362 544 signa
378 475 443 525 sunt
459 467 537 545 quod
558 467 672 527 omnino
691 485 749 528 non
769 469 921 545 densatur,
942 469 1023 549 quod
1044 468 1139 528 color

113 553 204 629 magis
220 549 323 610 rutilus
340 559 396 624 est,
410 550 484 610 odor
499 550 610 612 alienus
625 560 821 613 sternumenta
837 553 970 631 protinus
989 569 1136 626 movens,

113 635 190 714 quod
209 634 403 714 ponderosius
420 636 549 695 innoxio.
586 637 634 714 qui
655 636 745 696 edere
769 636 896 698 abiciunt
920 655 953 698 se
979 636 1061 697 humi
1085 651 1136 696 re·

69 729 104 784 76
114 719 333 797 frigerationem
347 727 540 798 quaerentes,
559 737 624 779 nam
640 729 669 780 et
684 721 792 781 sudore
806 721 948 782 diffluunt.
983 719 1162 781 Remedias

70 802 205 888 meunt
226 803 329 881 multa,
359 821 434 883 quae
457 805 516 865 suis
537 803 612 864 locis
629 803 769 866 dicemus.
800 806 854 866 sed
875 806 1012 884 quoniam
1029 807 1137 864 statim

112 890 327 968 repraesentari
342 888 438 966 aliqua
458 890 486 949 in
501 889 587 948 tantis
609 888 719 949 insidiis
738 897 872 968 oportet,
899 889 1025 950 mulsum
1041 897 1136 948 vetus

113 973 237 1033 emelle
260 983 379 1053 optumo
410 981 544 1047 strata,
577 972 752 1034 salsamenta
782 975 885 1050 etiarn,
915 975 941 1033 si
966 974 1137 1033 reiciantur

113 1067 226 1136 sumpta
242 1057 357 1118 crebro.
397 1065 565 1136 certumque
584 1067 629 1117 est
643 1057 672 1118 id
686 1057 792 1118 malum
809 1076 864 1136 per
883 1066 1080 1118 excrementa
1097 1055 1137 1116 ad

113 1159 201 1202 canes
217 1142 303 1202 etiam
318 1141 474 1221 pervenire
493 1141 683 1220 similiterque
701 1143 833 1221 torqueri
848 1159 911 1202 eos.
943 1139 1071 1202 mulsum
1089 1149 1135 1200 ta·
1147 1155 1175 1196 ro

111 1244 179 1286 men
191 1243 229 1285 ex
245 1242 281 1284 eo
297 1225 486 1285 inveteratum
499 1226 653 1285 innocuum
666 1243 735 1286 esse
751 1234 882 1302 constat,
909 1235 939 1286 et
954 1227 1136 1286 feminarum

113 1318 208 1368 cutem
223 1308 303 1368 nullo
318 1308 422 1369 molius
435 1309 583 1369 emendari
602 1327 666 1370 cum
684 1319 779 1386 costo,
793 1310 951 1388 suggillata
966 1327 1032 1372 curn
1047 1309 1134 1369 aloe.

71 1401 105 1459 rt
178 1393 261 1473 (45.)
288 1390 375 1452 Aliud
390 1410 483 1470 genus
497 1393 526 1452 in
540 1393 643 1453 eodem
658 1393 741 1453 Ponti
759 1395 826 1470 situ,
844 1402 934 1471 gente
950 1394 1133 1468 Sannorum,

112 1477 208 1538 mellis
233 1475 310 1555 quod
325 1475 361 1536 ab
376 1477 486 1537 insania
503 1493 588 1555 quam
602 1478 695 1555 giguit
713 1495 925 1538 maenomenon
947 1486 1066 1538 vocant.
1103 1477 1135 1537 id

113 1562 293 1622 existimetur
319 1560 449 1621 contrairi
476 1559 550 1621 dore
577 1561 779 1622 rhododendri
798 1579 856 1642 quo
879 1571 997 1623 sentent
1020 1561 1132 1621 silvae.
1147 1572 1172 1613 1⁵

75 1657 79 1672 ¹
112 1663 245 1726 gensque
261 1661 312 1720 ea,
332 1663 397 1704 curn
412 1661 509 1704 ceram
530 1645 558 1704 in
573 1643 679 1706 tributa
701 1646 840 1706 Romanis
857 1655 1029 1725 praestent,
1056 1645 1134 1720 mel,

113 1732 247 1809 quoniam
266 1728 383 1790 exitiale
406 1737 467 1802 est,
493 1745 551 1788 non
573 1730 681 1792 vendit.
711 1728 749 1790 Et
770 1731 798 1789 in
816 1730 938 1791 Perside
959 1739 990 1790 et
1004 1731 1035 1790 in
1049 1728 1135 1790 diau-

112 1817 242 1875 retaniae
260 1811 462 1874 Caesariensis
483 1811 615 1874 Gaetulia
636 1815 814 1874 contermina
830 1813 1022 1890 Massaesylis
1036 1831 1135 1874 vene-

113 1899 171 1957 nati
192 1898 251 1982 iavi
272 1898 446 1974 gignuntur,
475 1897 647 1976 quidamque
673 1897 708 1958 ad
726 1907 856 1977 partem,
883 1916 941 1978 quo
964 1898 1037 1959 nihil
1058 1916 1133 1958 esse

71 1981 251 2046 refellamus
267 1989 381 2060 potest,
399 1982 454 2042 nisi
469 1979 547 2060 quod
564 1981 657 2042 liuore
675 1981 942 2061 deprehenduntnr.
976 1981 1053 2057 Quid
1072 1982 1168 2042 sinito

115 2064 245 2125 voluisse
261 2074 390 2125 naturam
406 2066 440 2125 iis
456 2065 629 2126 arbitremur
644 2065 771 2142 insidiis,
796 2075 827 2127 ut
848 2067 885 2128 ab
901 2067 1005 2128 iisdem
1022 2066 1134 2145 apibus

113 2165 170 2208 nec
191 2149 322 2209 omnibus
344 2150 425 2210 annis
446 2150 550 2211 derant
575 2158 696 2210 autnon
717 2151 786 2210 totis
806 2149 901 2210 invisi
933 2169 1037 2230 parum
1053 2152 1135 2210 enim

114 2242 178 2293 erat
189 2235 329 2310 genuisse
344 2251 406 2293 rem
416 2236 445 2294 in
459 2252 515 2314 qua
530 2249 673 2294 venenum
685 2232 823 2294 facillime
841 2233 982 2295 daretur?
1002 2235 1134 2295 etiamne

113 2317 171 2376 hoc
186 2316 253 2396 ipsa
268 2319 296 2376 in
311 2318 398 2379 melle
414 2327 456 2379 tot
482 2317 652 2378 animalibus
671 2314 771 2378 dedit‘l
801 2319 869 2396 quid
884 2319 941 2379 sibi
955 2319 1051 2380 voluit
1074 2320 1135 2378 nisi

113 2410 144 2461 ut
160 2403 319 2462 cautiorem
341 2403 492 2480 minusque
513 2401 626 2462 avidum
648 2401 762 2464 iaceret
780 2401 946 2463 hominem?
976 2420 1036 2462 non
1054 2405 1167 2467 enimus

115 2487 230 2564 stipsis
256 2487 360 2565 apibus
386 2486 444 2547 iam
462 2485 598 2565 cuspides
624 2485 745 2546 dederat
769 2495 798 2546 et
823 2487 939 2565 quidem
964 2498 1133 2549 venenatas

113 2569 243 2632 remedio
268 2571 408 2631 adversus
431 2569 484 2629 has
498 2571 597 2648 utique
617 2587 675 2629 non
697 2568 881 2631 differendo?
915 2589 990 2651 ergo
1014 2573 1134 2632 malvae

114 2672 186 2715 suco
201 2664 249 2716 aut
263 2655 400 2715 folionum
419 2652 549 2714 hederas
564 2656 706 2732 perungui
721 2656 850 2716 salutare
871 2665 917 2716 est
937 2656 989 2716 vel
1007 2674 1133 2735 percus-

114 2755 165 2798 sos
188 2756 239 2799 eas
256 2737 367 2799 bibere.
399 2738 500 2798 mirum
519 2746 621 2804 tamen
636 2748 681 2799 est
706 2757 818 2800 venena
839 2741 983 2818 portantis
1007 2758 1062 2801 ore
1080 2741 1133 2800 iin-

115 2823 271 2900 gentisque
288 2823 367 2902 ipsas
382 2840 440 2883 non
460 2823 548 2898 mori,
572 2823 626 2882 nisi
641 2821 718 2901 quod
738 2823 788 2884 illa
811 2823 924 2884 domina
945 2841 1048 2885 rerum
1069 2841 1165 2890 omae

114 2906 189 2964 nium
204 2904 280 2966 hanc
301 2906 381 2967 dedit
401 2907 623 2986 repugnantiam
637 2905 739 2985 apibus
763 2909 838 2968 siout
855 2917 958 2968 contra
980 2910 1132 2987 serpentis

115 2988 221 3063 Psyllis
236 2989 399 3070 Marsisque
419 2992 495 3052 inter
510 2992 651 3050 homines.

72 3083 107 3139 tc
181 3074 231 3135 14.
256 3073 341 3152 (46.)
368 3074 455 3136 Aliud
469 3075 497 3135 in
523 3074 611 3135 Grata
635 3074 803 3134 miraculum
831 3074 943 3135 mellis:
975 3095 1063 3136 mons
1086 3084 1132 3135 est

117 3155 222 3218 Carina
236 3171 315 3218 vnn
331 3173 358 3219 m
383 3175 518 3238 passuum
535 3159 657 3233 ambitu,
684 3158 757 3218 intra
774 3158 852 3236 quod
867 3160 995 3237 spatium
1011 3177 1131 3220 muscae

114 3259 172 3302 non
192 3243 392 3321 reperiuntur,
419 3251 571 3321 natumque
586 3242 626 3302 ibi
647 3240 704 3301 mel
724 3259 864 3321 nusquam
885 3245 1042 3322 attingunt.
1075 3244 1161 3305 hocas

116 3328 318 3406 experimento
335 3324 482 3402 singulare
499 3325 715 3385 medicamentis
733 3327 867 3404 exigitur.

73 3420 122 3482 80,
183 3411 267 3491 (47.)
290 3409 408 3469 Alveria
429 3410 570 3468 orientem
590 3411 834 3487 aequinoctialem
853 3420 996 3492 spectare
1023 3427 1129 3472 convc-

116 3495 166 3554 nit.
197 3494 361 3572 aquilonem
377 3492 501 3569 evitent,
527 3509 583 3552 nec
598 3490 742 3554 favonium
759 3496 860 3574 minus.
893 3496 979 3557 alvos
996 3505 1130 3575 optumas
