2458 3906
163 214 223 278 162
497 223 533 273 ¹0.
556 215 653 272 amni
676 220 827 272 saeuum

161 385 197 443 tis
210 383 265 442 iam
279 383 361 442 annis
375 382 405 440 in
421 397 457 442 ea
471 389 625 442 terla‘acn
639 381 792 456 inuenitur,
811 379 944 458 quoniam
962 375 1112 458 publicani
1124 377 1167 454 qui

161 480 268 547 pascua
290 465 453 526 conducunt
473 465 562 526 maius
583 466 621 524 ita
642 464 753 524 lucrum
776 465 937 525 sentientes
956 459 1169 542 depopulantur

161 561 301 632 pecorum
314 547 434 629 pabulo.
464 562 536 609 unus
551 549 667 608 cannino
684 547 774 608 caulie
794 556 895 608 nostra
903 549 1051 608 'menania
1072 559 1166 624 repen

160 647 206 696 tus
226 633 337 695 Neroni
358 635 482 714 principi
501 635 606 693 missua
626 643 681 694 est.
725 634 749 692 si
771 631 885 710 grando
907 631 1007 691 incidit
1027 631 1166 710 pecusin

160 737 242 800 spem
258 719 421 796 nascentis,
443 719 500 778 lucc
513 713 739 798 depredandum
758 717 861 794 signo,
883 733 941 776 cve
954 732 1020 777 cum
1035 713 1186 778 camede-s

114 805 197 868 ierit
214 804 374 864 dormiente
395 805 548 883 5pristinus,
570 811 659 887 capra
682 811 869 862 sternumme.
905 801 1011 876 diuque
1033 801 1091 858 iam
1114 815 1166 858 non

161 888 235 950 aliud
250 887 287 949 ad
301 902 355 950 nos
371 887 515 948 intellitur
528 887 607 948 laser
620 897 711 966 ‘quain
729 885 807 964 qnod
825 887 856 945 in
872 884 991 945 Perside
1013 893 1063 944 aut
1076 883 1166 944 Media

160 981 190 1035 et
205 973 342 1034 Armenia
356 973 500 1048 nascitur,
522 971 606 1049 langa
627 971 683 1030 sed
705 971 794 1030 multo
809 971 886 1030 inira
910 969 1120 1044 Cyrenaicum,
1140 967 1166 1026 id

161 1071 276 1137 quaque
294 1056 481 1138 adulteratam
492 1057 599 1116 cummi
610 1059 661 1117 aut
671 1057 899 1134 sacopenicaut
910 1053 977 1115 laha
990 1053 1095 1130 fracta,
1112 1069 1165 1130 paro

160 1144 252 1202 minus
268 1139 452 1201 emittendum
462 1141 579 1200 'videtur
593 1137 628 1200 0.
644 1140 764 1202 Valerio
779 1139 817 1200 ll.
833 1139 980 1200 Herennio
1004 1151 1085 1198 coss.
1112 1134 1165 1211 Cy·
1176 1159 1194 1200 a

161 1229 240 1287 renis
256 1225 377 1286 advecta
398 1225 519 1285 Romam
534 1224 654 1306 pulaliee
674 1219 811 1306 laserpici
834 1222 931 1303 pendo
945 1219 1039 1299 xxx,
1064 1220 1166 1282 Gaesa-

161 1327 222 1370 rem
237 1321 308 1370 vero
324 1309 495 1369 dictatcrem
512 1304 678 1370 initiolmili
691 1309 787 1368 civilis
799 1309 874 1368 iuter
891 1322 987 1368 aurum
1005 1311 1166 1383 argentum-

116 1405 151 1459 41
162 1414 218 1475 que
234 1393 390 1475 protulisse
406 1411 445 1454 ex
464 1395 578 1455 aerario
598 1393 735 1472 laserpici
759 1392 856 1472 pondu
877 1405 939 1452 um.
970 1391 1005 1451 ld
1025 1389 1102 1470 apud
1122 1407 1166 1449 au·
1191 1411 1192 1416 ¹

163 1489 260 1540 atores
276 1477 418 1540 Graeciae
432 1479 664 1540 evidentissimas
679 1479 839 1538 invenimus
854 1485 950 1537 natum
972 1473 1068 1535 imbre
1084 1475 1165 1554 picea

161 1573 283 1644 repente
299 1562 461 1624 madefacta
474 1563 579 1624 tellure
595 1573 668 1641 erga
679 1561 874 1642 Hesperidum
889 1561 1194 1638 hortcs'syrtimquec

161 1651 298 1710 maiorem
313 1657 426 1729 septem
449 1651 530 1711 annis
555 1649 621 1708 ante
633 1647 774 1730 dp‘pidunr
789 1643 981 1722 Cyrenarum,
1006 1645 1088 1724 quad
1103 1660 1165 1704 coa·

162 1734 249 1795 ditum
264 1743 309 1793 cst
325 1733 405 1794 urbis
426 1742 543 1794 masmae
564 1743 640 1794 anna
661 1743 801 1810 exprim,
822 1733 879 1792 vim
899 1740 992 1791 autem
1013 1729 1094 1790 iilam
1117 1729 1167 1807 pe'r

120 1826 297 1898 iaquuattuor
320 1818 397 1878 milia
418 1817 538 1878 stadium
559 1816 679 1878 Africae
698 1816 837 1878 ualuisse.
875 1815 903 1874 iu
925 1834 961 1875 ea
983 1815 1166 1894 laserpicium

161 1905 242 1980 gigni
257 1902 380 1978 solitum,
396 1910 458 1962 rem
474 1903 832 1963 ieramac‘ccnturnacem
854 1909 899 1976 et,
920 1901 945 1960 si
962 1899 1125 1975 coleretur,
1140 1898 1166 1956 lu

162 1987 276 2047 deserta
294 1986 468 2062 fugientem,
490 1987 588 2047 radice
608 1986 695 2048 multa
717 2001 890 2064 crassaque,
913 1983 996 2044 caule
1017 1983 1194 2044 ferulaceam

162 2089 197 2131 ac
218 2070 301 2130 simili
325 2070 524 2131 crassitudine.
552 2071 635 2131 huius
649 2071 719 2132 lolia
740 2078 900 2149 maspetum
919 2067 1082 2146 vocabant,
1103 2067 1164 2146 apio

162 2171 294 2214 maxume
312 2155 423 2232 similia.
453 2173 553 2215 semen
569 2147 632 2216 erat
648 2155 816 2231 soliassum,
838 2154 938 2213 iulium
963 2153 1059 2230 ipsum
1079 2155 1164 2214 v'e'ruc

119 2238 321 2301 dedeciduum.
354 2241 435 2300 vesci
450 2237 671 2320 peccra'sclita,
687 2242 837 2320 primoque
859 2233 993 2317 purgari,
1014 2249 1087 2298 men
1108 2237 1163 2317 pin·

162 2341 306 2401 guescere
321 2338 409 2385 carne
423 2324 627 2385 mirabilem'in
642 2324 755 2384 mudum
775 2323 905 2384 incunda.
923 2330 990 2402 pust
1000 2321 1074 2382 folia
1085 2321 1164 2382 anis·

162 2426 194 2468 sa
210 2407 292 2469 caule
307 2409 373 2488 ipso
391 2418 420 2468 et
434 2409 566 2469 hemines
583 2411 776 2471 vescebantur
794 2407 1077 2486 decoctoassoque,
1088 2406 1193 2468 elixos

162 2509 393 2573 eorumquoque
416 2505 542 2573 corpora
555 2503 603 2553 xm
620 2495 723 2572 ›p'rimis
744 2492 845 2553 diebus
863 2500 1023 2571 purgante,
1047 2487 1108 2551 utili
1122 2489 1165 2549 lrls

162 2577 302 2638 omnihus.
319 2596 405 2638 sucus
420 2578 531 2638 duobus
542 2577 635 2637 modis
647 2578 824 2656 capiebatur,
838 2577 964 2637 eradicc
976 2585 1065 2656 atque
1074 2575 1163 2636 caule.

162 2673 192 2722 et
206 2662 278 2725 haee
294 2661 350 2722 duo
367 2671 449 2722 erant
465 2663 590 2739 numina,
600 2661 711 2722 'rhizias
726 2670 812 2742 atque
830 2661 938 2722 caulias
953 2661 1041 2722 uilior
1063 2661 1114 2722 illo
1132 2675 1164 2720 ac

119 2753 343 2826 ilputrescens.
379 2747 468 2807 radici
492 2755 595 2806 corten
618 2748 715 2824 miger.
755 2747 792 2808 ad
817 2749 924 2808 mercis
942 2746 1093 2808 ¹adulteria
1121 2763 1162 2804 su-

163 2849 226 2891 cum
243 2833 334 2910 ipsum
350 2832 378 2890 in
392 2833 620 2892 vasaumecmn
640 2831 764 2892 admixto
786 2831 897 2892 iuriure
917 2831 1038 2892 subinde
1062 2845 1193 2896 coneda

161 2915 259 2976 tiendo
277 2917 312 2975 ad
330 2912 519 2976 maturitatem
537 2917 749 2995 perducebam,
772 2919 800 2976 ni
826 2919 865 2977 ita
893 2917 1059 2994 iecissent,
1071 2913 1161 2996 putress

162 3008 300 3060 scentem.
337 3011 533 3078 argumentum
550 3010 612 3062 erat
632 3002 800 3062 maturitatis
823 3001 905 3062 colos
927 3001 1102 3080 siccitasque
1121 3015 1161 3058 su·

118 3092 153 3148 45
161 3084 233 3145 dore
250 3085 339 3146 linito.
369 3081 427 3147 Alii
442 3086 556 3147 tradunt
570 3085 707 3166 laserpici
722 3086 848 3148 radicem
863 3085 952 3145 luisse
967 3086 1104 3145 maiorem
1118 3099 1161 3141 cu·

159 3169 410 3249 munimenque
426 3173 454 3230 in
470 3190 505 3232 ea
523 3183 610 3250 supra
625 3179 740 3232 terram.
769 3171 826 3231 hoc
841 3171 935 3230 inciso
952 3169 1100 3248 profluere
1119 3181 1162 3226 so·

162 3255 240 3315 litum
256 3273 355 3334 sucum
370 3273 424 3316 ceu
441 3255 535 3332 lactis,
550 3261 705 3336 supernato
722 3255 803 3316 caule
821 3273 905 3334 quem
925 3253 1101 3330 magydarim
1114 3268 1192 3313 vo=ss

163 3347 272 3400 cerunt.
302 3340 372 3401 lolia
386 3341 467 3401 aurei
483 3339 591 3400 coloris
607 3347 661 3419 pre
674 3341 786 3400 semine
801 3340 906 3414 luisse,
928 3336 1061 3399 cadentia
1083 3356 1098 3398 a
1117 3353 1162 3395 ca·

161 3423 205 3484 uis
223 3431 286 3484 ortu
304 3433 402 3484 austro
422 3424 519 3484 il'ante.
551 3441 589 3484 ex
609 3423 654 3484 luis
675 3423 858 3502 laserpicium
879 3422 959 3482 nasci
982 3421 1096 3483 solitum
1115 3437 1161 3478 an-

161 3524 219 3568 rnre
232 3509 325 3585 spatio
341 3516 370 3567 et
387 3508 484 3568 radice
499 3516 528 3567 et
544 3507 626 3568 caule
645 3507 904 3570 consummantibus
920 3522 997 3567 sese.
1028 3506 1057 3568 lri
1073 3515 1100 3567 et
1110 3505 1161 3564 cir-
