2508 3924
198 230 258 300 198
347 305 350 310 Ι
531 239 834 290 c.rnm1ssouno1

194 397 264 456 tioui
291 396 320 455 in
341 396 480 456 asinarum
503 413 633 456 maxume
657 395 732 456 lacte
755 395 805 456 rel
827 413 865 456 ex
891 411 975 474 aqua.
1014 393 1159 456 menbrana

195 488 294 559 partus
315 496 427 555 earum,
448 481 609 557 praecipue
626 480 650 539 si
664 497 771 540 marem
785 480 971 560 pepererint,
991 476 1109 538 olefacta
1120 495 1159 540 ac·

195 563 318 623 cedente
337 562 438 622 morbo
461 563 642 622 comitialium
655 565 772 623 resistit.
803 571 869 622 sunt
890 563 969 640 quie
986 580 1064 620 mare
1078 563 1158 638 nigro

195 665 250 725 que
268 663 319 706 cor
334 646 473 706 edendum
488 663 551 705 cum
572 665 646 725 pane
661 645 773 706 subdiu
794 648 883 724 prima
903 652 951 704 aut
964 644 1091 706 secunda
1107 645 1158 706 lum

195 732 384 808 praecipiant,
398 729 445 789 alii
461 747 591 806 carnem,
607 730 693 810 aliqui
709 731 875 806 sanguinem
894 736 978 788 aceto
994 727 1106 788 dilutum
1117 745 1172 806 pars

152 824 203 878 226
214 813 276 873 dies
290 812 340 872 XL
356 811 518 872 bibendum.
553 813 664 891 quidam
679 815 785 872 urinam
800 830 891 889 aquae
906 812 1049 871 ferrariae
1065 829 1100 870 ex
1112 810 1159 872 oii-

195 899 265 957 cinis
280 897 403 954 miscent
422 897 580 974 eademque
596 897 714 974 potione
732 906 760 956 et
775 895 927 974 lymphatis
943 895 1102 956 medentur.
1123 911 1161 954 eo·

194 979 346 1039 initialibus
369 979 450 1038 datur
473 988 502 1038 et
528 980 613 1039 lactis
634 980 730 1056 equini
752 989 836 1058 potus
864 977 1020 1056 lichenque
1046 979 1074 1037 iu
1092 985 1162 1037 aceto

193 1064 285 1123 mulso
302 1062 453 1138 bibendus,
476 1063 577 1122 dantur
597 1070 626 1122 et
646 1081 748 1122 carnes
764 1064 898 1141 caprinae
919 1063 948 1120 in
968 1078 1046 1138 rogo
1060 1061 1164 1122 hominis

194 1156 302 1222 tostae,
323 1155 354 1206 ut
368 1146 466 1205 volunt
480 1145 572 1222 Magi,
600 1145 700 1205 sebum
715 1164 812 1206 earum
828 1163 891 1206 cum
904 1145 976 1205 lelle
990 1147 1101 1205 taurino
1114 1145 1188 1223 parto

193 1231 322 1310 pondere
344 1227 496 1288 decoctum
519 1238 547 1288 et
569 1229 598 1288 iu
622 1229 755 1290 folliculo
779 1229 856 1288 fellis
878 1228 1061 1289 reconditum
1080 1229 1116 1286 ita
1136 1243 1166 1286 ne

193 1323 298 1374 terram
312 1315 441 1389 attingat,
454 1321 552 1390 potum
567 1329 637 1372 vero
650 1331 688 1372 ex
703 1331 775 1391 aqua
790 1313 921 1392 sublime.
944 1311 1076 1371 morbum
1089 1313 1167 1389 ipsum

134 1411 142 1426 ¹
193 1395 383 1476 deprehendit
405 1397 515 1474 caprini
530 1413 635 1456 cornus
652 1395 701 1455 vel
723 1397 831 1456 cervini
845 1397 901 1456 usti
920 1395 1015 1455 nidor.
1045 1395 1167 1455 Sideratia

193 1483 272 1540 urina
284 1479 354 1557 pulli
366 1480 466 1539 asinini
479 1479 567 1538 nardo
580 1479 704 1539 admixto
717 1481 904 1559 perunctione
916 1478 1060 1556 prodesse
1072 1479 1167 1538 dicitur.

152 1575 202 1630 ⁸227
268 1563 351 1641 (64.)
371 1563 466 1639 Regio
482 1562 583 1622 morbo
600 1580 704 1622 cornus
716 1563 913 1638 cerviuiciuis‚
928 1565 1049 1638 sanguis
1060 1562 1126 1621 asini
1138 1575 1189 1618 ern

195 1649 277 1724 rino,
293 1649 361 1714 item
382 1647 475 1706 limum
496 1647 596 1705 asinini
617 1646 687 1723 pulli
710 1645 787 1725 quod
810 1647 928 1723 primum
949 1645 1042 1705 edidit
1063 1663 1080 1706 a
1099 1651 1168 1723 partu

195 1731 289 1791 datum
304 1729 389 1790 labae
403 1728 595 1805 magnitudine
611 1746 628 1788 e
643 1731 710 1788 vino
726 1729 857 1789 medetur
874 1729 948 1789 iutra
968 1730 1047 1788 diem
1061 1730 1166 1788 tertium

195 1815 294 1874 eadem
312 1822 341 1872 et
358 1831 396 1872 ex
413 1813 517 1890 equino
534 1811 614 1889 pullo
632 1812 819 1890 similiterque
833 1813 877 1872 ris
893 1820 948 1872 est.

263 1897 345 1974 (65.)
366 1894 478 1954 Fraotis
493 1893 607 1955 ossibus
620 1904 849 1974 praesentaneus
861 1894 1044 1954 maxillarum
1061 1895 1120 1973 apri
1137 1895 1167 1952 oi·

194 1982 238 2038 nis
261 1979 308 2038 vel
328 1980 401 2055 suis,
421 1980 487 2036 item
502 1978 611 2038 lardum
632 1977 737 2037 elixum
758 1986 843 2055 atque
865 1977 1094 2054 circumligatum
1111 1977 1192 2034 mhan

195 2062 344 2122 celeritate
366 2060 479 2120 solidat.
510 2063 598 2121 costis
620 2060 732 2140 quidem
755 2060 853 2120 lractis
874 2060 1007 2128 laudatur
1030 2062 1112 2120 unice
1131 2076 1168 2120 ca·

194 2147 305 2223 prinum
320 2144 412 2202 fimum
428 2145 546 2203 exulus
561 2154 671 2220 vetere,
688 2145 788 2222 aperit,
807 2143 939 2218 extrahit,
958 2153 1105 2220 persanat

153 2239 204 2292 228
268 2227 349 2305 (66.)
371 2224 472 2286 Febris
489 2237 569 2288 arcet
584 2245 733 2288 cervorum
752 2243 836 2303 caro,
850 2235 881 2287 ut
895 2227 1039 2302 diximus,
1056 2243 1106 2286 eas
1120 2224 1169 2303 qui·

159 2312 176 2351 ⁸⁵
190 2310 223 2344 ¹¹⁹
236 2309 299 2369 dem
314 2328 387 2388 quae
400 2320 480 2370 certo
493 2311 600 2372 dierum
615 2328 733 2371 numero
749 2310 869 2370 redeunt
884 2310 987 2371 oculus
1003 2310 1065 2388 lupi
1082 2310 1170 2369 deuter

195 2395 287 2454 salsas
306 2394 544 2472 adalligatusque,
561 2397 585 2454 si
602 2394 743 2454 credimus
754 2395 858 2472 Magis.
878 2393 933 2454 Est
946 2411 1042 2470 genus
1061 2391 1190 2452 terrione

194 2478 272 2556 quod
286 2476 519 2555 amphemerinon
535 2486 648 2538 vocant.
683 2477 740 2537 hoc
754 2477 869 2540 libcrari
886 2477 1018 2554 tradunt,
1037 2492 1138 2542 evena
1150 2473 1170 2532 si

196 2565 259 2638 quis
275 2563 349 2621 auris
366 2563 437 2620 asini
453 2563 504 2622 tris
516 2571 610 2637 guttas
625 2562 771 2638 sanguinis
789 2562 817 2620 in
829 2560 942 2622 duabus
956 2559 1079 2620 heminis
1089 2573 1169 2636 aquae

195 2644 331 2705 hauserit.
362 2646 504 2722 quartanis
519 2645 597 2721 lilagi
618 2653 802 2704 excrementa
817 2643 883 2704 ielis
900 2661 964 2703 cum
986 2643 1077 2720 digito
1091 2640 1168 2702 hubo

194 2731 238 2787 nis
259 2727 407 2804 adalligari
428 2727 540 2804 iubent,
565 2735 594 2786 et
613 2744 649 2786 ne
664 2727 794 2787 recidant
810 2744 868 2788 non
888 2729 1035 2786 removeri
1059 2733 1167 2804 septeno

153 2812 340 2876 229cirouitu.
369 2813 432 2906 quis
450 2811 521 2887 hoc,
537 2827 664 2889 quaeso,
690 2811 820 2869 invenire
837 2808 949 2890 potuit?
978 2827 1054 2889 quae
1067 2817 1110 2869 est
1121 2809 1189 2866 istas

195 2889 335 2951 mixtura?
363 2913 414 2954 cur
436 2895 540 2971 digitus
564 2895 741 2970 potissimum
758 2892 880 2952 bubonis
897 2894 1010 2955 electus
1025 2891 1091 2952 est?
1117 2907 1165 2950 no·

196 2977 340 3034 destiores
366 2977 447 3036 iocur
467 2978 532 3037 ielis
556 2976 745 3037 decrescente
765 2975 830 3035 luna
854 2979 969 3036 occisae
991 2979 1166 3036 inveteratum

196 3058 258 3118 sale
280 3074 318 3114 ex
338 3057 404 3116 vino
423 3058 574 3120 bibendum
595 3068 660 3118 ante
680 3059 868 3119 accessiones
894 3069 1050 3136 quartanae
1071 3058 1165 3118 dixere.

195 3142 279 3201 iidem
294 3138 369 3213 Magi
385 3141 440 3198 limi
458 3141 554 3202 bubuli
569 3144 665 3224 cinere
680 3158 840 3219 consperso
855 3160 1008 3220 puerorum
1023 3143 1103 3201 urina
1115 3139 1163 3198 iuli·

195 3233 263 3283 nunt
278 3222 384 3298 digitos
402 3223 504 3298 pedum
518 3226 704 3302 manibusque
721 3224 833 3302 leporis
847 3243 903 3285 cor
916 3224 1078 3301 adalligant,
1110 3236 1186 3282 coes

195 3306 291 3381 gulam
310 3314 374 3363 ante
390 3308 573 3368 accessiones
587 3311 747 3387 propinant.
780 3308 863 3368 datur
883 3316 912 3368 et
926 3325 1030 3368 caseus
1045 3308 1164 3386 caprinus

110 3445 113 3450 ,
195 3403 300 3444 recens
317 3405 379 3445 aum
394 3386 479 3444 melle
495 3389 646 3466 diligenter
663 3407 731 3451 sero
746 3408 899 3470 expresso·

54 3551 58 3564 ι
153 3476 205 3530 230
269 3469 316 3526 17.
341 3467 424 3543 (67.)
445 3469 660 3537 Melancholicis
677 3477 770 3534 limum
791 3477 872 3536 vituli
891 3476 920 3534 in
944 3476 1009 3535 rino
1026 3475 1162 3536 decoctun
