2370 3922
180 245 224 314 '20
522 263 553 313 c.
568 265 665 312 unum
683 263 835 313 secunus

136 429 173 484 99
242 418 325 498 (49.)
351 415 592 495 hyoscyaminum
605 417 780 478 emolliendo
794 418 866 478 utile
880 427 938 496 est,
952 420 1047 478 nervis
1063 419 1156 480 inutile.

181 509 281 580 potum
295 501 410 580 quidem
425 502 540 562 cerebri
551 510 645 561 motans
658 503 734 562 iacit.
748 502 961 562 Therminume
975 503 1076 580 lupinis
1086 503 1159 564 emol-

136 586 232 663 thlit,
253 601 423 664 proxumum
441 603 564 646 rosaceo
580 585 695 646 edecta.
725 585 922 645 Narcissinum
936 587 1041 645 dictum
1054 594 1096 644 est
1108 603 1161 644 cum

179 685 235 730 sno
257 669 340 730 dore.
375 667 573 748 Raphaniuunn
593 669 760 747 phthiriasis
781 669 870 746 longa
886 669 1043 728 valitudine
1065 677 1163 728 eontra-

54 816 59 826 ,
138 762 242 818 95ctas
263 753 341 813 tollit
361 754 572 829 scabritiasque
589 755 663 812 cutis
687 755 717 812 iu
738 753 814 812 iacie
829 753 971 812 emendat.
1004 751 1171 811 sesama

180 839 290 896 auriam
306 836 426 897 dolores
442 845 523 896 sanat
538 845 569 895 et
583 835 682 896 ulcera
693 854 768 914 quae
779 843 902 914 serpunt
913 844 1028 912 etquae
1039 852 1132 895 cacos

137 917 171 994 ,²4¹¹
182 928 297 979 vocant.
327 919 460 996 hilinum,
484 919 563 996 quod
582 928 614 979 et
628 919 810 980 Phaselinum
825 926 856 978 et
874 918 990 996 Syrium
1004 920 1133 978 vocavim
1151 947 1164 1001 j*-

180 1003 301 1064 renibus
315 1003 497 1063 utilissimum
511 1011 558 1062 est
571 1004 785 1080 sudoribusque
801 1003 976 1078 evocandis,
991 1002 1093 1062 vulvae
1107 1019 1136 1060 uu

180 1086 295 1146 liendae
309 1087 584 1164 concoquendisque
604 1089 690 1147 intus.
720 1086 893 1164 Selgiticum
906 1088 1008 1146 nerum
1023 1086 1094 1144 utile
1109 1104 1136 1144 e<
1155 1099 1163 1135 2

138 1169 169 1244 ἐξ·
183 1169 322 1247 diximus,
338 1171 413 1231 sicut
427 1169 603 1230 herbaceum
616 1189 750 1249 quoque,
766 1169 844 1248 quod
858 1169 972 1246 Iguuini
990 1171 1069 1230 cirea
1079 1169 1125 1229 tu·

179 1255 255 1314 uim
269 1257 343 1314 viam
357 1252 493 1314 rendunt.
561 1265 564 1273 ·

138 1347 172 1402 96
244 1338 326 1416 (50.)
357 1335 535 1414 Elaeorneli,
560 1338 638 1415 quod
659 1339 688 1397 in
708 1335 793 1413 Syria
812 1353 853 1398 ex
873 1337 945 1414 ipsis
969 1335 1048 1396 oleis
1068 1354 1136 1395 muas

136 1439 167 1482 ιι.
178 1439 202 1474 ιι
223 1419 356 1497 diximus,
369 1438 475 1500 sapore
487 1421 605 1498 melisa,
617 1439 675 1482 uon
686 1423 749 1480 sine
759 1419 860 1480 nausia
871 1420 967 1480 alucrn
978 1420 1079 1496 solvit,
1093 1419 1141 1479 bil

179 1507 338 1582 praecipue
352 1505 476 1564 detrahit
493 1505 605 1566 duobus
622 1505 733 1582 cyathis
747 1507 777 1563 in
791 1504 905 1564 hemina
920 1519 1015 1581 aquae
1033 1503 1112 1578 datis,
1138 1532 1148 1579 χ

178 1587 284 1648 bibere
308 1597 479 1667 torpescunt
502 1591 722 1666 excitanturque
742 1588 859 1648 crebro.
896 1595 1127 1665 potores
1153 1649 1154 1656 χ

178 1680 420 1749 praesumenter
437 1690 474 1732 eo
491 1671 623 1748 cyathum
638 1689 730 1731 nuum.
763 1671 878 1731 Piscina
895 1671 964 1730 olco
979 1687 1053 1730 neus
1072 1671 1105 1730 ad
1124 1694 1126 1707 ι
1158 1693 1160 1696 ·

180 1757 233 1814 sim
250 1764 280 1814 et
296 1756 502 1834 quadripedum
518 1756 646 1815 scabiem
661 1764 714 1814 est.

136 1844 170 1903 97
242 1839 324 1916 (51.)
353 1839 380 1898 Α
402 1840 509 1898 vitibus
533 1839 665 1917 oleisque
685 1855 824 1917 proxuma
841 1837 979 1898 nobilitas
995 1837 1105 1915 palmis.
1139 1866 1166 1906 s,

176 1921 293 1980 ebriant
307 1931 455 1999 recentes,
471 1925 573 2000 capitis
589 1922 722 1983 dolorem
736 1922 869 1982 adierunt
882 1923 975 1982 miuus
993 1923 1099 1998 siccae,
1118 1948 1139 1973 a·
1150 1926 1161 1959 -'

177 2011 313 2080 mantum
327 2005 458 2082 videtur,
483 2007 571 2066 utiles
587 2006 742 2067 stomacho.
779 2007 882 2065 tussim
894 2013 1091 2082 exasperant,
1118 2030 1155 2055 νιι

177 2101 232 2165 pus
250 2087 337 2146 alunt.
363 2107 462 2148 sucum
477 2090 660 2150 decoctarum
674 2091 783 2168 antiqui
797 2107 851 2167 pro
866 2087 1064 2166 hydromelite
1079 2088 1103 2147 de
1117 2114 1119 2139 ι
1134 2114 1136 2117 ·
1162 2116 1165 2121 »

131 2193 133 2198 ·
151 2221 153 2226 .
177 2173 277 2246 aegris
293 2171 328 2232 ad
343 2173 413 2230 viris
428 2173 621 2249 recreandas,
637 2175 714 2234 sitim
729 2173 894 2250 sedandam,
909 2174 939 2231 in
954 2189 1014 2249 quo
1030 2191 1084 2231 usu
1098 2185 1163 2249 praa

179 2254 313 2314 ferebant
329 2254 498 2316 Thebaicas
532 2258 700 2334 sauguinem
714 2275 829 2334 quoque
846 2255 1070 2316 exserentibus
1082 2254 1171 2330 utileq'

178 2339 208 2395 in
233 2337 300 2399 cibo
326 2355 466 2422 maxume
510 2341 667 2400 inlinuntur
693 2350 830 2416 caryotae
855 2339 1024 2415 stomacho,
1055 2329 1171 2412 vestm}

179 2423 292 2497 ventri,
314 2411 460 2482 intestinis
483 2441 546 2483 cum
566 2426 699 2484 cotoneis
714 2433 745 2484 et
761 2441 828 2484 cera
845 2432 875 2483 et
888 2440 987 2483 croco.
1026 2424 1123 2500 suggi

181 2506 342 2565 emendant.
385 2507 480 2566 nuclei
500 2507 657 2584 palmarum
676 2509 794 2568 eremati
818 2509 849 2566 iu
872 2507 951 2566 iictili
974 2522 1057 2566 nouo
1083 2507 1163 2564 cin

179 2586 242 2648 loto
263 2577 347 2668 spodi
366 2592 459 2649 vicem
478 2591 607 2650 efficiunt
625 2592 841 2669 miscenturque
857 2590 989 2694 collyriis
1005 2597 1038 2648 et
1054 2585 1171 2648 ealhblt·

179 2671 268 2749 phara
284 2673 390 2732 faciunt
405 2673 500 2733 addito
517 2673 615 2734 nardo
1169 2699 1171 2712 ·

138 2763 173 2818 98
244 2757 272 2815 5.
304 2756 385 2835 (52.)
411 2756 505 2816 Palma
527 2773 601 2834 quae
621 2758 680 2818 lert
700 2756 915 2833 myrobalanum
930 2755 1171 2835 probatissimain

179 2836 336 2916 Aegypto,
353 2858 420 2901 ossa
435 2859 493 2902 uon
509 2841 597 2900 habet
613 2841 788 2920 reliquarum
802 2841 887 2901 modo
902 2843 932 2900 in
944 2841 1075 2920 balanis,
1088 2813 1171 2912 aluoul

181 2927 211 2978 et
224 2937 342 2980 meuses
363 2926 422 2983 ciet
440 2927 470 2984 in
483 2926 552 2984 vino
568 2933 685 2986 austero
703 2934 733 2985 et
746 2925 867 2986 volnera
884 2925 1171 3001 conglutinat*

138 3013 172 3066 99
245 3004 326 3082 (53)
360 3006 455 3068 Palma
481 3008 557 3068 elate
581 3011 645 3069 sive
668 3009 771 3087 spathe
794 3009 953 3068 medicinae
977 3011 1096 3070 conlert
1113 3023 1163 3086 ger·

102 3103 108 3112 ’
180 3087 273 3162 mina,
295 3088 384 3165 lolia,
399 3093 547 3152 corticem.
577 3093 648 3154 lolia
664 3094 839 3170 inponuntur
857 3093 1063 3170 praecordiis,
1080 3100 1162 3153 stonu-

178 3169 283 3246 eho,
274 3172 414 3249 iocineri,
429 3173 576 3235 ulceribus
593 3194 665 3253 quae
681 3184 817 3254 serpunt,
834 3177 962 3234 cicatrici
979 3175 1160 3254 repugnanti·

178 3270 283 3330 psoras
297 3261 401 3314 cortex
416 3259 479 3316 eius
494 3267 579 3319 tener
593 3277 655 3318 euru
670 3259 768 3319 resina
783 3267 813 3318 ct
824 3275 891 3318 cera
903 3268 986 3318 sanat
999 3260 1103 3320 diebus
1115 3251 1171 3317 xxa

179 3335 365 3412 decoquitur
376 3346 407 3396 et
433 3340 469 3400 ad
496 3345 612 3402 testium
632 3344 709 3402 titia.
754 3342 886 3442 capillum
907 3341 1046 3418 denigrat
1075 3341 1160 3411 suffitu,

179 3425 278 3495 partus
300 3421 436 3482 extraldt.
464 3423 548 3484 datur
570 3425 713 3486 bibendus
735 3428 846 3485 renium
860 3427 940 3485 vitiis
962 3435 994 3485 et
1014 3426 1161 3488 vesicaetl

179 3503 432 3584 praecordiorum,
457 3515 488 3566 et
508 3511 594 3586 capiti
611 3518 641 3569 et
655 3510 754 3570 nervis
770 3511 907 3570 iuimicus.
938 3509 1049 3571 volvae
1066 3529 1098 3570 ac
1110 3522 1159 3568 ιιι·
