2396 3922
97 259 99 265 ’
175 249 219 312 bi
511 259 542 310 c.
557 261 652 310 nunu
670 258 818 310 secunus

176 414 289 476 hordeo
308 417 450 490 nascitur,
477 416 564 500 tritici
591 414 679 491 folio,
705 415 813 474 senine
838 414 959 474 counito
985 429 1045 472 cun
1065 411 1141 472 tuna

176 500 318 576 permixta
335 499 517 576 inpositaque
531 500 580 558 vel
597 516 678 560 mco.
716 499 882 576 exprimitur
895 516 914 557 e
930 497 1011 556 caule
1025 495 1141 574 loliissne

177 581 383 658 praegnatibus
399 582 516 660 dempta
531 585 613 660 spica
631 591 661 642 et
673 584 701 641 in
715 582 851 641 trimestri
869 581 962 640 farine
979 579 1108 656 digeritur
1118 579 1142 636 in

175 665 317 742 pastillos.

132 757 184 812 147
238 747 325 827 (94.)
345 748 443 825 Aliqui
457 757 487 808 ot
501 748 694 824 mandragora
712 748 872 808 utebantur.
899 756 1003 825 postea
1017 745 1161 805 abdicatus

91 875 93 880 -
175 839 221 890 eet
238 833 266 889 in
281 831 337 892 hac
352 832 510 892 curatione.
529 831 688 910 epiphoris,
703 831 780 909 quod
797 840 905 890 eertum
921 841 976 906 est,
993 829 1112 888 medetur
1123 835 1146 885 et

37 922 42 931 '
175 914 325 974 oculorum
341 913 435 974 dolori
449 913 531 974 radix
542 924 699 975 musaeum
712 929 837 974 rosaceo
853 923 883 973 et
896 916 974 973 sino.
1002 931 1063 972 nan
1076 927 1145 970 suom

173 997 270 1058 staltis
280 997 428 1058 oculorum
442 997 655 1058 medicamentis
665 1000 810 1058 miscetur.
825 997 1033 1074 mandragoran
1042 995 1088 1054 alii
1097 993 1145 1052 (lir-

175 1097 268 1142 caeou
286 1089 400 1140 vocant.
428 1080 487 1140 duo
502 1082 564 1142 eius
578 1099 701 1157 genera:
727 1080 864 1140 medidus
883 1083 931 1158 qui
948 1089 978 1140 et
992 1097 1065 1155 snas,
1080 1080 1144 1154 niger

174 1165 224 1242 qui
237 1164 343 1228 femina
362 1164 557 1239 existimatur,
577 1163 790 1240 angustioribus
811 1181 893 1242 quain
917 1164 1049 1223 lactucae
1073 1161 1166 1233 ioliiun

173 1247 290 1308 hirsutis
305 1257 335 1311 et
349 1246 495 1322 caulibus,
510 1247 655 1308 radicibus
669 1247 742 1309 binis
756 1250 882 1306 nunnus
899 1247 1019 1320 rutulis,
1035 1247 1104 1304 intus
1114 1243 1144 1302 al·

133 1329 257 1403 stabis,
280 1333 411 1391 carnosis
436 1331 620 1408 tenorisque,
643 1347 737 1410 paene
761 1330 941 1391 cubitalibus.
973 1330 1067 1389 ierunt
1087 1326 1146 1386 nala

173 1412 369 1474 abellanarum
381 1433 484 1474 nucum
495 1413 687 1491 magnitudine
705 1423 735 1474 et
747 1415 775 1472 in
787 1413 833 1472 lais
846 1431 944 1472 semen
956 1431 1012 1472 cen
1028 1413 1145 1490 plu-oron

173 1497 231 1558 soc
242 1496 310 1558 albo
328 1499 376 1558 alii
394 1516 515 1572 ausona,
533 1499 581 1558 alii
596 1499 723 1570 marion,
743 1497 791 1558 alii
808 1497 1040 1576 hippophlomon
1052 1501 1145 1554 vocant.

173 1579 258 1640 huius
274 1581 345 1642 folia
360 1581 436 1654 alba,
453 1582 570 1641 alterius
588 1582 690 1640 latiora
705 1589 735 1640 ut
748 1579 861 1659 lapathi·
875 1583 996 1640 sativae.
1033 1575 1169 1638 edossnrin

174 1673 280 1724 urent
300 1667 474 1724 carnarium
490 1672 649 1724 ventumst
664 1663 754 1724 tribus
770 1663 886 1724 circulis
905 1671 975 1722 ante
991 1662 1086 1739 gladio
1104 1661 1144 1718 cie

174 1748 380 1824 conscribunt,
397 1758 500 1828 postea
512 1747 620 1808 iadiunt
633 1747 669 1808 ad
684 1745 820 1806 occasum
830 1755 1012 1825 spectantes.
1033 1763 1110 1804 sucus
1123 1743 1146 1799 it

172 1839 204 1890 et
218 1849 236 1890 e
251 1831 334 1891 malis
350 1840 379 1891 et
391 1832 473 1894 caule
485 1832 585 1892 deciso
598 1833 744 1892 cacumine
758 1837 816 1890 ete
829 1829 926 1889 radice
938 1829 1055 1907 pondis
1064 1833 1145 1905 apuu

172 1923 222 1972 ant
236 1915 370 1975 decocta.
400 1915 478 1975 utilis
492 1915 565 1974 haec
583 1914 629 1974 vel
649 1913 776 1977 surculo.
810 1916 926 1972 concisa
944 1929 1062 1990 uaeque
1075 1913 1100 1968 in
1111 1925 1146 1967 ot·

131 2007 183 2062 149
194 1995 309 2056 hinulos
324 2008 457 2058 seruatur
474 1999 502 2056 in
522 2000 599 2056 sino.
639 2009 726 2056 sucos
746 2014 806 2056 non-
824 1996 928 2073 ubique
946 1995 1086 2054 invenitur
1100 1988 1175 2064 scd!-

173 2079 223 2138 uhi
239 2087 346 2157 potest,
363 2081 440 2140 circa
456 2081 613 2140 vindemias
627 2081 781 2158 quaeritur.
826 2079 898 2139 odor
919 2079 1020 2154 gravis
1039 2079 1083 2148 ei,
1105 2071 1145 2132 sel

173 2161 281 2232 radicis
295 2171 325 2222 et
339 2164 405 2224 mali
423 2165 550 2240 gravior„
568 2171 597 2222 et
612 2163 669 2222 albi
684 2163 757 2224 mala
774 2171 881 2222 matura
897 2163 924 2220 in
939 2163 1041 2222 umbra
1055 2161 1146 2219 siccan-

173 2255 229 2304 tur.
260 2263 346 2306 sucus
362 2265 399 2306 ex
415 2249 450 2308 iis
464 2246 528 2306 sole
549 2247 701 2321 densetur,
727 2248 795 2306 item
818 2245 924 2304 radicis
945 2253 1049 2304 tunsae
1069 2239 1144 2300 sellu

173 2331 243 2388 vino
268 2330 352 2406 nigro
373 2329 408 2390 ad
432 2332 533 2392 tertias
557 2331 725 2390 decoctae
758 2329 828 2388 iulia
849 2337 1001 2387 servantur
1024 2330 1052 2387 in
1074 2322 1145 2383 nuria

174 2412 335 2488 efficacius,
352 2413 423 2474 alias
440 2414 599 2472 recentium
617 2431 702 2473 sucus
717 2413 810 2490 pestis
828 2421 881 2470 est.
918 2413 961 2470 sic
982 2427 1095 2490 quoque
1106 2419 1165 2464 nott

132 2509 185 2561 15⁰
195 2497 261 2556 xiae
276 2498 364 2556 viros.
400 2497 586 2574 gravedinem
602 2495 733 2558 adferunt
750 2497 834 2554 etiarn
849 2495 974 2570 olfactu,
998 2503 1144 2572 quamquam

173 2580 248 2640 mala
262 2580 292 2642 in
306 2580 409 2659 aliquis
427 2582 513 2640 terris
532 2580 713 2654 manduntur,
735 2580 819 2638 nirnio
839 2587 933 2638 tamen
954 2577 1047 2638 odore
1066 2575 1142 2634 ohno-

174 2673 290 2724 mscnnt
304 2665 411 2741 ignari,
436 2673 507 2742 potu
522 2663 636 2742 quidem
653 2662 782 2744 largiore
806 2664 890 2720 etiarn
911 2665 1076 2722 moriuntur.
1110 2653 1141 2712 sit

173 2749 326 2808 samnitica
347 2765 401 2825 pro
423 2746 531 2806 viribus
546 2745 711 2806 bibentium.
742 2745 834 2804 inedia
854 2747 933 2822 potio
955 2743 1051 2817 cyathi
1070 2740 1141 2800 nnius.

174 2829 281 2890 bibitur
300 2839 331 2889 et
351 2838 451 2890 contra
468 2831 611 2907 serpentis
633 2839 662 2888 et
678 2837 742 2888 ante
764 2829 910 2888 sectiones
921 2826 1161 2904 punctionesque

174 2931 211 2972 ne
240 2915 408 2973 sentiantur.
458 2911 496 2972 ob
519 2912 592 2972 haec
619 2912 688 2970 satis
716 2920 760 2970 est
788 2910 891 2986 aliquis
916 2927 1045 2968 sornnsua
1071 2905 1141 2967 odero

173 2997 336 3074 quaesisse.
369 2996 474 3056 bibitur
488 3004 518 3054 et
537 3012 591 3072 pro
609 2994 762 3054 helleboro
780 2993 890 3053 duobus
907 2993 1004 3051 obolis
1019 2996 1046 3050 in
1059 2985 1140 3048 mulso.

174 3079 325 3139 efficacius
335 3077 516 3140 helleborum
527 3078 562 3138 ad
574 3079 745 3138 vomitiones
756 3078 792 3136 ed
805 3085 833 3136 at
850 3077 936 3136 bilem
949 3078 1056 3152 nigrans
1065 3078 1140 3130 extra·

173 3162 306 3223 hundam.
551 3210 554 3215 .
651 3209 653 3217 .

132 3258 178 3310 151
237 3245 320 3324 (95.)
342 3241 442 3302 Cicuta
459 3262 574 3322 quoque
590 3260 729 3304 senenusn
747 3253 802 3317 est,
820 3242 934 3321 publica
947 3237 1160 3302 Atheniensium

176 3345 271 3406 poena
289 3329 389 3402 invisa,
405 3327 441 3386 ad
452 3328 538 3389 multa
554 3338 647 3388 tumen
662 3343 729 3388 usus
745 3345 801 3386 uon
817 3327 974 3388 omittendi.
1000 3337 1089 3383 semen
1101 3315 1137 3373 ht·

174 3411 224 3468 bet
238 3411 370 3482 noxium,
395 3409 485 3468 caulis
501 3420 594 3470 autern
611 3421 640 3469 et
654 3410 754 3470 viridis
774 3420 853 3470 estur
876 3427 891 3469 a
915 3409 1058 3486 pleneque
1076 3409 1101 3459 et
1117 3399 1137 3454 iu

174 3491 294 3568 natiuis,
317 3491 391 3550 levis
406 3491 455 3550 hic
470 3501 499 3550 et
519 3495 700 3584 geniculatus
718 3494 879 3570 stoeben,
897 3494 1053 3570 nigricans,
1072 3483 1137 3545 alliot
