2396 3900
147 229 187 291 98
492 239 523 289 c.
539 239 800 288 nnrursnouunr

143 415 223 472 mus,
246 413 321 473 quae
344 412 403 456 non
423 397 452 454 in
467 394 525 455 alio
545 395 623 454 vitae
643 412 755 472 genere
778 394 861 472 plura
883 397 1049 457 certiorave
1071 405 1145 459 sunt.

144 499 195 541 cur
209 481 284 540 euim
299 497 357 540 non
371 479 523 540 videantur
543 478 662 540 oracula
676 496 693 539 a
709 479 872 539 certissimo
891 481 939 541 die
955 498 1146 560 maxumeque

143 565 274 626 veridico
291 583 344 624 usu
358 559 514 643 proiecta?

101 657 137 712 26
211 652 240 710 5.
264 649 438 728 Principium
457 657 553 708 autem
574 665 591 706 a
611 645 723 708 Catone
745 665 905 710 sumemus:
934 649 1147 711 Fortissimi

143 735 215 794 viri
231 743 269 793 et
289 733 427 794 milites
449 731 704 793 strenuissimi
725 749 769 791 ex
791 733 974 810 agricolis
990 734 1170 812 gignnnsss

144 829 200 879 tur
231 819 463 895 minumeque
492 815 587 877 male
616 817 844 893 cogitantes.
888 817 1079 880 Praedium
1105 836 1147 879 ne

145 902 278 981 cupide
297 920 403 962 emas.
432 903 465 960 iu
482 919 521 960 re
544 902 690 962 rustica
711 917 847 978 operae
868 920 912 962 ne
932 921 1085 982 parcas,
1114 903 1149 960 in

144 1004 231 1065 agro
264 984 414 1046 emendo
445 987 608 1044 minume.
652 985 747 1066 quod
774 986 870 1046 male
907 996 1063 1065 emptum
1092 996 1149 1047 est

145 1089 291 1150 semper
315 1071 498 1149 poenitet.
540 1087 667 1147 agrum
696 1078 897 1148 paraturos
923 1081 1005 1132 ante
1032 1071 1149 1132 omnia

144 1157 280 1216 intueri
309 1163 464 1234 oportet
498 1171 643 1233 aquam,
681 1155 791 1234 viam,
821 1154 995 1216 vicinum.
1030 1155 1180 1233 Singulam

102 1252 137 1308 nt
147 1258 266 1318 magnas
282 1241 537 1318 interpretationes
556 1236 664 1298 babent
680 1257 737 1298 neo
752 1237 864 1300 dubias.
898 1238 970 1301 (lato
987 1243 1016 1301 in
1033 1249 1148 1300 conter-

144 1325 227 1385 minis
247 1325 303 1384 hoc
326 1324 449 1403 amplius
470 1323 616 1384 aestimari
637 1322 734 1400 iubet,
771 1341 828 1402 quo
849 1335 936 1402 pacto
959 1326 1079 1386 niteant.
1115 1325 1150 1384 in

145 1411 239 1470 bona
264 1410 355 1484 enim,
377 1408 483 1486 inquit,
503 1409 660 1485 regione
688 1407 781 1470 bene
805 1410 934 1470 nitent.
965 1409 1073 1470 Atilius
1092 1407 1149 1468 lie·

145 1494 230 1572 gulus
248 1492 299 1553 ille
319 1493 429 1553 Punico
450 1492 530 1553 bello
550 1491 596 1552 bis
622 1492 724 1552 consul
743 1491 841 1553 aiebat
861 1512 958 1572 neque
976 1494 1149 1555 fecundissi-

143 1580 197 1638 mis
218 1578 292 1638 locis
311 1576 487 1637 insalubrem
507 1595 607 1654 agrum
633 1578 809 1655 parandum,
835 1596 931 1659 neque
953 1579 1049 1640 effetis
1073 1578 1182 1639 salu-c

145 1665 308 1724 berrimum.
342 1660 503 1723 Salubritas
519 1661 578 1721 looi
592 1678 650 1721 non
665 1679 782 1740 semper
801 1663 961 1723 incolarum
978 1663 1081 1724 colore
1099 1661 1149 1722 de·

145 1749 261 1827 tegitur,
279 1749 412 1826 quoniam
427 1747 539 1806 adsueti
556 1747 640 1806 etiam
655 1747 684 1805 in
698 1745 901 1824 pestilentibus
916 1749 1029 1808 durant.
1064 1765 1149 1827 prae·

145 1837 227 1894 ter'ea
245 1841 310 1891 sunt
325 1831 465 1909 quaedam
481 1829 666 1910 quibusdam
687 1830 817 1909 partibus
834 1833 899 1892 anni
912 1833 1058 1908 salubria,
1080 1831 1151 1893 nibil

103 1926 243 1981 &autem
259 1915 385 1975 salutare
402 1924 447 1975 est
467 1915 522 1974 nisi
545 1915 622 1995 quod
645 1925 707 1976 toto
730 1932 803 1975 anno
827 1914 954 1976 salubre.
993 1915 1087 1977 llalus
1104 1925 1151 1976 est

145 2019 216 2078 ager
235 2018 298 2059 oum
319 2015 376 2078 quo
397 1999 528 2059 dominus
545 1999 678 2060 luctatur.
721 1997 794 2061 Cato
816 2001 891 2060 inter
907 2003 998 2080 prima
1022 2003 1185 2079 spectarint

104 2084 244 2145 sustiubet
259 2093 290 2144 ut
312 2083 406 2142 solum
428 2101 480 2143 sua
498 2083 603 2143 virtute
619 2085 717 2144 valeat
730 2101 788 2164 qua
805 2085 912 2144 dictum
931 2095 977 2144 est
992 2087 1150 2164 positione,

145 2178 176 2229 ut
199 2169 404 2247 operariorum
430 2169 515 2246 copia
545 2185 639 2247 prope
668 2170 704 2228 sit
731 2169 926 2248 oppidumque
950 2171 1094 2249 validum,
1120 2179 1152 2230 ut

145 2253 324 2331 navigiorum
339 2262 460 2313 evectus
475 2252 524 2312 vel
547 2253 696 2330 itinerum,
720 2262 751 2312 ut
770 2252 846 2314 bene
860 2251 1032 2316 aedificatus
1048 2264 1077 2314 et
1091 2254 1156 2314 cul--

145 2348 207 2414 tus,
231 2339 259 2398 in
281 2355 338 2416 quo
365 2336 427 2397 falli
452 2337 613 2416 plerosque
638 2338 734 2397 video.
770 2339 924 2415 segnitiem
947 2342 1023 2399 enim
1044 2339 1152 2418 prioris

145 2422 251 2483 domini
273 2441 326 2502 pro
345 2431 478 2502 emptore
494 2439 562 2481 esse
583 2421 765 2482 arbitrantur.
789 2423 858 2482 nibil
879 2433 933 2483 est.
959 2423 1065 2484 damno
1085 2425 1184 2484 eiusne

145 2509 279 2569 desertus
294 2525 375 2585 ager.
405 2508 503 2584 itaque
518 2502 591 2566 (lato
607 2504 735 2566 debono
754 2507 869 2567 domino
884 2507 988 2568 melius
1004 2509 1072 2586 emi,
1095 2526 1152 2568 nec

144 2596 254 2653 te'mere
277 2591 515 2653 contemnendam
536 2589 657 2650 alienam
674 2589 870 2671 disciplinam,
899 2609 1032 2673 agroque
1048 2602 1079 2654 ut
1098 2593 1151 2653 bo·

144 2678 227 2752 mini,
251 2675 379 2755 quamvis
393 2684 586 2755 quaestuosus
602 2676 654 2750 sit,
677 2676 701 2734 si
716 2684 812 2736 tamen
827 2687 856 2736 et
872 2687 1072 2756 sumptuosus,
1093 2694 1152 2737 non

102 2770 137 2824 29
147 2761 264 2820 multum
281 2777 449 2838 superesse.
485 2759 535 2818 ille
550 2758 581 2829 in
596 2776 668 2838 agro
684 2761 970 2839 quaestuosissimam
986 2761 1095 2823 iudicat
1108 2764 1150 2822 vi·

144 2854 250 2904 tem—
262 2861 319 2903 non
336 2844 459 2920 frustra,
478 2844 611 2922 quoniam
626 2853 692 2904 aute
712 2846 806 2906 omnia
822 2846 859 2906 de
874 2848 1015 2925 inpensae
1037 2849 1195 2908 rationem.

145 2930 221 2988 cavit
234 2962 286 3005 -,
309 2947 450 3008 proxume
471 2928 572 2988 hortos
585 2929 686 3006 riguos
704 2964 746 2976 -—·
762 2948 819 2989 neo
833 2930 862 2990 id
878 2930 965 3008 ialso,
984 2933 1008 2992 si
1025 2931 1081 2992 sub
1100 2949 1152 3011 op-

144 3013 211 3091 pido
229 3015 285 3074 sint
301 3049 357 3090 -—,
381 3022 410 3074 et
432 3021 514 3092 prata
529 3013 636 3092 antiqui
654 3023 754 3092 parata
771 3014 891 3092 dixere,
921 3014 1059 3096 idemque
1078 3015 1151 3078 Cato

143 3100 353 3178 interrogatus,
384 3099 448 3178 quis
470 3105 551 3160 esset
581 3099 759 3159 certissimus
790 3109 945 3179 quaestus,
978 3102 1151 3182 respondit:

100 3185 176 3248 cosi
198 3185 292 3245 bene
314 3201 465 3262 pascas,
497 3183 546 3262 qui
562 3180 740 3261 proxumus?
770 3185 800 3242 si
821 3183 998 3245 satbene.
1034 3186 1153 3247 Summa

145 3271 267 3330 omnium
280 3270 309 3327 in
325 3268 381 3328 boo
398 3267 558 3345 spectando
573 3267 626 3326 init
640 3275 670 3327 ut
689 3267 800 3328 buctus
814 3269 839 3329 is
855 3285 988 3330 maxume
1006 3270 1195 3351 probare-es.

143 3363 189 3413 tur
204 3355 252 3434 qui
268 3370 352 3431 quam
366 3353 489 3412 minumo
505 3351 641 3429 inpendio
658 3362 840 3414 constaturus
855 3364 944 3414 esset.
976 3354 1034 3416 hoc
1050 3375 1091 3416 ex
1107 3355 1150 3415 lo·

146 3453 245 3497 corum
262 3437 419 3496 occasione
436 3436 521 3496 aliter
536 3435 604 3496 alibi
621 3437 803 3514 decernitur,
833 3438 996 3519 eodemque
1019 3441 1152 3520 pertinet

102 3527 134 3582 31
146 3521 223 3599 quod
251 3521 410 3598 agricolam
429 3520 589 3580 vendacem
618 3540 685 3582 esse
705 3530 845 3602 oportere
862 3524 942 3584 dixit.
983 3523 1104 3586 fundum
1123 3526 1151 3584 in
