2504 3930
325 262 404 309 aar.
420 211 511 310 arar.
526 211 610 308 xxa.
627 257 712 311 Η.
731 215 848 326 (649.)
1020 247 1082 316 237

88 415 222 476 dentibus
237 415 367 474 decoctis
379 417 408 474 in
419 415 487 472 vino
504 413 540 472 ad
556 413 684 474 dimidias
699 415 798 492 partis.
821 413 891 474 cinis
904 431 1081 493 eorumpue·

87 515 139 558 ros
156 499 237 558 tarde
256 499 408 558 dentientis
426 497 539 558 adiuvat
564 515 626 556 cum
641 496 738 558 melle.
772 500 804 556 iit
825 497 927 558 eodem
950 499 1035 560 modo
1053 509 1083 558 et
1181 568 1190 582 ,

1 607 2 618 ¹
87 583 291 642 dentifricium.
326 584 403 641 cavis
419 580 552 640 dentibus
568 582 638 640 cinis
654 599 670 640 e
686 582 795 641 murino
811 582 876 640 lrmo
893 581 1012 659 inditur,
1036 581 1083 640 vel

86 669 170 725 iecur
184 665 355 725 lacertarum
371 665 488 724 aridum.
518 665 668 740 anguinum
691 668 781 724 corsi
804 665 969 724 mordeatur
983 665 1081 726 adalli-

57 757 213 824 sgeturve
240 749 345 807 eilicax
368 748 498 808 babetur.
531 757 596 806 sunt
615 750 690 807 inter
715 766 768 808 eos
792 751 839 826 qui
861 767 968 808 murem
989 749 1033 808 bis
1051 751 1125 813 ints

86 848 188 890 mense
208 831 325 890 iubeant
346 833 438 891 mandi
460 831 617 890 duloreste
637 834 676 890 ita
691 850 807 892 cavere.
839 849 951 890 vermes
974 834 1087 892 terreni

4 962 10 975 .
87 913 204 974 decocti
220 915 248 972 in
260 914 327 976 oleo
337 915 480 993 infusique
491 915 637 998 auriculae
652 917 731 974 cuius
747 933 762 974 a
777 923 859 994 parte
872 915 986 976 doleant
998 934 1081 993 prae·

87 1007 164 1057 stant
185 997 384 1058 levamentum.
422 999 577 1058 eorundem
602 1001 672 1060 cinis
696 1001 792 1058 exesis
819 997 950 1058 dentibus
976 998 1082 1060 colatis

2 1157 3 1160 Ἴ
67 1099 127 1139 ex
151 1081 230 1140 facili
251 1081 358 1140 cadere
381 1098 434 1140 eos
459 1083 553 1158 cogit,
579 1085 710 1158 integros
731 1082 856 1142 dolentis
876 1083 971 1142 inlitus
994 1084 1080 1142 iuvat.

50 1183 79 1224 1c
90 1163 218 1223 comburi
233 1161 327 1224 aut'em
343 1175 459 1244 oportet
475 1165 504 1223 in
516 1173 603 1225 testo.
637 1174 757 1244 prosunt
774 1175 803 1224 et
819 1168 881 1226 cum
896 1167 969 1225 mori
983 1167 1082 1225 radice

56 1291 58 1294 -
87 1249 117 1305 in
135 1257 217 1306 aceto
235 1248 341 1308 scillite
364 1249 478 1308 decocti
492 1251 529 1307 ita
546 1259 575 1308 ut
588 1249 737 1314 ccluantur
759 1251 870 1310 dentes.
912 1252 937 1309 is
962 1259 1124 1327 quoquebi

86 1331 261 1390 vermiculus
284 1333 331 1408 qui
356 1334 383 1390 in
408 1332 497 1391 herba
518 1331 643 1392 Veneris
664 1332 746 1391 labro
769 1333 915 1410 appellata
941 1334 1083 1393 invenitur

87 1415 168 1474 cavis
192 1415 317 1474 dentium
337 1414 442 1474 inditus
464 1418 535 1474 mire
558 1415 687 1493 prodest.
725 1433 789 1474 nam
812 1435 919 1476 urucae
934 1416 1081 1476 brassicae

87 1498 150 1556 eius
174 1507 305 1556 contactu
328 1498 448 1573 cadunt,
472 1517 489 1556 e
509 1498 603 1558 malva
625 1501 741 1558 cimices
763 1499 945 1558 infunduntur
965 1499 1081 1559 auribus
1178 1559 1182 1565 ,

1 1602 3 1683 q
51 1607 77 1648 15
88 1599 152 1640 cum
166 1598 301 1639 rosaceo.
328 1581 483 1641 harenulae
499 1599 573 1659 quae
583 1584 762 1641 inveniuntur
776 1585 804 1641 in
817 1583 952 1642 cornibus
965 1584 1080 1643 coclea·

1 1685 2 1692 ¹
86 1683 149 1723 rum
164 1667 243 1723 cavis
261 1665 386 1724 dentium
401 1664 505 1724 inditae
524 1667 616 1724 statim
633 1665 756 1724 liberant
772 1665 885 1724 dolore.
916 1666 1081 1724 coclearum

86 1749 212 1806 inanium
228 1748 299 1806 cinis
315 1767 377 1807 cum
392 1765 486 1806 murra
501 1750 626 1824 gingivis
643 1748 771 1826 prodest,
787 1750 932 1826 serpentis
946 1767 1009 1808 cum
1019 1749 1080 1808 sale

85 1832 115 1889 in
131 1831 189 1890 olla
211 1839 330 1890 exustae
349 1833 420 1890 cinis
437 1849 499 1890 cum
517 1847 639 1890 rosaceo
655 1833 683 1890 in
699 1834 870 1891 contrariam
891 1849 989 1892 aurem
1009 1831 1080 1892 iniu-

86 1932 147 1990 sun,
165 1915 305 1990 anguinae
319 1915 496 1974 vernationis
510 1914 672 1974 membrana
687 1931 750 1972 cum
767 1915 834 1974 oleo
855 1915 1016 1992 taedaeque
1034 1933 1079 1974 re·

50 2019 77 2059 rc
86 1999 146 2056 sina
171 1997 311 2056 calefacta
334 2006 362 2056 et
383 1999 444 2056 auri
470 1997 598 2056 alterutri
625 1998 728 2057 infusa.
767 1997 892 2058 adiciunt
913 1997 1000 2076 aliqui
1020 2008 1076 2073 tus,
1088 2009 1122 2062 25

84 2097 255 2155 rosaceum,
281 2081 382 2140 eadem
407 2081 487 2139 cavis
501 2081 589 2140 indita
611 2089 641 2140 ut
657 2083 718 2139 sine
730 2081 863 2140 molestia
880 2081 983 2140 cadant
997 2100 1081 2159 prae-

85 2173 170 2224 stant.
201 2181 302 2222 vanum
320 2163 445 2223 arbitror
467 2181 534 2222 esse
557 2165 635 2224 circa
651 2165 729 2224 canis
752 2174 844 2224 ortum
864 2165 964 2240 anguis
985 2165 1080 2224 candi·

86 2247 141 2306 dos
155 2246 346 2306 membranam
371 2265 434 2306 eam
457 2265 580 2323 exuere,
603 2249 736 2324 quoniam
761 2265 817 2306 nec
834 2249 862 2306 in
882 2247 963 2307 ltalia
988 2250 1080 2308 visum

87 2339 134 2388 est
152 2329 299 2407 multoque
322 2331 413 2388 minus
433 2328 575 2400 ‚credibile
596 2331 625 2387 in
638 2331 744 2408 tepidis
766 2332 917 2406 regionum
937 2339 993 2389 tam
1011 2349 1080 2390 sero

49 2430 75 2472 as
86 2415 165 2475 exui.
193 2412 267 2472 hanc
281 2421 376 2473 autern
391 2413 440 2472 vel
457 2415 644 2472 inveteratam
666 2431 730 2471 cum
746 2430 813 2472 cera
832 2413 985 2471 celerrime
1001 2414 1079 2472 evel-

84 2497 148 2556 lere
171 2496 299 2570 tradunt,
330 2506 361 2554 et
385 2495 456 2555 dens
477 2497 610 2571 anguium
633 2495 804 2571 adalligatus
820 2494 938 2554 dolores
959 2496 1078 2571 mitigat.

84 2588 150 2638 sunt
167 2581 215 2655 qui
232 2586 262 2637 et
281 2597 415 2638 araneum
434 2578 536 2639 animal
556 2578 649 2655 ipsum
665 2579 778 2637 sinistra
795 2595 878 2638 manu
900 2587 1012 2654 captum
1028 2579 1076 2636 tri·
1087 2589 1129 2644 26*

82 2672 200 2740 tumque
215 2663 243 2720 in
257 2680 382 2725 rosaceo
399 2671 427 2722 et
449 2663 589 2720 inaurem
608 2661 731 2720 infusum
746 2662 827 2720 cuius
847 2669 962 2737 aparte
982 2660 1080 2721 doleat

83 2746 228 2824 prodesse
244 2745 426 2806 arbitrentur.
468 2744 587 2805 ossiculi
601 2744 771 2820 gallinarum
788 2745 816 2806 in
836 2744 948 2821 pariete
971 2743 1079 2804 servati

47 2827 179 2888 solistula
199 2829 279 2888 salva
300 2837 377 2888 tacto
394 2830 480 2889 dente
505 2828 551 2886 vel
571 2829 687 2904 gingiva
708 2827 869 2905 scariphata
888 2826 1079 2908 proiectoque

83 2910 214 2971 ossiculo
236 2913 331 2970 statim
351 2912 480 2972 dolorem
500 2911 580 2970 abire
600 2912 729 2985 tradunt,
749 2913 817 2970 item
832 2912 898 2971 iimo
917 2913 998 2970 corvi
1013 2911 1079 2972 lana
1112 2985 1116 2994 .

83 2994 243 3071 adalligato
261 2996 315 3054 vel
326 3013 476 3072 passerum
492 3014 553 3054 cum
566 2994 633 3054 oleo
650 2995 792 3054 calefacto
812 3003 841 3053 et
856 3011 1013 3073 proxumae
1026 3013 1076 3054 au-

81 3078 193 3137 riculae
208 3078 321 3154 iniosn‚
343 3080 480 3156 pruritum
503 3077 615 3154 quidem
636 3077 846 3138 intolerabilem
865 3077 934 3138 facit
958 3087 987 3138 et
1009 3078 1076 3139 ideo

82 3162 181 3220 utilius
202 3170 248 3220 est
268 3164 396 3239 passeris
417 3162 559 3240 pullorum
579 3164 727 3222 sarmentis
744 3170 933 3221 crematorum
951 3163 1076 3221 cinerem

49 3257 121 3304 etex
139 3254 227 3305 aceto
245 3245 390 3306 intricare.

144 3331 175 3388 4.
196 3328 259 3406 (9.)
283 3328 347 3388 Oris
364 3347 500 3406 saporem
517 3328 699 3389 conmendari
720 3329 885 3402 adfirmant,
907 3327 1016 3387 murino
1035 3329 1120 3392 ciat

82 3429 153 3472 nere
171 3429 236 3470 cum
249 3412 337 3471 melle
353 3415 377 3471 si
392 3413 530 3472 fricentur
546 3413 655 3472 dentes.
682 3411 839 3471 admiscent
857 3411 969 3487 quidam
985 3427 1076 3470 mara·

81 3495 117 3554 tri
133 3495 258 3556 radices.
290 3498 374 3572 pinna
392 3496 512 3556 volturis
527 3497 552 3556 si
567 3496 731 3574 scalpantur
745 3494 860 3572 dentes,
877 3494 987 3554 acidum
1005 3493 1076 3554 hali·
