2406 3914
1076 139 1084 174 l

279 269 459 318 usnmsn.
473 271 559 318 xxrr.
573 270 695 324 aa—aa.
712 260 865 338 (ao-ab)
1020 257 1082 322 28⁶

73 423 175 482 liorum
196 423 233 484 ad
255 423 421 502 purgandas
444 423 546 484 volvas
566 425 781 502 pellendosque
804 434 951 486 emortuos
974 435 1083 504 partus.

72 506 251 568 decocuntur
265 509 294 566 in
311 508 378 566 vino
392 505 460 566 albo
481 515 511 566 et
524 507 663 588 odorato,
679 517 709 568 ut
731 508 845 569 bibatur
861 527 996 569 mensura
1016 527 1083 576 aee·

71 589 159 649 tabuli
184 608 201 650 a
222 589 357 650 balineis.
388 590 469 650 radix
491 591 614 668 prodest
634 593 749 653 arteriis
767 595 967 671 exasperatis,
991 593 1083 654 colle·

72 672 213 732 ctionibus
234 673 381 752 sanguinis
397 673 537 750 inlinitur,
564 675 663 735 sedin
684 675 756 735 cibis
773 678 962 755 concoquitur
983 694 1083 754 aegre.

51 756 233 818 siudationes
255 757 325 817 iacit
346 766 377 816 et
393 765 506 836 ructus,
529 759 628 819 urinae
649 776 767 838 quoque
789 761 891 833 noxia,
920 761 1084 838 suggillatis

71 857 131 900 cunr
151 842 220 900 vino
247 850 277 900 et
298 840 366 901 oleo
388 841 560 902 amicissima
577 851 606 902 et
621 861 685 902 cum
700 861 768 902 cera
788 844 913 906 strumis.
942 861 1085 903 verrucae

71 924 146 984 sedis
163 923 316 985 crebriore
332 926 394 984 eius
409 924 506 986 sullitu
525 926 638 986 cadunt.

3 1067 4 1082 ,
129 1007 219 1088 (49.)
242 1008 333 1069 baeer
348 1008 483 1087 esilphio
502 1009 651 1087 proiluens
668 1027 725 1088 quo
743 1008 970 1082 diximusmodo
994 1009 1068 1068 inter
1076 1019 1125 1072 101

2 1089 5 1174 j
71 1093 174 1151 eximia
188 1101 309 1152 naturae
321 1092 397 1152 dona
408 1102 585 1153 numeratum
597 1094 736 1173 plurumis
749 1091 999 1171 conpositionibus
1013 1091 1089 1151 in·¹⁰·
1103 1089 1126 1125 ⁴⁸

2 1179 3 1184 ’
43 1177 63 1218 ¹⁰
72 1178 194 1253 seritur,
215 1195 272 1254 per
295 1194 329 1236 se
349 1186 444 1236 autem
465 1177 584 1255 algores
606 1176 777 1252 excalfacit,
808 1184 907 1254 potum
928 1192 1083 1235 nervorum

69 1261 135 1319 vitia
158 1268 309 1320 extenuat.
340 1261 453 1320 leminis
478 1261 561 1321 datur
582 1263 611 1321 in
629 1263 712 1338 vino,
735 1269 764 1319 et
786 1260 859 1320 lanis
875 1259 1011 1321 mollibus
1034 1257 1083 1318 ad·

70 1351 203 1404 movetur
224 1343 330 1404 volvae
353 1344 388 1404 ad
409 1362 525 1404 menses
546 1344 677 1405 ciendos.
711 1343 817 1423 pedum
838 1344 939 1405 clavos
964 1345 1083 1403 circum·

71 1426 256 1505 scariphatos
272 1427 352 1488 ierro
368 1429 485 1487 mixtum
501 1445 587 1488 cerae
610 1428 745 1489 extrahit.
778 1429 887 1488 urinam
906 1429 963 1487 ciet
979 1426 1084 1488 ciceris

72 1510 269 1588 magnitudine
293 1511 420 1572 dilutum.
449 1511 583 1572 Andreas
607 1511 733 1592 spondet
754 1512 904 1590 copiosius
920 1519 1062 1588 sumptum
1075 1515 1126 1572 loa

44 1599 122 1654 ¹tneo
139 1594 310 1656 inflationes
325 1595 425 1656 iacere
442 1604 471 1654 et
489 1597 673 1656 concoctioni
685 1596 844 1674 plurumum
857 1594 991 1656 conferre
1008 1593 1083 1652 seni·

3 1743 8 1758 μ
71 1678 120 1738 bus
133 1687 165 1738 et
179 1678 311 1755 leminis,
327 1680 393 1738 item
409 1679 505 1740 bieme
517 1696 601 1758 quam
612 1687 725 1740 aestate
736 1679 851 1755 utilius,
870 1687 899 1738 et
911 1687 969 1738 tum
982 1694 1084 1755 aquam

71 1761 247 1822 bibentibus.
274 1763 431 1823 carendum
448 1782 485 1822 ne
501 1781 556 1842 qua
571 1765 608 1822 sit
619 1763 799 1823 exulceratio
816 1764 900 1821 intus.
926 1760 973 1820 Ab
989 1759 1084 1836 aegri·

71 1845 168 1906 tudine
195 1847 372 1908 recreationi
403 1847 509 1907 cilicax
529 1848 557 1905 in
581 1845 663 1923 cibo,
691 1848 865 1925 tempestive
893 1847 966 1905 enim
990 1845 1085 1904 datum

73 1931 183 1990 canteri
199 1931 258 1989 vim
276 1932 403 2009 optinet,
421 1931 548 1991 adsuetis
570 1931 654 1990 etiam
676 1931 772 1992 utilius
795 1948 879 2008 quam
903 1925 1084 2008 expertibus.

44 2011 183 2074 austera
202 2031 359 2092 corporum
385 2013 557 2074 indubitatas
581 2013 784 2075 confessiones
805 2012 922 2074 babent.
952 2014 1128 2070 reuena103

73 2098 197 2159 telorum
214 2106 245 2158 et
258 2099 434 2176 serpentium
450 2099 607 2174 exstinguit
627 2106 735 2176 potum.
771 2117 809 2158 ex
825 2115 899 2177 aqua
914 2092 1085 2156 volneribus

73 2180 113 2241 bis
128 2181 349 2259 circumlinitur,
365 2183 550 2261 scorpionum
563 2191 669 2241 tautum
679 2181 774 2259 plagis
787 2200 826 2242 ex
840 2181 920 2256 oleo,
937 2177 1084 2240 ulceribus

74 2283 141 2326 rero
157 2283 219 2325 non
230 2264 490 2326 maturescentibus
507 2283 570 2325 cum
583 2265 673 2325 iarina
685 2264 850 2326 hordeacea
863 2264 910 2325 vel
923 2263 980 2324 lico
996 2264 1085 2336 sicca,

75 2348 257 2409 carbunculis
278 2367 341 2410 curn
356 2358 419 2409 ruta
438 2349 487 2409 vel
506 2367 569 2409 cum
585 2348 673 2408 melle
688 2347 736 2408 vel
758 2367 812 2427 per
828 2366 862 2407 se
883 2349 966 2407 visco
982 2363 1084 2424 super·

45 2431 150 2494 clitum
168 2442 199 2492 ut
213 2433 344 2494 baereat.
363 2435 405 2493 sic
420 2442 449 2493 et
462 2433 499 2493 ad
512 2435 591 2494 cauis
602 2450 724 2492 morsus.
754 2431 995 2491 excrescentibus
1008 2429 1085 2489 circa

75 2516 171 2578 sedern
192 2535 259 2580 cum
280 2518 409 2594 tegmine
430 2517 527 2595 punici
547 2515 614 2576 mali
632 2533 670 2574 ex
693 2523 777 2575 aceto
800 2514 969 2588 decoctum,
993 2512 1085 2572 clavis

75 2601 119 2679 qui
133 2602 225 2680 volgo
241 2601 384 2661 morticini
399 2600 582 2678 appellantur
601 2601 676 2659 nitro
694 2599 793 2659 mixto.
824 2597 973 2677 alopecias
987 2597 1063 2655 nitro
1078 2604 1129 2658 104

76 2694 137 2744 aute
156 2684 295 2746 subactas
309 2685 406 2763 replet
421 2701 486 2743 cum
500 2685 568 2744 vino
585 2691 614 2744 et
630 2699 719 2743 croco
734 2692 783 2744 aut
797 2683 900 2762 pipere
917 2699 952 2741 ac
966 2679 1085 2739 murium

76 2767 139 2828 limo
160 2778 191 2830 ct
210 2777 305 2828 aceto.
338 2770 497 2847 perniones
520 2786 557 2828 ex
578 2769 642 2828 vinc
665 2766 748 2827 iovet
772 2775 861 2825 etex
884 2764 952 2825 oleo
971 2770 1085 2823 coctum

48 2852 237 2930 sciaponitur,
259 2853 301 2912 sic
324 2859 353 2912 et
374 2851 461 2912 callo.
493 2851 583 2912 clavis
605 2850 711 2929 pedum
726 2849 892 2928 superrasis
909 2848 1085 2929 praecipuae

77 2935 212 2997 utilitatis.
247 2944 349 2996 contra
364 2953 453 3015 aquas
468 2935 574 3012 malas,
597 2932 760 3014 pestilentis
770 2942 881 2994 tractus
896 2932 944 2993 vel
961 2931 1041 3005 dies,
1058 2929 1086 2987 in

76 3021 161 3096 turssi,
182 3038 255 3096 uva,
276 3019 355 3080 iellis
376 3021 470 3080 veteri
492 3018 677 3093 subiusioue,
697 3016 865 3098 hydropisi,
887 3012 1085 3088 raucitatibus,

78 3103 228 3163 confestim
244 3104 319 3164 enim
338 3113 443 3181 purgat
464 3101 556 3165 iaucis
578 3119 740 3180 vocemque
760 3101 865 3162 reddit.
897 3100 1043 3179 podagras
1057 3097 1086 3156 in

78 3203 207 3265 spongea
223 3187 341 3248 dilutum
359 3203 451 3266 posca
467 3187 546 3248 lenit.
575 3185 735 3266 pleuriticis
751 3187 780 3244 in
794 3184 953 3245 sorbitione
970 3181 1065 3241 vinum
1079 3186 1127 3242 105

49 3273 187 3348 supcturis
203 3272 302 3348 datur,
326 3269 589 3343 contractionibus,
612 3268 835 3348 opisthotonicis
856 3269 961 3330 ciceris
977 3263 1084 3340 magni-

79 3353 173 3414 tudine
189 3373 258 3416 cera
274 3355 472 3417 circumlitum.
504 3355 532 3413 iu
551 3353 655 3430 angina
670 3353 878 3430 gargarizatur.
912 3347 1085 3412 anhelatori-

79 3434 131 3496 bus
152 3447 180 3498 et
201 3441 230 3498 in
250 3441 324 3500 tussi
344 3447 458 3498 vetusta
479 3457 542 3498 cum
557 3453 647 3516 porro
664 3454 702 3496 ex
716 3444 801 3496 aceto
818 3436 914 3511 datur,
935 3449 1029 3510 aeque
1048 3447 1086 3490 ex

1 3541 2 3598 i
82 3529 163 3583 aceto
176 3522 220 3584 bis
237 3523 285 3602 qui
301 3522 454 3599 coagulum
466 3521 550 3582 lactis
562 3519 734 3580 sorbuerint.
759 3519 997 3598 praecordiorum
1009 3515 1085 3573 virio
