2406 3914
171 209 233 270 272
496 219 526 268 o.
544 218 807 268 rum1sucouo1

170 394 259 456 pora,
281 385 313 435 ut
333 377 398 437 aliis
418 376 513 455 prosit
536 374 614 436 alind
637 374 718 435 horis
739 374 862 452 diesque
885 372 981 434 nullus
1004 391 1099 452 prope
1120 375 1188 433 sine

170 461 324 540 praesidiis
339 462 512 539 reperiatur.

123 553 159 608 31
237 545 285 606 13.
309 543 394 624 (15.)
415 543 514 604 lthica
532 543 601 622 quid
619 560 687 602 esse
703 544 823 603 invisius
838 540 959 622 potest?
981 551 1010 602 at
1024 541 1075 601 illa
1097 558 1186 619 prae-

127 637 246 690 sumtor
273 627 370 688 oleum
393 627 471 706 qnod
494 629 524 686 in
540 631 678 704 Aegypto
700 645 738 687 ex
757 645 791 687 ea
815 628 878 688 lieri
902 627 1027 686 diximus
1047 623 1097 684 rel
1119 624 1184 704 plu·

167 712 255 771 rumis
277 720 371 772 scatet
395 711 542 772 remediis.
574 728 675 770 semen
696 713 760 772 eius
782 712 896 771 cicutae
920 709 1097 770 contrarium
1113 727 1184 768 esse

167 793 314 856 Nicander
334 795 479 872 adfirmat,
500 797 568 856 item
592 795 688 872 lungb
710 805 740 854 et
760 804 883 872 argento
904 795 989 871 rivo,
1016 793 1186 872 Apollodo-

168 898 218 938 rus
245 888 274 938 et
296 878 483 939 salamandris
500 897 563 939 cum
589 880 653 938 iure
675 888 779 939 coctae
798 880 968 954 testudinis,
990 880 1060 938 item
1079 876 1186 938 adver·

168 964 226 1022 sari
240 963 419 1039 hyoscyamo
433 972 463 1023 et
476 962 663 1042 serpentibus
682 973 712 1024 et
727 962 943 1042 scorpionibus.
968 963 1036 1041 quin
1052 963 1118 1039 ipsa
1135 961 1188 1022 illa

169 1047 326 1107 amaritudo
350 1047 472 1108 mordax
489 1065 560 1107 uvas
581 1049 609 1106 in
636 1063 689 1108 ore
712 1047 951 1127 procidentisque
966 1045 1071 1105 volvas
1089 1055 1122 1104 et
1144 1047 1187 1105 in·

168 1131 286 1190 fantium
313 1130 402 1191 sedes
427 1139 505 1192 tactu
530 1131 646 1191 resilire
676 1132 772 1208 cogit,
803 1131 983 1207 lethargicos
1013 1131 1188 1207 expergisci

122 1215 258 1276 attactis
275 1214 407 1274 cruribus
428 1216 581 1294 magisque
602 1215 708 1274 fronte.
748 1214 850 1275 eadem
867 1216 947 1275 cauis
969 1213 1118 1273 morsibus
1137 1214 1187 1275 ad·

168 1296 228 1356 dito
253 1297 316 1357 sale
336 1298 486 1375 medetur',
519 1300 688 1376 sanguinem
710 1299 777 1358 tritu
799 1299 918 1359 naribus
946 1298 1035 1359 indita
1058 1300 1136 1358 sistit
1158 1307 1188 1358 et

168 1382 261 1458 magis
275 1381 385 1442 radice.
417 1383 612 1444 carcinomata
634 1393 663 1442 et
683 1383 801 1445 sordida
827 1383 926 1443 ulcera
952 1382 1016 1444 sale
1042 1381 1186 1458 admixto,

168 1466 237 1523 item
258 1463 355 1525 luxata
373 1475 455 1527 sanat
476 1476 507 1527 et
527 1483 637 1547 panos,
657 1467 807 1545 parotidas
830 1467 987 1545 carnisque
1010 1466 1046 1526 ab
1065 1466 1186 1526 ossibus

167 1547 344 1608 recedentis.
381 1567 482 1611 semen
514 1560 613 1631 potum
648 1569 713 1611 cum
741 1568 812 1630 sapa
842 1551 959 1612 volvam
991 1550 1184 1627 strangulatis

168 1633 279 1709 aperit,
312 1633 455 1711 profluvia
487 1637 597 1695 narium
630 1636 705 1694 sistit
733 1637 900 1714 inpositum.
950 1636 1129 1694 vomitiones
1156 1636 1185 1694 in

168 1732 243 1792 aqua
264 1715 356 1776 mulsa
376 1727 518 1797 sumptum
540 1737 556 1779 a
579 1737 651 1779 cena
674 1719 770 1780 facilis
786 1728 917 1799 praestat
932 1718 1048 1779 duobus
1072 1717 1182 1795 obolis,

122 1806 227 1861 tiburno
250 1808 345 1859 autem
371 1803 399 1860 in
420 1804 488 1863 vino
511 1811 582 1882 poto
604 1803 791 1864 lassitudines
814 1812 942 1882 recreat.
976 1801 1085 1863 volvae
1105 1804 1183 1864 vitiis

166 1890 274 1942 tostum
299 1884 444 1946 acetabuli
466 1904 601 1947 mensura
631 1896 732 1966 potum
753 1888 782 1945 in
810 1905 881 1966 sapa
904 1888 1018 1948 resistit
1039 1886 1183 1947 stomachi

166 1964 371 2028 inflationibus.
413 1969 615 2049 orthopnoicis
629 1972 757 2050 'prodest
778 1990 842 2030 curo
863 1971 953 2032 melle
974 1982 1005 2032 et
1029 1971 1202 2034 thoracema?

58 2125 62 2132 ·
167 2058 273 2191 titii
287 2049 1183 2218 ttltti⁰l⁸tltstltli''¹t.l.³.lti.⁰ii.i5ltt..l¹l

122 2221 300 2277 daventrem
322 2226 429 2279 tostum
456 2220 523 2281 cibo
550 2222 670 2282 emollit.
703 2221 900 2303 llippocrates
920 2224 1039 2283 volvam
1062 2223 1183 2302 purgari

167 2306 238 2375 poto
256 2317 292 2358 eo
314 2305 495 2380 pronuntiat,
521 2306 624 2366 dolore
646 2307 738 2366 leuari
759 2315 838 2366 tosto
860 2306 1009 2368 acetabuli
1033 2325 1171 2367 mensura

167 2381 244 2442 dulci
267 2393 338 2462 poto
360 2396 390 2445 et
413 2388 541 2466 inposito
564 2408 628 2450 cum
649 2409 721 2451 suco
747 2391 868 2452 malvae.
901 2392 1107 2451 intestinorum
1124 2391 1170 2452 aui

166 2465 252 2526 malin
268 2468 339 2545 pelli
354 2487 419 2529 cum
433 2470 627 2547 hydromelite
643 2482 673 2534 et
687 2475 767 2550 sale,
791 2474 917 2536 defluvia
939 2477 1045 2553 capitis
1069 2477 1165 2535 semin

166 2549 247 2609 inlito
264 2552 461 2616 cohonestari.
500 2558 673 2619 articulariis
688 2558 798 2618 morbis
819 2567 849 2618 et
867 2559 1040 2638 podagricis
1055 2559 1172 2638 plorum

168 2651 230 2693 cum
248 2635 317 2695 oleo
340 2646 443 2699 vetere
467 2649 515 2700 aut
534 2642 605 2702 lolia
626 2660 690 2701 cum
711 2645 810 2702 ursino
825 2643 910 2722 adipe
931 2644 1001 2703 trita
1028 2645 1171 2722 inponunt

166 2715 201 2775 ad
219 2718 320 2778 eadem
335 2721 419 2782 radix
433 2731 516 2784 tunsa
531 2741 596 2785 cum
609 2734 695 2786 aceto
713 2744 771 2786 non
788 2728 879 2787 minus
895 2727 992 2803 utilis,
1014 2727 1086 2787 itcru
1103 2727 1171 2787 licui

167 2807 198 2858 et
212 2811 296 2862 cocta
323 2805 352 2864 iu
377 2809 445 2866 vino
470 2807 587 2868 discutit
612 2827 706 2887 panos
731 2828 796 2870 cum
818 2812 942 2887 axungia
963 2820 1070 2871 vetere
1092 2812 1170 2871 salsa

122 2881 272 2943 decadem
298 2887 451 2965 psilotrum
481 2900 527 2950 est
557 2893 646 2953 sicca.
677 2892 813 2954 Condidit
838 2894 941 2955 laudes
970 2897 1034 2954 eius
1056 2895 1149 2956 Phaui

166 2964 321 3046 physicus,
341 2973 521 3033 utilissimam
543 2975 616 3034 cibis
633 2985 746 3037 coctam
763 2979 946 3038 conditamve
962 2979 1121 3057 professus
1136 2995 1167 3038 ar

166 3051 272 3128 teriae,
296 3057 387 3131 tussi,
409 3060 520 3117 ventris
540 3058 742 3137 destillationi,
765 3061 934 3138 stomacho,
962 3063 1066 3141 panis,
1091 3079 1165 3141 paro

166 3133 288 3212 tldibus,
312 3140 517 3219 pernionibus,
539 3161 603 3202 cum
624 3143 694 3204 oleo
712 3146 865 3223 sudorem,
889 3155 1004 3206 coctam
1027 3164 1164 3208 cumcun

166 3216 270 3292 chyliis
287 3224 365 3282 ciere
380 3224 493 3302 alvom,
511 3245 575 3286 cum
592 3229 684 3288 tisana
700 3239 804 3307 pectus
821 3248 948 3309 purgare
964 3231 1159 3310 mulierumqu

1 3311 2 3325 ¹
121 3305 301 3380 bomensor,
322 3322 385 3366 cunr
401 3308 463 3368 sale
481 3310 582 3372 ulcera
598 3329 673 3390 qnae
688 3323 808 3392 serpant
823 3313 973 3375 cohibere.
1010 3316 1089 3376 Suco
1107 3333 1145 3393 qu

166 3405 224 3464 que
246 3389 275 3448 in
295 3407 349 3450 usu
371 3399 425 3451 est.
461 3411 621 3472 expressus
640 3397 737 3456 inlitus
761 3398 850 3457 tronti
872 3399 1044 3476 sanguinem
1066 3401 1149 3458 nariu

166 3472 253 3550 sistit,
275 3483 361 3552 potus
375 3476 483 3536 urinam
500 3478 574 3556 ciet,
594 3481 724 3542 calculos
741 3484 858 3561 rumpit,
874 3500 959 3542 uvam
974 3485 1159 3561 gargarizato

235 3702 290 3719 j.-
