2406 3914
312 261 391 310 usn.
409 262 500 310 nrsr.
517 263 603 310 xxrr.
620 261 704 315 4—7.
722 252 839 331 (4-8.)
1014 253 1076 316 269

76 423 166 475 natum
192 414 366 476 obsidionali
387 417 415 475 in
443 416 543 476 Africa
568 416 685 478 blanilio
708 417 886 478 consulem
909 419 1078 481 cohortibus

76 500 194 558 serratis
214 499 392 577 totidemque
408 499 444 559 ad
468 502 626 562 servandas
648 519 698 561 eas
714 502 841 578 eductis,
866 503 944 581 quod
969 513 998 563 et
1020 514 1077 564 sta-

75 591 138 642 tuae
155 585 217 642 eius
232 585 261 642 in
278 584 344 643 foro
361 599 414 642 suo
432 583 515 643 divos
531 585 679 662 Augustus
697 585 879 664 subscripsit.
912 588 1005 664 ipsum
1020 588 1077 647 Αι-

76 675 183 744 gustum
201 665 240 725 bl.
258 664 403 726 Cicerone
421 667 481 727 lilio
503 670 624 728 consule
647 667 741 728 idibus
757 668 977 747 Septembribus
995 689 1079 731 sena·

54 759 119 815 stus
133 748 307 810 obsidionali
323 750 456 826 donavit,
475 751 549 829 adeo
565 753 658 812 civica
674 769 732 812 non
749 753 818 812 satis
834 753 994 814 videbatur.
1023 772 1079 814 nec

75 842 225 912 praeterea
241 852 412 913 quemquam
429 834 484 894 hac
498 837 657 896 invenimus
672 836 816 896 donatum.

1 919 2 976 l
137 918 202 996 (7.)
223 917 329 978 Nullae
344 936 415 995 ergo
430 917 540 978 herbae
556 920 639 979 luere
655 929 754 980 certae
769 920 797 979 in
809 918 867 980 hoc
881 921 1005 996 honore,
1023 922 1077 983 sed
1088 926 1122 984 14

1 987 2 1054 l
74 1017 269 1080 quaecumque
284 1001 397 1061 fuerant
414 1003 442 1060 in
459 1003 579 1080 periculi
593 1003 665 1062 sede
687 1005 817 1081 quamvis
833 1004 978 1080 ignobiles
995 1007 1078 1082 igno·

1 1121 2 1134 ι
74 1092 175 1163 taeque
190 1084 332 1145 honorem
346 1085 473 1146 nobilem
488 1086 649 1165 iaciebant,
665 1087 743 1166 quod
758 1086 850 1148 latere
868 1088 944 1168 apud
961 1106 1015 1148 nos
1028 1089 1079 1148 mi-

1 1161 2 1240 }
44 1186 122 1232 sonus
137 1167 254 1246 quidem
280 1171 368 1229 miror
385 1186 508 1229 cernens
534 1170 654 1248 neglegi
670 1189 705 1230 ea
728 1187 844 1250 quoque
861 1189 936 1250 quae
952 1172 988 1232 ad
1009 1173 1078 1233 uali-

74 1251 197 1311 tudinem
225 1252 454 1313 conserraudam
482 1256 685 1333 cruciatusque
707 1254 841 1334 corporis
863 1255 1079 1334 propulsandos

74 1344 101 1395 et
114 1345 237 1396 mortem
254 1336 408 1396 arcendam
425 1339 580 1414 pertinent.
618 1338 670 1398 sed
687 1340 751 1416 quis
767 1356 825 1399 non
840 1356 938 1399 mores
953 1341 1017 1400 iure
1032 1358 1079 1401 ca·

74 1417 179 1496 stiget?
219 1419 357 1480 addidere
384 1421 499 1480 vivendi
526 1424 619 1500 pretia
645 1422 770 1483 deliciae
802 1422 956 1501 luxusque.
1000 1442 1079 1483 num·

74 1519 154 1580 quam
172 1502 227 1562 luit
241 1505 319 1563 vitae
336 1503 441 1581 cupido
457 1505 549 1564 maior
567 1524 623 1566 nec
638 1505 730 1565 minor
754 1523 832 1565 cura.
865 1506 986 1566 aliorum
1003 1506 1076 1566 hanc
1089 1518 1121 1569 15

44 1607 65 1648 rs
74 1601 180 1664 operae
208 1604 276 1646 esse
302 1587 463 1662 credimus,
486 1588 524 1648 de
548 1589 681 1650 mandato
697 1589 812 1668 quidem
834 1597 935 1650 nostro
958 1589 1032 1650 alios
1052 1590 1080 1649 id

73 1687 176 1746 agere,
206 1670 386 1750 medicisque
416 1672 562 1749 provisum
585 1691 653 1733 esse
678 1691 731 1751 pro
752 1665 847 1732 nobis.
881 1674 937 1751 ipsi
961 1672 1080 1732 fruimur

72 1752 269 1831 voluptatibus
285 1762 325 1831 et,
341 1772 398 1833 quo
418 1755 487 1815 nihil
509 1757 643 1835 equidem
658 1756 830 1836 probrosius
846 1756 939 1830 duco,
959 1757 1080 1816 vivimus

72 1837 164 1896 aliena
181 1837 296 1897 lidncia.
335 1839 420 1899 immo
438 1856 511 1899 vero
534 1839 684 1918 plerisque
707 1840 783 1900 ultro
806 1841 890 1900 etiam
916 1840 1015 1899 inrisui
1033 1858 1080 1899 su·

72 1938 131 1981 mus
146 1921 202 1980 ista
218 1930 446 1982 commentantes
462 1931 549 2001 atque
564 1924 662 1985 frivoli
676 1925 775 2002 operis
792 1925 953 2001 arguimur,
975 1939 1079 2000 magno

42 2021 244 2083 nquamquam
259 2006 380 2064 inmensi
396 2004 505 2066 laboris
528 2006 634 2067 solatio
652 2008 751 2086 sperni
770 2025 834 2068 cum
854 2025 952 2067 rerum
968 2015 1079 2082 natura,

74 2105 154 2166 quam
170 2097 253 2148 certe
269 2105 327 2148 non
342 2089 470 2150 defuisse
487 2090 572 2151 nobis
596 2091 766 2152 docebimus
795 2100 824 2151 et
846 2092 945 2151 invisis
964 2107 1080 2170 quoque

72 2171 167 2232 herbis
194 2173 354 2232 inseruisse
377 2173 523 2249 remedia,
558 2177 666 2254 quippe
693 2193 756 2235 cnm
782 2174 941 2235 medicinas
967 2174 1081 2235 dederit

73 2256 155 2316 etiam
167 2255 322 2316 aculeatis.
335 2256 409 2316 haec
422 2258 497 2317 enim
510 2275 651 2335 proxume
663 2267 775 2318 restant
789 2276 827 2318 ex
842 2260 877 2318 iis
892 2275 964 2336 quas
979 2260 1078 2336 priore
1090 2264 1124 2319 16

73 2338 145 2398 libro
163 2340 389 2417 nominavimus,
412 2342 441 2400 iu
457 2340 560 2418 quibus
575 2343 647 2419 ipsis
667 2341 877 2420 providentiam
899 2350 1018 2401 naturae
1035 2357 1080 2400 sa·

44 2423 108 2482 sris
127 2422 227 2483 mirari
244 2423 441 2502 amplectique
454 2441 512 2484 non
529 2434 583 2485 est.
620 2426 741 2486 dederat
756 2444 828 2505 quas
848 2425 969 2484 diximus
984 2423 1081 2484 mollis

75 2506 204 2587 cibisque
224 2517 340 2584 gratas,
371 2509 505 2586 pinxerat
525 2509 655 2570 remedia
670 2511 698 2567 in
725 2508 845 2570 donibus
868 2509 990 2584 risuque
1015 2509 1080 2583 ipso

73 2591 181 2652 animus
208 2592 381 2652 invitaverat
404 2591 488 2651 etiam
513 2591 625 2652 deliciis
659 2594 764 2653 auxilia
792 2593 980 2670 permiscens.
1028 2606 1077 2648 ex·
1090 2596 1122 2652 17

75 2674 347 2754 cogitavit'aliquas
370 2675 511 2752 adspectu
527 2675 675 2753 hispidas,
697 2685 775 2737 tactu
797 2677 903 2748 trucis,
924 2683 954 2732 ut
975 2681 1081 2734 tanturn

75 2775 250 2820 convocem
267 2759 358 2837 ipsius
380 2759 514 2836 lingentis
529 2759 594 2820 illas
615 2762 813 2837 rationemque
829 2756 976 2817 reddentis
993 2774 1080 2816 exau-

46 2843 133 2904 ndire
150 2843 319 2919 videamur,
343 2860 380 2904 ne
396 2861 429 2902 se
442 2843 583 2921 depascat
596 2844 679 2906 avida
692 2842 862 2923 quadripes,
886 2859 921 2900 ne
939 2858 1082 2919 procaces

76 2945 171 2988 manus
197 2928 327 3005 rapiant,
346 2945 383 2987 ne
409 2926 546 3004 neglecta
568 2929 694 3006 vestigia
721 2934 873 3004 optarant,
895 2943 933 2984 ne
955 2924 1082 2985 insidens

1 3075 2 3089 ,
77 3011 135 3070 ales
152 3011 309 3088 infringat,
333 3011 377 3071 his
398 3011 550 3072 muniendo
573 3012 684 3072 aculeis
704 3009 831 3087 telisque
854 3009 1007 3084 armando,
1037 3026 1081 3066 re·

1 3090 3 3172 }
76 3095 175 3155 mediis
189 3103 221 3154 ut
235 3103 295 3154 tnta
312 3112 347 3155 ac
361 3095 442 3156 salva
459 3095 524 3154 sint.
557 3097 595 3156 ita
611 3097 669 3155 hoc
690 3110 806 3172 quoque
822 3093 901 3171 quod
917 3093 945 3152 in
966 3093 1001 3151 iis
1020 3090 1081 3150 odi·

2 3184 3 3238 i
75 3197 135 3239 mus
150 3180 297 3238 hominum
318 3196 405 3238 causa
423 3181 618 3256 excogitatum
636 3188 690 3240 est.
1106 3246 1107 3249 Ἴ

47 3285 69 3328 aa
134 3266 164 3323 7.
189 3261 254 3342 (8.)
278 3260 364 3322 Clara
393 3263 549 3340 inprimis
578 3264 774 3323 aculeatarum
806 3278 916 3337 erynge
945 3267 990 3318 est
1016 3259 1080 3317 siue
1093 3265 1126 3320 18

2 3359 3 3408 ἕ
77 3349 217 3424 eryngion
236 3354 336 3406 contra
356 3347 503 3424 serpentis
525 3355 554 3406 et
568 3365 681 3407 venena
701 3345 795 3405 omnia
814 3360 950 3403 nascens.
982 3341 1083 3401 aduer-

77 3448 124 3489 ιιι
143 3432 220 3491 ictus
236 3447 409 3509 morsusque
429 3430 511 3490 radix
527 3431 589 3490 eius
610 3430 716 3491 bibitur
731 3426 885 3487 drachmae
904 3425 1035 3504 pondere
1057 3426 1086 3484 in

75 3514 141 3574 rino
163 3523 227 3589 aut,
247 3515 272 3574 si
293 3514 465 3594 plerumque
482 3515 548 3575 talis
570 3516 687 3574 iniurias
705 3512 858 3572 comitetur
873 3517 902 3568 et
918 3508 1027 3585 febris,
1048 3527 1087 3568 ex
