2396 3900
145 239 185 300 50
494 219 796 297 orarursccuunr

146 413 263 484 optuma
277 402 394 479 vitibus,
411 413 459 464 aut
474 422 549 483 quae
566 406 660 464 tenuis
676 403 792 465 exhalat
808 403 940 478 nebulas,
959 421 1015 464 uec
1030 403 1150 464 rubrica

145 489 241 550 multis
258 487 381 550 laudata.
412 498 520 548 cretam
536 489 564 547 iu
582 487 751 548 Albensium
766 487 1005 566 Pompeianorum
1028 503 1103 565 agro
1120 496 1151 546 et

146 572 277 651 argillam
294 574 404 633 eunctis
416 572 452 632 ad
467 573 567 632 vineas
582 573 743 651 generibus
758 581 951 651 anteponunt,
974 589 1150 650 quamquam

146 658 350 737 praepinguis,
369 655 447 735 quod
463 658 608 736 excipitur
623 659 651 716 in
670 673 706 716 eo
722 674 842 733 genere.
876 657 999 716 inuicem
1013 655 1150 716 sabulum

146 741 242 802 album
259 742 286 800 in
300 739 455 801 Ticiniensi
466 739 619 819 multisque
635 743 663 800 in
674 741 747 801 locis
759 742 1005 819 nigrumitemque
1017 739 1148 815 rubrum,
1161 763 1174 803 a

103 835 138 890 26
150 827 235 886 etiam
258 826 357 904 pingui
372 833 469 886 terrae
484 826 666 904 permixtum,
682 825 866 886 infecundum
884 834 940 884 est.
968 824 1151 902 Argumenta

39 941 42 948 =
147 926 264 990 quoque
283 909 465 970 iudicantium
483 927 575 987 saepe
593 910 704 970 lallunt.
735 926 792 971 non
806 911 905 988 utique
924 909 1030 969 laetum
1052 907 1152 968 solum

147 1003 192 1055 est
213 995 240 1053 iu
260 1012 318 1073 quo
333 1011 477 1071 procerae
492 993 616 1058 arbores
632 995 723 1054 nitent
741 1003 944 1072 praeterquam
960 993 1018 1054 illis
1036 991 1151 1052 arbori·

146 1079 210 1140 bus.
240 1077 308 1156 quid
323 1078 398 1137 enim
412 1077 508 1138 abiete
524 1077 697 1156 procerius?
726 1088 754 1138 at
769 1096 844 1156 quae
854 1079 964 1138 uixisse
979 1077 1075 1156 possit
1091 1076 1152 1136 alia

145 1166 174 1222 in
188 1163 256 1222 loco
275 1159 400 1222 eodem?
425 1179 481 1222 neo
497 1162 645 1222 luxuriosa
657 1162 763 1240 pabula
774 1162 890 1241 pinguis
907 1162 963 1223 soli
978 1179 1095 1238 semper
1107 1161 1151 1218 iu·
1162 1181 1186 1222 ro

146 1248 252 1307 dicium
268 1246 385 1306 habent.
417 1264 482 1306 nam
507 1247 574 1326 quid
597 1247 738 1307 laudatius
761 1245 931 1306 Germaniae
953 1241 1089 1324 pabulis?
1119 1252 1152 1304 et

104 1339 138 1395 at
150 1332 244 1391 statim
260 1330 360 1389 subest
376 1330 484 1391 harena
507 1331 676 1392 tenuissimo
698 1332 857 1408 caespitum
879 1330 970 1389 corio.
1000 1347 1056 1389 nec
1072 1345 1151 1388 sem·

146 1434 201 1496 per
216 1432 327 1494 aquosa
343 1423 388 1474 est
403 1424 481 1474 terra
501 1415 545 1474 coi
561 1417 722 1493 proceritas
735 1414 898 1489 herbarum,
911 1432 979 1489 non,
991 1412 1150 1488 Hercules,

146 1501 239 1577 magis
261 1515 345 1577 quam
369 1499 485 1578 pinguis
510 1498 672 1560 adhaerens
688 1499 801 1576 digitis,
824 1498 901 1578 quod
923 1499 951 1558 in
975 1497 1087 1576 argillis
1103 1515 1150 1556 ar·

147 1586 252 1662 guitur.
282 1582 405 1643 scrobes
418 1583 533 1662 quidem
546 1593 664 1661 regesta
677 1585 705 1642 in
716 1601 769 1644 eos
782 1583 858 1643 nulla
871 1583 1000 1661 conplet,
1016 1591 1046 1642 ut
1057 1580 1151 1643 densa
1159 1599 1183 1639 ra

148 1678 235 1746 atqua
249 1680 315 1727 rara
326 1667 362 1728 ad
374 1667 450 1727 hunc
463 1667 576 1728 modum
591 1666 771 1746 deprehendi
783 1669 887 1746 possit,
904 1666 1043 1745 ferroque
1055 1666 1151 1725 omnis

147 1752 309 1829 robiginem
324 1751 452 1812 obducit.
482 1770 538 1811 nec
552 1754 650 1829 grauis
665 1762 713 1812 aut
728 1752 822 1811 levior
835 1753 910 1812 iusto
921 1750 1152 1829 deprehenditur

149 1836 290 1916 pondere.
324 1835 402 1914 quod
421 1837 496 1895 enim
513 1836 627 1914 pondus
643 1845 738 1897 terrae
754 1837 857 1896 iustum
878 1835 1008 1913 intellegi
1025 1830 1151 1914 potest?

105 1929 246 1997 abusque
262 1918 423 1979 lluminibus
445 1919 566 1996 adgesta
590 1923 708 1999 semper
730 1919 898 1996 laudabilis,
926 1919 1040 1997 quando
1063 1937 1151 1978 sene-

148 2012 231 2064 scant
248 2011 309 2062 sata
330 2003 472 2081 quaedam
488 2021 571 2082 aqua.
601 2005 654 2065 sed
675 2020 771 2083 neque
785 2005 834 2066 illa
854 2023 929 2083 quae
945 2004 1077 2065 laudatur
1100 2002 1182 2064 dium

147 2095 349 2166 praeterquam
368 2087 450 2148 salici
473 2089 551 2148 utilis
573 2090 703 2148 sentitur.
736 2091 810 2149 inter
833 2097 1000 2166 argumenta
1023 2087 1168 2166 stipulae·

149 2170 310 2232 crassitudo
330 2180 390 2247 est,
421 2179 498 2232 tanta
519 2173 626 2252 alioqui
648 2174 676 2232 in
693 2171 838 2234 Leborino
864 2171 1037 2252 Campaniae
1055 2169 1150 2230 nobili

149 2270 262 2334 camp0,
278 2264 308 2315 ut
325 2255 395 2332 ligni
410 2257 476 2316 vice
494 2266 617 2317 utantur.
646 2258 698 2317 sed
714 2258 791 2318 idem
806 2257 899 2316 solurn
913 2256 1088 2334 ubicumque
1102 2273 1149 2314 ar·

148 2340 232 2401 duum
243 2356 347 2419 opere,
361 2340 481 2401 difficile
494 2340 582 2418 cultu,
592 2342 676 2402 bonis
688 2342 748 2401 sois
760 2342 854 2401 acrius
867 2359 961 2420 paene
974 2358 1058 2422 quam
1068 2339 1149 2399 uitiis

105 2435 140 2490 29
152 2433 253 2504 posset
267 2424 377 2501 adlligit
389 2426 558 2502 agricolam.
584 2434 614 2485 et
629 2424 837 2502 carbunculus,
861 2444 936 2504 quae
952 2435 1030 2486 terra
1044 2426 1083 2484 ita
1095 2440 1148 2483 uo·
1157 2446 1181 2485 rs

149 2517 240 2585 catur,
255 2509 402 2570 emendari
417 2510 476 2568 uite
496 2526 594 2570 macra
608 2509 732 2570 uidetur.
765 2528 829 2570 nam
844 2510 922 2571 tolus
934 2518 1012 2570 satur
1030 2525 1065 2567 ae
1080 2509 1150 2568 iria·

149 2593 216 2653 bilis
236 2595 383 2672 expetitur
397 2611 514 2672 quoque
527 2592 563 2654 ab
579 2594 754 2654 auctoribus.
787 2592 935 2672 Vergilius
950 2603 1068 2671 atquae
1083 2591 1150 2652 feli·

150 2695 213 2740 cem
225 2676 301 2738 lerat
310 2694 368 2737 non
383 2676 517 2754 inprobat
527 2676 642 2738 vitibus.
670 2678 825 2758 salsaeque
837 2687 933 2739 terrae
944 2677 1033 2738 multa
1044 2676 1151 2737 melius

149 2760 314 2836 ereduntur,
332 2761 437 2822 tutiora
456 2762 562 2822 avitiis
585 2763 790 2823 innascentium
810 2763 979 2823 animalium.
1003 2769 1067 2822 'nae
1087 2759 1149 2821 col-

148 2845 193 2904 les
209 2861 301 2923 opere
322 2844 479 2921 nudantur,
503 2846 527 2904 si
543 2848 607 2924 quis
623 2848 717 2925 perite
731 2847 838 2923 fodiat,
861 2865 916 2908 uec
932 2846 1026 2924 campi
1046 2861 1179 2905 omnesao

147 2930 239 2988 minus
256 2927 337 2988 soles
353 2939 440 3007 atque
455 2930 594 3008 perflatus
611 2949 695 3009 quam
711 2948 785 3010 opus
801 2932 838 2991 sit
849 2932 1003 3010 accipiunt,
1020 2939 1050 2990 et
1061 2947 1149 3008 quas·

107 3027 165 3070 ‚ura
177 3012 242 3072 dam
258 3013 367 3091 pruinis
383 3032 418 3073 ao
432 3013 546 3075 nebulis
560 3016 644 3093 pasci
660 3014 782 3076 diximus
799 3016 875 3076 uitis.
895 3013 1035 3075 ,Omnium
1050 3031 1149 3073 rerum

149 3105 214 3156 sunt
229 3097 370 3175 quaedam
382 3099 410 3157 iu
426 3099 484 3159 alto
498 3109 613 3160 secreta
630 3109 658 3160 et
670 3117 722 3159 suo
739 3101 843 3179 cuique
855 3098 944 3160 corde
956 3097 1146 3178 pervidenda.

104 3190 141 3244 30
152 3181 227 3254 Quid
241 3180 320 3260 qnod
334 3191 477 3242 mutantur
490 3201 581 3262 saepe
597 3183 720 3243 iudicata
737 3201 854 3262 quoque
870 3193 900 3244 et
920 3183 966 3243 diu
983 3177 1148 3261 conperta?

147 3265 179 3324 ln
200 3264 353 3326 Thessalia
380 3267 458 3328 cirea
477 3266 605 3328 Larisam
630 3269 736 3328 emisso
764 3268 829 3328 lacu
854 3267 986 3344 frigidior
1010 3267 1090 3327 lacta
1112 3283 1179 3326 eaas

147 3351 230 3427 regio
247 3358 302 3424 est,
318 3349 463 3430 oleaeque
481 3351 629 3412 desierunt
651 3370 726 3430 quae
748 3354 827 3431 prius
843 3351 965 3412 luerent.
996 3351 1066 3410 item
1081 3350 1148 3410 vitis

149 3433 241 3510 aduri,
261 3434 339 3513 quod
354 3453 412 3496 non
431 3444 525 3511 antea,
542 3435 643 3496 aenos
659 3437 750 3497 sensit
765 3436 880 3497 admoto
895 3434 1006 3513 llebro,
1022 3445 1053 3494 et
1068 3436 1148 3496 circa

148 3515 298 3597 Philippos
313 3518 425 3580 cultura
441 3520 551 3580 siccata
569 3521 652 3598 regio
671 3521 788 3582 mutavit
804 3520 878 3581 caeli
900 3521 1036 3582 habitum.
1071 3529 1100 3581 at
1119 3520 1148 3578 in
