2458 3906
117 187 176 250 166
355 236 361 240 .
458 195 769 247 c.rc1nrsuonsn1

114 351 300 428 cartilagine,
329 349 386 412 alia
407 367 511 427 carne,
536 350 594 412 alia
613 358 750 430 utroque,
774 349 830 412 alia
849 349 961 410 cortice
984 360 1034 412 aut
1056 361 1125 414 cute

115 446 143 496 et
159 434 341 512 cartilagine,
359 433 415 494 alia
426 434 530 494 tunicis
546 436 685 495 carnosis.

71 534 101 588 61
178 519 263 600 (22.)
285 519 415 582 Aliorum
429 519 540 580 fructus
558 520 586 578 ia
601 527 679 579 terra
691 527 747 596 est,
762 518 883 580 aliorum
896 527 926 578 et
939 527 1033 596 extra,
1050 519 1124 582 alio·

113 623 175 666 rum
191 621 249 664 non
264 605 318 664 nisi
334 610 426 662 extra.
461 602 600 683 quaedam
616 604 712 663 iacent
728 611 938 680 crescuntque,
965 611 996 662 ut
1017 621 1123 664 cucur·

114 691 190 750 bitae
207 698 236 749 et
252 689 389 748 cucumis.
421 686 523 748 eadem
539 687 676 766 pendent,
692 705 861 766 quamquam
876 689 1015 764 graviora
1030 688 1147 751 multos

114 776 199 834 etiam
214 774 248 832 iis
265 791 339 850 quae
354 773 383 831 in
397 770 549 832 arboribus
559 773 728 849 gignuntur,
743 771 795 831 sed
808 772 934 832 cucumis
948 772 1123 850 cartilagine

110 869 143 919 et
158 876 245 919 carne
262 865 385 934 constat,
402 855 549 916 cucurbita
565 858 676 918 cortice
690 865 720 916 ct
732 855 912 932 cartilagine.
939 867 1045 918 cortex
1055 856 1124 918 huic

72 945 160 1010 oanni
174 943 336 1003 maturitate
352 943 452 1001 transit
467 943 496 1000 in
515 940 632 1017 lignum.
661 951 739 1000 terra
761 939 920 1002 conduntur
936 940 1059 1020 raphani
1074 959 1124 1003 na·

115 1029 202 1108 pique
225 1035 254 1086 et
273 1044 360 1105 rapa,
380 1034 467 1103 atque
484 1024 541 1084 alio
569 1025 655 1086 modo
681 1024 794 1101 inulae,
824 1026 917 1102 siser,
943 1026 1123 1104 pastinacae.

115 1110 254 1191 quaedam
273 1109 440 1170 vocabimus
461 1109 624 1187 ferulacea,
651 1119 681 1168 ut
704 1119 832 1186 anetum,
847 1109 965 1168 malvas.
996 1127 1164 1188 nemquem

115 1196 228 1258 tradunt
240 1204 374 1255 auctores
391 1196 419 1253 in
430 1193 539 1254 Arabia
550 1194 661 1256 malvas
670 1203 802 1273 septumo
814 1211 915 1253 mense
926 1193 1124 1254 arborescere

73 1293 107 1347 63
115 1281 339 1357 baculorumque
359 1297 440 1338 usum
458 1278 612 1356 praebere.
645 1278 781 1357 exemplo
798 1287 843 1338 est
864 1277 951 1338 arbor
966 1279 1081 1338 malvae
1094 1279 1124 1338 in

114 1365 290 1426 Mauretania
301 1363 363 1424 Lixi
380 1363 652 1444 oppidiaestuario,
671 1362 719 1423 ubi
732 1361 924 1441 Hesperidum
937 1360 1015 1423 horti
1030 1362 1125 1424 luisse.

116 1448 272 1529 produntur
285 1460 327 1508 cc
341 1465 418 1526 pass.
447 1448 484 1508 ab
500 1465 626 1524 oceano,
643 1449 720 1508 iuxta
737 1447 886 1508 delubrum
902 1445 1041 1508 Herculis
1052 1448 1125 1506 anti-

117 1535 199 1612 quius
218 1532 373 1609 Gaditano,
402 1541 432 1592 ut
446 1532 551 1594 lerunt.
584 1534 648 1610 ipsa
662 1531 817 1592 altitudinis
834 1531 939 1611 pedum
953 1545 1020 1608 xx,
1043 1549 1164 1594 cras-rs

116 1616 246 1677 situdinis
270 1635 354 1694 quam
377 1617 576 1697 circumplecti
600 1634 684 1676 nemo
710 1617 811 1695 possit.
846 1616 981 1675 insimili
1009 1633 1124 1693 genere

115 1700 266 1762 habebitur
281 1709 309 1760 et
328 1701 473 1762 cannabis.
510 1720 566 1762 uec
581 1719 639 1762 non
654 1710 684 1760 et
702 1718 824 1760 carnosa
842 1699 937 1778 aliqua
958 1698 1125 1779 appellabi-

115 1805 193 1862 mus,
216 1794 246 1844 ut
269 1802 416 1864 spongeas
430 1788 458 1845 in
476 1804 575 1846 umore
598 1794 745 1864 pratorum
760 1786 934 1844 enascentis.
966 1785 1125 1860 fungorum

74 1891 141 1936 aar
164 1871 239 1938 euim
264 1869 367 1930 callum
384 1871 412 1928 in
430 1870 499 1947 ligni
517 1870 709 1948 arborumque
730 1877 830 1928 natura
849 1867 986 1946 diximus,
1012 1876 1042 1927 et
1062 1867 1124 1927 alio

74 1977 145 2021 sana.
159 1972 270 2032 genere
288 1952 418 2012 tuberum
433 1954 519 2034 paolo
536 1963 612 2016 aute.
1133 1977 1166 2018 aa

74 2050 108 2104 64
179 2040 209 2098 5.
229 2036 313 2117 (23.)
338 2035 543 2116 Cartilaginum
558 2040 676 2116 generis
696 2047 837 2116 extraque
852 2046 957 2099 terram
972 2044 1022 2096 est.
1036 2053 1124 2096 cucu-

115 2125 169 2183 mis
189 2123 260 2182 mira
281 2121 430 2200 uoluptate
445 2123 562 2182 'liberio
583 2122 707 2202 principi
730 2123 884 2201 expetitus.
917 2121 997 2181 nullo
1014 2121 1125 2199 quippe

115 2225 173 2268 non
194 2205 242 2265 die
268 2207 388 2283 contigit
409 2208 436 2266 ei
456 2207 576 2287 pensilis
599 2223 698 2267 eorum
720 2205 822 2266 hortos
839 2203 1079 2284 promoventibus
1095 2205 1125 2264 in

116 2291 209 2352 solem
226 2291 297 2350 rotis
315 2290 469 2351 olitoribus
482 2309 638 2368 rursusque
655 2289 789 2352 hibernis·
807 2289 909 2352 diebus
928 2291 1002 2349 intra
1017 2307 1125 2368 specu·

115 2377 216 2436 larium
227 2377 397 2436 munimenta
413 2374 629 2436 revocantibus.
660 2377 734 2453 quin
754 2384 783 2434 et
804 2375 883 2436 lacte
902 2373 996 2436 mulso
1012 2373 1165 2444 mutinen

116 2477 215 2520 eorum
233 2458 319 2520 biduo
336 2469 482 2520 macerato
498 2459 575 2539 apud
589 2460 721 2538 antiquos
737 2459 877 2521 Graeciae
897 2467 1033 2520 auctores
1051 2457 1124 2518 scri·

73 2553 192 2625 65ptum
208 2553 253 2604 est
268 2546 326 2604 seri
343 2553 499 2624 oportere,
521 2553 550 2604 ut
566 2543 715 2604 dulciores
729 2545 806 2604 liant.
840 2551 1048 2620 crescuntque
1071 2558 1124 2601 co-

117 2639 223 2707 gantur
238 2629 339 2706 iorma,
355 2629 384 2688 iu
399 2627 481 2688 ltalia
497 2628 606 2689 virides
622 2636 650 2688 et
665 2645 749 2707 quem
764 2629 891 2704 miuumi,
915 2628 943 2690 iu
963 2626 1124 2705 provinciis

116 2733 199 2794 quam
209 2715 331 2774 maxumi
346 2721 375 2772 et
393 2712 483 2772 cerini
494 2721 542 2772 aut
553 2713 637 2790 nigri.
651 2710 769 2791 placent
781 2711 976 2790 copiosissimi
988 2709 1123 2786 Africae,

114 2799 296 2876 grandissimi
306 2797 444 2858 Moesiae.
469 2815 532 2857 curn
542 2794 737 2873 magnitudine
746 2813 913 2874 excessere,
927 2813 1061 2874 pepones
1071 2813 1163 2860 roae

91 2901 93 2908 ’
116 2892 223 2942 cantur.
246 2884 346 2942 vivont
354 2881 448 2940 hausti
458 2880 486 2940 in
497 2879 647 2942 stomacho
660 2882 688 2939 in
700 2889 848 2960 posterum
860 2879 944 2956 diem,
956 2897 1012 2940 nec
1021 2879 1123 2960 perlici

116 2975 223 3044 queunt
236 2967 265 3025 in
281 2964 364 3041 cibis,
375 2983 432 3025 non
443 2965 605 3026 insalubres
618 2975 713 3026 tamen
728 2964 897 3045 plurumum.
913 2973 1014 3025 natura
1026 2963 1123 3025 oleum

72 3050 203 3114 660dere
215 3052 302 3126 mire,
318 3068 374 3110 nec
386 3052 479 3109 minus
490 3069 580 3128 aquas
595 3049 726 3127 diligunt,
745 3047 856 3109 desecti
871 3066 996 3127 quoque.
1020 3046 1056 3108 ad
1073 3067 1124 3108 eas

114 3134 227 3196 modice
242 3135 370 3194 distantis
386 3135 537 3212 adrepunt,
554 3143 654 3196 contra
668 3133 763 3194 oleum
781 3133 929 3211 refugiunt
945 3141 1002 3210 aut,
1016 3134 1041 3193 si
1056 3131 1125 3212 quid

121 3219 226 3296 chatet,
237 3219 286 3278 vel
298 3221 322 3279 si
336 3220 496 3299 pendeant,
509 3228 662 3280 currantur
674 3220 943 3298 intorquenturque.
966 3216 1055 3280 idvel
1067 3235 1122 3279 uua
1132 3241 1162 3288 aa

114 3313 201 3364 nocte
216 3302 455 3383 deprehenditur,
477 3305 501 3362 si
515 3321 568 3363 vas
584 3321 648 3362 cum
662 3321 737 3383 aqua
758 3303 934 3379 subiciator,
955 3321 972 3362 a
989 3311 1124 3380 quattuor

116 3386 270 3464 digitorum
287 3387 441 3448 intervallo
459 3386 700 3450 descendentibus
717 3397 784 3449 ante
797 3397 945 3467 posterum
957 3385 1045 3462 diem,
1061 3387 1122 3446 atsi

115 3471 211 3531 oleum
226 3471 330 3532 eodem
344 3470 432 3533 modo
449 3474 494 3550 rit,
510 3473 538 3534 in
551 3471 653 3534 hamos
669 3472 804 3534 curvatis.
841 3471 927 3537 iidem
948 3471 977 3530 in
999 3470 1123 3530 lumniam
