2396 3922
422 158 430 197 t

180 253 220 318 80
522 271 664 320 c.nn1u1
684 269 834 320 sncuuor

137 433 172 488 99
246 423 328 500 (55.)
348 421 456 506 Verum
481 431 511 482 et
532 415 804 503 effectus'ususque
827 423 937 484 dicendi
965 432 1030 490 sunt
1052 425 1158 486 ordien-

180 506 302 584 dumque
326 524 342 565 a
365 505 504 578 malorum
524 510 647 566 omnium
668 509 795 585 pessimo
817 517 878 583 est,
900 509 1076 584 serpentium
1097 511 1155 570 ictu.

179 589 330 649 medentur
351 606 424 665 ergo
445 587 607 652 Britannica
626 590 727 666 herba,
748 593 864 669 panacis
886 594 1009 650 omnium
1028 609 1158 667 generum

179 671 261 732 radix
283 691 300 732 e
323 675 402 748 vino,
425 670 553 733 Chironii
577 683 607 733 et
632 674 686 734 ilos
710 683 740 734 et
767 691 866 734 semen
894 682 992 752 potum
1021 673 1159 734 inlitumve

181 774 219 816 ex
241 757 309 814 vino
333 765 362 814 et
390 755 470 831 oleo,
496 758 627 833 privatim
651 774 724 834 quae
747 756 839 816 cunila
865 757 971 816 huhula
994 757 1176 834 appellaturus

180 837 348 899 Polemonia
363 839 411 898 uel
425 838 597 898 Philetaeris
612 840 716 900 radicis
732 839 872 899 drachmis
884 848 1021 918 quattuor
1033 842 1063 899 iu
1075 857 1160 916 mero,

138 933 190 986 100
201 921 334 997 Teucria,
358 922 497 997 sideritis,
517 922 661 982 scordotis
684 941 722 982 ex
742 924 821 998 uino,
842 925 977 999 priuatim
997 923 1033 982 ad
1057 925 1159 998 angui-s,

181 1014 251 1084 pota
274 1015 304 1066 et
326 1004 407 1064 inlita
428 1008 492 1064 siue
516 1021 586 1065 suco
608 1009 670 1065 siue
694 1005 767 1066 lolio
790 1008 852 1064 sive
875 1007 1011 1081 decocto,
1040 1009 1158 1064 centauri

180 1089 296 1148 maioris
318 1088 399 1148 radix
418 1087 548 1148 drachma
570 1091 598 1148 in
619 1091 679 1148 vini
696 1089 753 1148 albi
775 1089 885 1164 cyathis
907 1089 1012 1164 trihus,
1031 1087 1158 1148 Gentiana

180 1174 337 1250 praecipue
353 1171 491 1230 adversus
513 1175 614 1248 anguis
635 1172 744 1231 duahus
768 1171 907 1231 drachmis
928 1189 992 1230 eum
1014 1173 1118 1248 pipere
1136 1180 1182 1231 citt

180 1264 254 1331 ruta,
278 1257 336 1314 vini
360 1254 469 1329 cyathis
494 1273 564 1331 serr,
585 1257 648 1316 sive
671 1255 769 1314 viridis
794 1257 856 1313 sive
877 1257 962 1316 sicca.
997 1263 1028 1313 et
1046 1253 1160 1330 lysima-

138 1351 186 1403 101
200 1338 282 1398 chiae
303 1338 423 1397 odorem
440 1338 561 1414 fugiunt.
592 1338 675 1398 datur
690 1356 727 1398 ex
743 1340 811 1398 vino
829 1340 976 1416 percussis
995 1337 1161 1412 chelidonia,

180 1421 325 1481 morsibus
347 1423 495 1498 inponitur
510 1419 665 1481 Vettonica
681 1423 850 1500 praecipue,
871 1423 915 1481 oui
937 1423 982 1482 vis
1006 1430 1086 1481 tanta
1105 1439 1161 1498 per·

180 1505 296 1564 hibetur
311 1513 341 1562 ut
361 1504 489 1564 inclusae
511 1505 620 1564 circulo
637 1506 700 1565 eius
715 1513 870 1582 serpentes
886 1507 968 1582 ipsae
985 1523 1056 1564 sese
1072 1505 1160 1562 interi·

179 1597 255 1648 mant
271 1586 452 1664 flagellando.
484 1587 566 1647 datur
581 1588 617 1648 ad
631 1590 704 1647 ictus
720 1605 819 1647 semen
835 1591 897 1647 eius
918 1588 1019 1647 denari
1038 1587 1182 1665 ponderes

181 1691 243 1732 cum
264 1671 356 1730 trihus
376 1671 486 1746 cyathis
508 1672 565 1730 vini
589 1671 635 1730 vel
655 1672 747 1730 iarina
763 1669 903 1730 drachmis
925 1671 1018 1730 trihus
1038 1671 1156 1730 sextario

181 1773 332 1835 aquae,-
344 1756 433 1814 iarina
449 1756 600 1832 reponitur
608 1789 658 1830 -,
671 1751 851 1829 Cantabrica,
869 1753 1052 1827 dictamnum,
1068 1755 1157 1811 ariste

181 1838 275 1898 lochia
296 1839 399 1897 radicis
423 1836 553 1897 drachma
568 1839 597 1896 in
614 1838 672 1896 uini
690 1832 815 1912 henuina,
832 1837 883 1896 sed
900 1839 1018 1914 saepius
1035 1835 1155 1896 hibenda.

180 1922 301 2000 prodest
323 1930 353 1980 et
378 1921 459 1980 inlita
482 1939 520 1980 ex
541 1929 636 1996 aceto,
659 1919 791 1980 similiter
813 1919 1008 1998 plistolochia.
1045 1921 1112 1996 quin
1135 1925 1158 1976 et

182 2007 296 2064 omnino
317 2021 458 2081 suspensa
481 2020 568 2081 supra
590 2005 686 2064 focum
703 2004 783 2080 sugat
804 2022 821 2062 e
845 2003 976 2062 domibus
1012 2003 1178 2080 serpentistt

139 2088 228 2153 1019.
245 2087 328 2165 (56.)
351 2089 518 2163 argemonia
540 2104 654 2165 quoque
675 2086 772 2146 radice
792 2089 854 2146 eius
875 2086 974 2146 denari
993 2085 1122 2164 pondere
1134 2087 1156 2142 in

181 2172 238 2230 vini
254 2170 364 2245 cyathis
380 2171 472 2230 trihus
489 2179 566 2248 pota.
581 2203 624 2216 -
641 2170 724 2246 plura
739 2169 774 2229 de
792 2187 826 2229 ea
849 2171 986 2228 conuenit
1009 2169 1066 2227 diei
1091 2177 1155 2227 oete·

181 2256 292 2330 risque,
315 2255 448 2330 quoniam
464 2257 583 2330 primum
598 2253 828 2329 nominabuntur,
846 2254 874 2311 in
892 2269 928 2311 eo
944 2261 1043 2311 autem
1058 2268 1153 2327 genere

181 2335 311 2396 medendi
340 2338 458 2413 primum
483 2338 621 2395 nominari
641 2353 781 2414 quamque
803 2338 911 2412 inquo
935 2352 1069 2394 maxume
1092 2333 1152 2392 uale-

181 2419 231 2478 hit.
252 2455 288 2464 —
306 2419 374 2478 iolia
393 2419 480 2478 hahet
499 2419 593 2496 qualia
615 2434 766 2494 anemone,
787 2419 877 2478 divisa
898 2419 944 2496 api
963 2418 1063 2494 modo,
1083 2422 1174 2493 caputtt

181 2505 211 2562 in
232 2502 371 2563 cauliculo
392 2505 544 2580 papaueris
560 2503 716 2577 silvestris,
730 2505 799 2562 item
815 2501 947 2561 radicem.
975 2520 1075 2560 sucum
1089 2499 1150 2559 croci
1190 2489 1192 2576 l

75 2599 78 2606 “
182 2587 283 2648 colore
302 2603 398 2646 acrem
417 2594 446 2645 et
466 2594 585 2646 acutum.
626 2588 752 2645 nascitur
772 2587 801 2644 in
823 2586 908 2644 arvis.
941 2585 1016 2662 apud
1032 2601 1084 2644 nos
1110 2583 1149 2640 tria
1191 2579 1192 2592 ¹

182 2689 291 2747 genera
319 2671 381 2729 eius
407 2671 512 2729 faciunt
538 2679 567 2728 et
590 2669 617 2728 id
640 2669 750 2728 demum
771 2668 894 2745 probant
913 2669 996 2727 cuiuis
1021 2667 1099 2726 radix
1115 2675 1147 2722 tus

181 2752 321 2814 redoleat.

143 2847 192 2900 toa
264 2837 345 2914 (57.)
365 2835 518 2912 ligericum
539 2844 569 2892 ut
591 2835 695 2910 longus
714 2834 840 2893 nascitur
862 2835 889 2891 in
913 2832 1069 2892 arboribus
1089 2835 1169 2890 cincto

182 2919 344 2997 Bosporum
355 2919 455 2978 colore
471 2916 598 2978 candido.
619 2917 719 2976 dantur
734 2916 814 2976 oholi
827 2925 962 2992 quattuor
972 2918 1089 2974 contriti
1101 2929 1149 2972 eun

182 3001 257 3061 binis
272 3003 381 3078 cyathis
394 3004 467 3062 aceti
480 3000 570 3060 mulsi.
593 3001 621 3061 id
633 3000 710 3078 quod
726 3001 754 3058 in
766 2998 875 3058 Galatia
886 3001 1016 3058 nascitur
1031 2998 1148 3060 infirmius

182 3085 314 3161 hahetur,
329 3093 483 3162 praeterea
497 3102 557 3144 mas
573 3085 697 3162 spissior
708 3084 899 3163 amariorque,
911 3115 954 3128 -
964 3081 1013 3140 hic
1025 3089 1055 3140 et
1065 3080 1147 3158 capitis

182 3168 301 3228 dolores
324 3169 403 3241 iacit,
417 3200 461 3212 -
476 3169 580 3228 femina
600 3167 735 3243 solutior,
756 3167 845 3224 initio
860 3173 964 3241 gustus
987 3164 1077 3224 dulcis
1096 3177 1147 3222 mou

181 3254 210 3311 in
224 3251 436 3311 amaritudinem
453 3253 569 3310 transit:
1151 3251 1167 3292 ³⁵

62 3331 64 3336 ’
142 3345 192 3398 toa
266 3333 346 3413 (58.)
368 3331 475 3392 Echios
496 3336 644 3410 utriusque
665 3331 841 3410 generis**,
863 3331 962 3408 puleio
985 3331 1093 3404 similis,
1115 3328 1145 3386 io·

182 3416 229 3474 liis
255 3419 396 3490 carinata,
426 3414 565 3474 drachmis
592 3416 699 3476 duabus
730 3433 768 3475 ex
794 3416 852 3473 vini
880 3413 991 3490 cyathis
1023 3421 1144 3491 quattuor.

183 3498 252 3555 item
267 3499 369 3576 altera,
384 3515 458 3577 quae
473 3498 607 3575 lanugine
622 3500 806 3575 distinguitur
821 3499 952 3575 spinosa,
970 3499 1017 3556 oui
1039 3505 1067 3556 et
1086 3493 1145 3572 oapi-
