2458 3906
158 236 219 299 224
470 248 501 296 o.
517 245 782 295 uuuursucuum

158 423 212 484 per
227 423 261 466 se
277 404 327 465 vel
344 423 407 464 cum
421 402 516 464 malva
537 411 589 463 aut·
605 401 759 478 lenticula,
782 403 964 464 concitantes
980 403 1170 465 vomitiones.

158 491 285 551 silvestri
301 488 425 568 capillos
441 489 553 565 lingunt
570 496 599 548 ct
614 486 650 547 ad
669 504 757 566 supra
773 489 882 566 scripta
898 496 1024 547 utuntur.

114 585 165 638 222
222 575 274 636 21.
296 572 381 655 (84.)
405 571 430 633 Ε
447 573 593 632 contrario
606 573 636 632 in
650 573 761 648 magnis
776 571 909 633 laudibus
920 571 1014 632 malva
1032 581 1079 633 est
1095 581 1172 633 utra·

158 678 215 739 quc
228 669 258 719 et
268 659 361 719 sativa
377 667 406 718 et
420 657 575 718 silvestris.
600 657 657 717 duo
672 674 783 734 genera
798 673 896 717 carum
911 657 1102 736 amplitudine
1120 657 1174 719 ioli

156 745 368 805 discernuntur.
397 743 535 802 maiorem
550 740 655 803 Graeci
669 741 806 821 malopen
823 750 930 802 vocant
944 742 973 800 in
989 742 1109 818 sativis,
1129 742 1195 806 als

157 839 249 890 teram
268 826 304 888 ab
326 826 503 888 emolliendo
525 835 627 887 ventre
643 826 747 888 dictam
769 835 870 906 putant
886 825 1049 887 molochen.
1086 827 1173 886 csil-

157 912 320 988 vestribus,
339 912 385 972 cui
401 910 512 990 grande
529 911 632 971 lolium
647 921 676 971 et
690 911 807 972 radices
822 911 924 987 albae,
948 910 1065 972 althaea
1082 927 1173 970 voca-

114 1007 240 1073 bidtur,
259 996 296 1059 ab
312 997 489 1057 excellentia
507 995 632 1056 eliectus
653 995 824 1074 quibusdam
847 995 1046 1074 plistolochia.
1084 1012 1173 1056 omne

157 1082 251 1143 solum
263 1083 360 1161 inquo
373 1089 507 1142 seruntur
519 1081 653 1160 pinguius
666 1080 785 1157 iaciunt,
800 1088 901 1140 contra
913 1080 1005 1140 omnis
1017 1079 1173 1140 aculeatos

157 1168 231 1227 ictus
253 1166 409 1241 ellicaces,
432 1166 590 1245 praecipue
617 1167 821 1244 scorpionum,
848 1181 1000 1243 vesparum
1020 1163 1207 1229 similium-uo

158 1269 214 1329 que
227 1259 256 1310 et
268 1251 356 1310 muris
367 1251 475 1310 aranei.
497 1251 565 1327 quin
576 1258 606 1309 et
615 1251 682 1310 trita
695 1268 758 1310 com
770 1249 839 1310 oleo
850 1248 980 1328 qnalibet
991 1265 1092 1309 carum
1103 1266 1172 1328 per·

156 1337 235 1396 uncti
255 1343 321 1394 aute
344 1334 393 1395 vol
408 1333 549 1395 babentes
571 1352 622 1395 eas
637 1351 696 1395 non
709 1334 860 1395 feriuntur.
895 1333 996 1395 lolium
1011 1335 1172 1413 inpositum

158 1417 361 1499 scorpionibus
376 1427 525 1498 torporem
537 1418 642 1483 adfert.
664 1419 765 1481 valent
780 1428 809 1480 et
823 1426 924 1480 contra
939 1419 1067 1498 psimithi
1080 1437 1172 1479 vene·

157 1523 203 1566 ua.
233 1504 353 1564 aculeos
371 1505 463 1564 omnis
478 1503 631 1564 extrahunt
652 1504 751 1565 inlitae
772 1504 879 1566 crudae
901 1521 965 1564 com
987 1504 1171 1583 aphronitro,

158 1598 246 1669 potae
265 1606 339 1649 vero
354 1588 497 1650 decoctae
516 1607 579 1648 cum
595 1589 695 1650 radice
710 1607 762 1650 sua
777 1589 888 1668 leporis
907 1590 1009 1649 marini
1024 1605 1172 1648 venenum
1182 1613 1204 1652 aa

114 1684 169 1738 224
180 1675 358 1752 restingunt,
381 1683 411 1734 ut
435 1673 549 1753 quidam
565 1674 680 1749 dicunt,
703 1675 727 1734 si
740 1683 881 1736 vomatur.
916 1673 962 1734 De
978 1673 1083 1734 iisdem
1099 1673 1173 1732 mira

160 1768 189 1819 et
206 1759 262 1819 alia
278 1758 443 1835 traduntur,
461 1757 514 1818 scd
528 1775 676 1834 maxume,
700 1760 725 1818 si
747 1758 811 1838 quis
831 1757 939 1820 cotidie
960 1759 1024 1818 suci
1047 1776 1087 1818 ex
1103 1775 1171 1837 qua-

158 1843 229 1904 libet
246 1861 344 1904 earum
361 1842 480 1904 sorbeat
496 1843 630 1918 cyathum
645 1844 808 1919 dimidium,
825 1842 956 1904 omnibus
969 1842 1081 1904 morbis
1097 1844 1171 1904 cari·

157 1936 260 1987 turum.
287 1927 386 1988 ulcera
403 1929 545 1988 manantia
562 1930 591 1988 in
607 1929 702 2008 capite
717 1937 818 1989 sanant
833 1929 861 1987 in
875 1928 956 1988 urina
972 1928 1170 2007 putrefactae,

158 2010 289 2072 lichenas
315 2020 344 2071 et
364 2010 463 2072 ulcera
487 2014 545 2073 oris
569 2031 632 2073 cum
651 2013 755 2090 melle,
783 2013 866 2074 radix
890 2013 1015 2073 decocta
1041 2013 1202 2077 luriuresm

159 2096 262 2174 capitis
282 2103 311 2154 et
327 2095 453 2155 dentium
470 2095 656 2158 mobilitates.
685 2099 746 2158 eius
763 2114 838 2176 quac
852 2113 938 2158 unum
953 2098 1067 2158 caulem
1082 2096 1171 2157 babet

157 2179 256 2240 radice
273 2180 352 2240 circa
367 2178 482 2240 dentem
497 2182 545 2260 qui
562 2181 662 2242 doleat
676 2175 813 2261 pungito',
830 2181 925 2243 donec
943 2182 1057 2242 desinat
1072 2181 1169 2242 dolor.

114 2275 166 2328 225
178 2265 280 2325 eadem
296 2273 419 2324 strumas
436 2274 465 2324 et
480 2266 627 2343 parotidas
644 2283 797 2344 panosque
813 2266 910 2327 addita
931 2266 1055 2328 bominis
1077 2265 1171 2326 saliva

158 2358 262 2429 purgat
289 2350 360 2409 citra
380 2348 494 2409 volnus.
531 2367 631 2410 sennen
651 2353 678 2410 iu
702 2353 769 2411 vino
790 2351 874 2428 nigro
895 2360 996 2430 potum
1017 2352 1120 2431 pituita
1142 2359 1171 2409 ct

156 2435 265 2495 nausiis
281 2432 395 2494 liberat.
427 2433 511 2495 radix
527 2450 711 2494 mammarum
726 2436 803 2495 vitiis
819 2436 947 2496 occurrit
966 2435 1125 2513 adalligata
1142 2436 1203 2494 inas

159 2519 223 2580 lana
244 2518 343 2595 nigra,
361 2519 462 2578 tussim
480 2518 509 2577 in
523 2518 602 2579 lacte
617 2528 701 2580 cocta
717 2528 748 2580 et
765 2519 934 2580 sorbitionis
950 2521 1038 2583 modo
1055 2528 1172 2598 sumpta

115 2612 167 2668 mo
176 2604 271 2682 quinis
284 2601 386 2664 diebus
402 2602 544 2663 emendat.
568 2604 719 2665 stomacho
730 2604 839 2665 inutilis
851 2605 969 2665 Sextius
979 2604 1074 2682 Niger
1088 2605 1170 2679 dicit,

159 2686 309 2766 Olympias
327 2687 466 2748 Thebana
487 2687 634 2749 abortivas
655 2707 723 2749 esse
740 2707 803 2749 cun
823 2687 909 2768 adipe
925 2691 1056 2766 anseris,
1080 2689 1172 2767 aliqui

158 2773 276 2851 purgari
298 2771 420 2833 feminas
440 2771 519 2833 loliis
541 2791 639 2834 carum
660 2791 760 2834 manus
780 2772 886 2853 plenae
903 2791 1041 2835 mensura
1055 2775 1085 2833 in
1100 2773 1170 2833 oleo

157 2864 187 2914 et
207 2857 275 2916 vino
298 2857 428 2937 sumptis.
461 2859 560 2937 utique
582 2867 695 2918 constat
716 2859 900 2938 parturientis
919 2858 998 2919 loliis
1014 2857 1201 2921 substratisao

158 2940 285 3000 celerius
308 2941 393 3000 solvi.
431 2944 562 3022 protinus
580 2961 596 3003 a
617 2951 701 3022 partu
721 2944 934 3020 revocandum,
956 2961 994 3003 ue
1016 2941 1106 3003 volva
1123 2959 1169 3000 se·

113 3032 165 3088 aut
175 3033 287 3104 quatur.
306 3024 374 3084 dant
386 3035 415 3086 et
427 3045 527 3088 sucum
539 3026 694 3088 bibendum
707 3027 933 3106 parturientibus
945 3028 1050 3088 ieiunis
1061 3027 1090 3086 in
1102 3027 1170 3085 vino

157 3110 299 3171 decoctae
319 3108 442 3171 hemina.
488 3112 554 3191 quin
579 3121 609 3172 et
629 3129 728 3172 semen
751 3113 909 3190 adalligant
928 3111 1070 3173 bracchio
1090 3112 1170 3188 geni-

157 3194 216 3255 tale
234 3210 291 3253 non
307 3195 522 3255 continentium.
554 3195 687 3276 adeoque
703 3198 806 3257 veneri
821 3205 995 3273 nascuntur,
1019 3205 1050 3257 et
1068 3213 1170 3256 semen

157 3278 297 3339 unicaulis
313 3279 484 3358 adspersum
500 3282 639 3340 curationi
653 3280 821 3342 seminarum
833 3283 986 3344 aviditates
1003 3299 1116 3360 augere
1132 3279 1198 3342 adas

158 3363 295 3423 inlinitum
310 3361 495 3424 Xenocrates
510 3365 612 3441 tradit,
630 3368 757 3445 itemque
771 3367 824 3426 tris
838 3367 955 3428 radices
970 3368 1052 3427 iuxta
1068 3364 1168 3427 adalli-

156 3454 250 3522 gatus.
277 3457 408 3508 tenesmo
429 3455 458 3506 et
483 3448 667 3522 dysintericis
682 3450 833 3512 utilissime
856 3451 981 3528 iniundi,
1004 3452 1075 3512 ilem
1091 3448 1168 3510 sedis
1223 3525 1224 3530 ἵ

157 3529 251 3606 vitiis,
278 3530 325 3591 vel
353 3533 378 3592 si
402 3531 565 3592 foveantur.
597 3534 818 3598 melancholicis
839 3552 956 3616 quoque
976 3553 1067 3600 aucus
1088 3536 1168 3600 datur
1223 3595 1225 3618 2
