2458 3906
126 204 185 268 184
472 211 501 259 ο.
517 211 614 260 unrur
630 209 780 259 succum

122 388 253 432 maxume
269 369 407 443 nascitur,
424 384 530 428 erucae
548 366 654 442 simile,
672 365 788 427 cubitali
799 364 958 440 altitudine,
973 362 1047 424 dore
1062 362 1131 422 ruic

124 465 153 518 et
173 455 303 535 protinus
324 451 465 527 deciduo,
486 450 561 511 unde
581 459 611 510 et
630 467 769 512 nomena
790 447 911 510 Graecis
925 448 1053 527 accepit.
1084 445 1133 506 De

81 540 285 618 20:1nreliquis
305 535 463 615 generibus
485 536 639 614 papaveris
654 543 760 614 sponte
781 534 929 596 nascentis
948 532 1081 594 dicemus
1101 533 1133 590 iu

122 623 282 686 medicinae
297 621 376 682 lucc.
406 619 497 679 inisse
513 628 608 680 autem
625 620 654 678 in
669 619 781 680 honore
796 618 872 699 apud
887 616 1033 679 Romanos
1053 634 1133 676 sem·

123 727 177 788 per
198 707 303 769 iudicio
321 714 367 766 est
384 704 555 783 Tarquinius
571 703 737 784 Superbus,
754 706 803 782 qui
820 703 926 782 legatis
946 719 964 764 a
984 701 1044 762 iilic
1062 700 1157 760 mis-s

123 793 164 854 sis
178 791 352 853 decutiendo
372 806 521 869 papavera
535 788 564 848 in
579 788 665 849 hortu
679 789 819 850 altissima
831 787 1043 866 sanguinarium
1057 784 1135 846 illud

123 894 297 956 responsum
313 875 368 934 hac
382 873 452 935 iacti
465 872 588 950 ambage
605 873 739 935 reddidit.

82 969 133 1027 llo
197 961 281 1040 (54.)
305 959 415 1020 Rursus
431 957 489 1017 alic
508 958 643 1019 comitatu
655 958 840 1037 aequinoctio
858 957 982 1016 autumni
996 963 1136 1015 seruntur

124 1045 317 1120 coriandrum,
337 1050 461 1117 anetum,
478 1041 613 1121 atriplex,
627 1043 733 1118 malva,
750 1041 912 1121 lapathum,
928 1039 1134 1115 caereiolium,

124 1130 202 1210 quud
217 1129 376 1209 paederota
387 1124 492 1187 Graeci
505 1135 622 1202 vocant,
638 1136 668 1187 et
678 1127 851 1188 acerrimum
866 1142 975 1204 sapore
992 1125 1134 1203 igneique
1146 1145 1171 1188 rt

124 1215 246 1275 adactus
262 1232 297 1274 ac
312 1211 531 1272 saluberrimum
549 1213 667 1290 corpori
678 1212 783 1289 sinapi,
799 1210 879 1271 nulla
891 1209 1012 1289 cultura,
1027 1209 1136 1270 melius

122 1308 218 1360 tamea
237 1298 333 1378 planta
351 1294 464 1357 tralata.
494 1295 562 1375 quin
577 1314 594 1356 e
611 1297 728 1359 diverso
744 1297 793 1356 rix
805 1303 851 1356 est
862 1303 927 1356 sato
938 1293 1031 1354 semel
1045 1311 1083 1353 eu
1098 1293 1136 1354 li·

84 1383 246 1448 urruerare
261 1381 373 1457 locum,
397 1380 532 1458 quoniam
547 1398 649 1440 semen
665 1380 773 1442 cadens
791 1380 922 1459 protinus
942 1379 1027 1439 viret.
1054 1377 1136 1438 Usus

125 1470 188 1528 eius
214 1467 300 1528 etiarn
330 1483 382 1545 pro
409 1463 600 1543 pulmentario
630 1466 658 1526 in
686 1464 802 1545 patellis
824 1464 966 1538 decocto,
999 1464 1073 1524 citra
1090 1463 1136 1522 iu·

125 1551 273 1613 tellectum
294 1551 479 1612 acrimoniae.
519 1558 661 1611 cocuntur
680 1558 710 1612 et
731 1550 817 1626 iulia,
850 1549 925 1608 sicut
949 1547 1135 1626 reliquorum
1146 1573 1172 1615 15

125 1637 247 1698 olerum.
284 1643 350 1696 sunt
371 1642 467 1708 autern
485 1633 569 1696 trium
583 1653 739 1713 generum:
759 1652 844 1695 uuum
861 1632 991 1712 gracile,
1009 1631 1135 1692 alterum

125 1721 219 1782 simile
239 1721 301 1799 rapi
322 1719 418 1794 iuliis,
444 1719 562 1780 tertium
589 1737 706 1781 erucae.
739 1737 840 1779 semen
863 1724 1010 1796 optumum
1031 1716 1135 1795 Aegy·

125 1807 223 1885 ptium.
266 1803 462 1864 Athenienses
496 1821 573 1882 napy
601 1803 838 1884 appellaverunt,
866 1800 916 1862 alii
941 1801 1052 1881 thapsi,
1084 1801 1137 1862 alii

126 1905 253 1950 sannen.

83 1981 134 2039 lit
198 1972 282 2051 (55.)
295 1971 433 2050 Serpyllc
447 1981 476 2032 et
487 1971 641 2048 sisymbrio
659 1981 772 2033 montes
785 1973 918 2051 plerique
931 1979 1060 2045 scatent,
1078 1969 1135 2030 sic·
1144 1984 1172 2026 ac

124 2065 155 2116 ut
174 2055 299 2116 Thracii.
332 2059 430 2136 ntique
451 2055 586 2117 deferunt
606 2076 645 2118 ex
658 2058 702 2118 his
720 2057 839 2118 avolsos
852 2073 949 2118 ramos
963 2062 1135 2132 seruntque,

125 2142 193 2200 item
211 2140 339 2215 Sicyone
353 2159 392 2199 ex
406 2142 465 2201 suis
480 2141 624 2202 montibus
637 2151 666 2202 et
681 2141 803 2202 Athenis
818 2160 856 2202 ex
869 2139 1017 2216 Hrmettc.
1048 2137 1136 2199 simili

123 2224 211 2285 modo
228 2233 258 2284 et
273 2223 455 2299 sisymbrium
468 2235 577 2287 serunt.
600 2225 786 2286 laetissimum
800 2226 928 2287 nascitur
939 2226 969 2286 in
980 2232 1135 2304 puteorum

124 2309 284 2388 parietibus
299 2318 328 2371 et
343 2310 422 2370 circa
440 2311 569 2388 piscinas
583 2328 618 2370 ac
634 2319 747 2388 stagna.

83 2398 134 2458 173
204 2393 234 2454 9.
259 2393 342 2472 (56.)
363 2393 487 2472 Reliqua
505 2404 571 2455 sunt
586 2393 729 2456 ferulacei
747 2395 883 2474 generis,
907 2411 960 2455 ceu
975 2392 1170 2454 feniculumas

93 2497 146 2539 uu
169 2479 321 2556 anguibus,
338 2487 369 2538 ut
383 2478 515 2555 diximus,
530 2479 734 2558 gratissimum,
753 2479 789 2540 ad
810 2478 973 2540 condienda
988 2477 1135 2555 pluruma,

1 2623 11 2638 ‚
82 2578 111 2623 ιε.
120 2577 153 2614 ¹¹⁴
167 2580 231 2622 cnm
245 2563 357 2622 inaruit.
381 2563 467 2641 eique
478 2581 620 2642 perquam
631 2563 732 2624 similis
748 2564 878 2642 thapsia,
891 2563 927 2624 de
940 2579 997 2642 qua
1009 2561 1136 2622 diximus

124 2645 200 2706 iuter
216 2655 355 2706 externos
372 2646 502 2708 frutices.
519 2647 625 2709 deiude
640 2648 792 2710 utilissima
808 2647 923 2708 funibus
935 2645 1074 2708 cannabis
1087 2663 1135 2706 se·

124 2729 196 2789 ritur
212 2748 228 2790 a
243 2730 372 2792 favonio.
402 2749 460 2810 quo
478 2732 597 2793 densior
608 2743 653 2794 est
666 2750 702 2793 ec
716 2734 838 2793 tenuior.
866 2749 966 2792 semen
978 2732 1052 2806 eius,
1070 2749 1135 2792 cnm

125 2822 170 2872 est
184 2823 340 2892 maturum,
356 2815 392 2876 ab
410 2817 595 2896 aequinoctio
611 2819 735 2878 autumni
750 2817 928 2896 distringitur
948 2824 979 2877 et
1003 2813 1069 2876 sole
1086 2823 1171 2876 autu

84 2903 228 2960 lrtvento
246 2907 294 2960 aut
309 2901 387 2962 fumo
403 2901 538 2963 siccatur.
570 2903 634 2981 ipsa
649 2900 786 2963 cannabis
803 2903 921 2962 vellitur
943 2910 1013 2981 post
1034 2899 1135 2962 vinde·

123 2983 207 3043 miam
223 3001 265 3070 aa
277 2984 524 3047 lucubrationibus
545 2985 723 3049 decorticata
747 2996 894 3066 purgatur.
927 2994 1044 3066 optuma
1065 2985 1135 3047 Ala-

123 3065 255 3143 bandica,
274 3068 423 3149 plagarum
441 3072 601 3150 praecipue
616 3070 725 3131 usibus.
752 3072 878 3142 idacius
890 3070 1063 3150 ibigenera.
1093 3072 1135 3130 in·

123 3151 262 3231 probatur
277 3155 381 3214 cortici
397 3171 568 3233 proxumum
582 3164 632 3216 aut
646 3155 808 3233 medullae,
834 3156 1031 3218 laudatissima
1053 3165 1100 3216 est
1116 3173 1135 3216 e

123 3235 219 3296 medio
237 3256 311 3316 quae
328 3256 408 3299 mesa
421 3248 554 3316 vocatur,
571 3240 698 3303 secunda
711 3239 852 3315 Mylasea.
882 3239 960 3319 quod
974 3240 1010 3302 ad
1024 3259 1133 3320 proce·
1143 3249 1170 3290 ³⁶

123 3321 238 3380 ritatem
253 3323 367 3400 quidem
380 3324 490 3404 attinet,
506 3322 604 3386 Rosea
617 3325 680 3403 agri
692 3323 791 3386 Sabini
805 3325 940 3386 arborum
952 3325 1136 3387 altitudinem

82 3409 133 3466 175
147 3423 176 3468 a.
191 3425 225 3460 aa
244 3416 359 3486 aequat.
387 3405 511 3468 Ferulae
535 3410 592 3470 duo
612 3426 722 3487 genera
745 3409 772 3470 iu
795 3410 959 3489 peregrinis
980 3409 1135 3472 fruticibus

124 3487 255 3550 diximus.
287 3508 388 3551 semen
405 3491 468 3552 eius
484 3494 514 3553 in
527 3491 609 3554 ltalia
625 3493 707 3554 cibus
725 3503 780 3555 est.
814 3494 946 3557 conditur
957 3495 1069 3576 quippe
1081 3496 1134 3556 du·
