2396 3922
241 265 320 312 nan.
335 265 424 314 arsa.
440 265 534 314 xxvi.
552 263 652 316 11:12.
673 258 817 326 (oe-75.)
954 252 1011 313 121

2 435 158 498 panaces
177 417 250 478 adeo
266 417 473 480 excalfactoria
484 429 582 480 natura
598 427 628 478 ut
643 437 696 498 per
708 421 800 479 nivem
815 419 898 479 ituris
913 417 1014 479 hibere

2 501 274 647 {fflpppppsgtpique
297 520 334 562 eo
355 505 541 582 praecipiant.
572 513 600 562 et
617 503 801 563 aristolochia
824 503 1014 581 perfrictioni-

82 669 177 748 (72.)
199 668 387 730 Phreneticos
403 687 519 730 somnus
534 679 629 745 sanat,
652 671 699 748 qui
720 670 866 745 continget
889 688 995 749 peuce·
1006 681 1058 734 118

6 752 98 813 dano
127 771 169 812 ex
192 760 277 812 aceto
300 755 385 832 capiti
404 754 516 828 infuso,
543 753 732 829 anagallidum
752 769 834 812 ,succ-
863 753 1016 814 ediverso

6 835 209 912 lethargicos
234 838 363 898 ercitare
391 837 547 913 lahorest,
569 837 625 895 hoc
648 845 795 914 praestant
811 834 1017 914 Euphorbeum

9 939 56 980 ex
79 929 175 978 aceto
195 919 311 980 naribus
332 922 432 996 tactis,
458 919 617 998 peucedani
640 938 734 979 sucus.
765 917 871 979 Contra
892 921 1017 1000 insanias

8 1003 184 1064 Vettonica
203 1001 323 1085 bibitur,
343 1003 534 1066 carbunculos
555 1005 658 1082 rumpit
678 1019 820 1081 panaces,
849 1011 929 1062 sanat
948 1003 1016 1062 Vet-

8 1088 144 1146 tonicae
171 1085 262 1146 farina
292 1105 330 1146 ex
351 1105 423 1166 aqua
451 1096 498 1147 aut
524 1086 653 1146 brassica
679 1105 741 1146 cum
767 1096 845 1163 ture,
875 1086 1017 1164 frequenti

1 1179 93 1249 ,potu
120 1169 250 1246 calidae,
270 1170 318 1230 vel
341 1189 357 1230 e
376 1169 501 1232 carbone
523 1172 552 1230 in
576 1178 736 1249 conspectu
754 1172 890 1229 restincto
919 1169 1016 1229 favilla

12 1255 117 1332 digito
137 1252 252 1313 sublata
268 1261 297 1312 et
312 1253 402 1328 inlita,
418 1253 466 1312 uel
482 1254 618 1333 plantago
636 1263 727 1312 tunsa.

84 1337 178 1415 (73.)
202 1335 377 1411 Tithymaius
394 1337 553 1397 characites
569 1335 744 1414 hydropicos
757 1345 848 1413 sanat,
863 1353 999 1414 panaces,
1009 1349 1059 1402 119

12 1420 168 1499 plantago
176 1420 204 1478 in
218 1419 296 1495 ciho,
313 1438 374 1478 curn
383 1421 461 1498 prius
474 1438 575 1497 panem
588 1422 695 1480 siccum
708 1415 886 1480 comederint
898 1422 1017 1498 sinepo·

12 1513 59 1580 tu,
74 1503 238 1562 Vettonica
252 1503 394 1564 drachmis
403 1502 511 1563 duabus
519 1505 547 1562 in
556 1503 666 1564 duobus
679 1505 789 1578 cyathis
796 1504 854 1563 vini
863 1513 910 1563 aut
922 1503 1016 1578 mulsi,

13 1587 67 1648 trel
92 1587 245 1662 agaricum
265 1587 312 1646 vel
335 1605 432 1646 semen
447 1586 610 1646 lonchitidis
630 1586 739 1646 duahus
753 1587 869 1662 lingulis
889 1605 927 1646 ex
946 1603 1018 1664 aqua

15 1680 140 1748 potum,
158 1669 286 1747 psyllion
304 1689 340 1728 ex
359 1672 434 1746 vino,
450 1670 640 1745 anagallidum
656 1689 758 1746 sucus,
775 1670 954 1745 cotyledonis
973 1674 1017 1729 ra·

15 1755 69 1814 dix
88 1772 110 1812 e
126 1753 230 1828 malso,
247 1753 323 1812 ebuli
335 1756 458 1812 recentis
473 1753 555 1812 radix
569 1771 692 1814 excussa
704 1763 810 1814 tantum
825 1771 880 1813 nec
891 1753 1017 1834 conluta,

16 1837 107 1916 quod
123 1837 180 1896 duo
194 1836 273 1912 digiti
288 1837 537 1914 conprehendant,
558 1855 594 1896 ex
612 1839 668 1895 vini
682 1839 791 1897 veteris
807 1837 881 1897 caldi
896 1837 1017 1912 hemina,

17 1920 119 1980 trifoli
134 1919 219 1980 radix
235 1919 376 1980 drachmis
391 1919 500 1980 duabus
515 1939 553 1978 ex
566 1920 650 1996 vino,
667 1920 841 1996 tithymalum
857 1920 1018 1998 platyphyl-

20 2004 77 2065 lon
114 2004 303 2080 cognomine,
341 2021 438 2063 semen
465 2003 597 2082 hyperici
624 2005 699 2081 qaod
727 2022 811 2063 caros
845 2005 1018 2081 appellatur.

19 2096 111 2163 acte,
126 2105 212 2166 quam
231 2105 298 2146 esse
315 2087 428 2146 ebulum
443 2096 541 2166 putant
561 2087 688 2165 quidam,
711 2087 809 2146 radice
831 2089 951 2148 contrita
971 2089 999 2146 io
1010 2098 1061 2152 120

19 2172 85 2230 vini
104 2170 215 2246 cyathis
231 2170 331 2245 tribus,
352 2171 376 2230 si
392 2170 482 2230 febris
502 2170 585 2246 absit,
602 2172 650 2230 vel
665 2173 773 2231 semine
788 2189 826 2230 ex
840 2173 907 2230 vino
922 2173 1027 2248 nigro,

20 2253 96 2314 item
120 2254 288 2314 verbenaca
308 2253 448 2314 fasciculo
465 2272 563 2314 manus
583 2255 688 2333 plenae
702 2255 730 2314 in
751 2273 825 2332 aqua
842 2254 964 2314 decocta
981 2255 1018 2315 ad

22 2335 171 2398 dimidias.
197 2339 352 2417 praecipue
367 2345 460 2397 tamen
473 2336 671 2398 chamaeactes
684 2357 769 2398 sucus
781 2339 943 2415 aptissimos
956 2355 1018 2398 cre·

2 2481 5 2482 γ
23 2421 116 2482 ditur.
131 2420 308 2498 Eruptiones
318 2422 435 2499 pituitae
448 2420 598 2482 emendant
614 2421 760 2498 plantago,
774 2420 923 2495 cyclamini
938 2421 1020 2480 radix

20 2523 42 2564 e
53 2504 160 2580 melle,
176 2502 330 2563 ehuliioiia
346 2507 411 2564 trita
424 2514 549 2564 evetere
562 2505 629 2563 vino
641 2505 764 2582 inposita
777 2505 862 2563 etiam
875 2504 959 2562 hoam
974 2521 1018 2563 sa·

22 2596 108 2662 nant,
121 2587 151 2646 id
162 2587 481 2667 estruhentispapulas,
495 2588 670 2665 pruriginem
680 2605 768 2648 ¹sucus
775 2585 902 2661 strychni
912 2586 1018 2646 inlitus.

93 2671 180 2749 (74.)
201 2670 265 2747 lgnl
287 2688 373 2730 sacro
388 2672 536 2731 medentur
556 2672 679 2747 aizoum,
708 2671 776 2730 lolia
798 2671 863 2729 trita
877 2670 998 2743 cicutae,
1010 2679 1059 2734 121

24 2754 240 2831 mandragorae
255 2754 346 2832 radix,
360 2764 528 2814 -secatur
541 2756 569 2815 in
583 2763 709 2814 essesut
727 2754 866 2828 cucumis,
888 2753 1019 2831 primum·

6 2867 14 2878 ν’
27 2857 87 2916 que
105 2855 195 2916 super
209 2839 542 2917 mustum‘suspenditur,
564 2855 632 2898 mox
647 2839 675 2896 ln
693 2838 786 2912 fumo,
810 2836 875 2896 dein
895 2836 1019 2896 tunditur

28 2941 45 2982 e
63 2921 132 2981 vino
149 2929 196 2981 aut
210 2930 304 2982 aceto.
339 2921 457 3000 prodest
470 2931 499 2980 et
515 2925 580 2981 vino
597 2931 706 2996 myrteo
722 2921 888 2996 fovere,·--
907 2927 1020 2980 mentae

28 3013 162 3080 sextans,
179 3005 237 3063 vivi
253 3005 379 3084 sulpuris
400 3007 497 3081 uncia,
520 3023 556 3064 ex
578 3014 662 3066 aceto
677 3003 759 3063 simui
775 3005 855 3080 trita,
875 3003 967 3081 fuligo
983 3021 1021 3062 ex

29 3096 127 3150 aceto.
155 3088 235 3166 Ignis
251 3089 326 3149 sacri
345 3089 427 3167 plura
445 3097 509 3148 sunt
521 3107 640 3165 genera,
657 3090 731 3148 inter
745 3105 819 3166 quae
834 3087 955 3147 medium
968 3086 1019 3146 ho·

31 3175 136 3232 minem
157 3171 286 3232 arnhiens
308 3173 355 3250 qui
371 3181 468 3232 zoster
483 3181 603 3232 vocatur
633 3181 754 3249 enecat,
780 3173 804 3229 si
829 3173 925 3231 cinxit.
960 3187 1017 3229 me·

5 3256 116 3316 ardetur
133 3255 271 3334 plantago
287 3274 351 3316 cum
366 3263 444 3316 creta
459 3253 577 3314 Cimolia
598 3265 626 3315 et
642 3257 820 3333 peristereos
836 3273 951 3334 perse,
973 3271 1017 3312 ra·

34 3339 82 3400 dix
104 3339 300 3420 persollatae,
326 3339 389 3398 aliis
409 3357 491 3418 ,quae
504 3346 630 3418 'serpunt
650 3339 830 3413 cotyledonis
849 3338 932 3398 radix
956 3354 1018 3397 cum

34 3424 139 3498 mulso,
156 3425 277 3498 aizoum,
296 3440 382 3482 sucus
398 3422 559 3482 elinoaosti
572 3441 609 3482 ex
624 3431 717 3482 aceto.

96 3507 146 3570 12.
171 3507 256 3586 (75.)
279 3505 370 3567 Radix
386 3505 526 3586 polypodi
541 3505 619 3568 inlita
636 3505 740 3566 luxatis
754 3503 899 3580 medetur,
918 3500 1059 3567 dolo-itt
1103 3537 1104 3542 κ
