2370 3922
160 231 201 290 40
493 237 524 288 0.
540 239 636 289 amnt
653 238 803 290 sacuam
892 237 898 254 '

120 405 226 460 tanam
244 403 276 455 et
294 394 349 456 lrae
372 395 468 456 lerant
485 395 516 454 in
531 393 603 455 Asia
621 411 656 453 ac
678 393 770 472 syrac.
799 391 936 454 lalluntur
961 394 1149 472 quiessem

135 482 262 556 ”patant
272 498 339 540 esse
354 479 466 556 spicea
479 485 566 555 atque
582 477 679 538 larice.
696 479 781 555 picea
793 479 869 540 onim
883 479 1018 555 pinguem
1032 486 1061 537 ct
1070 479 1149 538 turis

159 562 245 622 modo
260 579 392 622 sucosam
403 561 506 638 fundit,
521 561 595 620 larix
608 561 747 638 gracilem
761 580 796 620 ac
806 559 905 622 mellei
920 561 1049 638 liquoris,
1065 563 1150 620 virus

161 645 350 706 redolentem.
384 645 487 706 medici
505 643 612 722 liquida
626 663 694 704 raro
707 653 824 705 utuntur
837 646 909 704 etin
925 644 1060 704 ovo'iore
1074 663 1091 704 e
1106 643 1151 702 la-

46 799 49 806 *
160 730 220 789 rice
237 738 359 810 propter
374 730 476 800 tussim
492 728 647 805 ulceraque
664 730 834 804 viscerum,
853 746 910 788 noc
931 729 1017 805 pinea
1030 744 1177 806 magno-r

118 821 235 890 aspere
260 815 289 872 in
311 830 382 889 usu,
408 814 517 872 ceteris
538 828 596 870 non
624 813 679 872 nisi
695 814 796 872 ccctis.
828 820 857 872 et
878 810 1021 889 coquendi
1037 827 1153 888 genera

119 913 147 953 n.
166 915 190 950 a
203 897 273 956 satis
288 896 555 956 domonstravimus,
579 894 621 954 'ln
635 896 771 956 arborum
784 894 951 956 differentia
962 893 1058 972 placet
1072 902 1152 954 tere·

160 977 300 1054 ltintlrina,
319 979 521 1039 odoratissima
540 987 626 1056 atquo
641 978 806 1055 levissima,
834 980 981 1038 nationum
994 975 1102 1055 Cypria
1120 985 1153 1036 et

158 1060 294 1139 Syriaca,
311 1071 432 1140 utraque
449 1061 543 1122 mellis
561 1061 652 1122 Attici
669 1062 791 1138 colore,
804 1062 857 1122 sed
875 1059 983 1138 Cypria
997 1062 1152 1120 carnosior

159 1146 332 1224 siccicrque.
349 1148 379 1206 in
404 1147 482 1205 sicce
505 1163 618 1222 genere
639 1154 781 1224 quaerunt
800 1154 831 1206 ut
849 1147 888 1205 sit
900 1144 1038 1220 candida,
1067 1141 1181 1234 puram

158 1229 321 1306 perlucida,
358 1231 387 1288 in
412 1229 487 1288 omni
509 1237 603 1289 autem
628 1238 659 1288 ut
681 1238 814 1290 montana
847 1230 1054 1306 potiusquam
1078 1245 1152 1286 canc
1180 1235 1181 1238 ’

158 1314 283 1390 pastris,
313 1313 384 1371 item
411 1311 557 1389 aquilonia
582 1314 680 1390 potius
708 1330 792 1391 quam
824 1313 860 1372 ab
886 1311 943 1372 alic
968 1319 1070 1372 vento.
1106 1329 1181 1434 τις-4

158 1395 279 1454 solvitur
303 1397 399 1456 resina
424 1395 460 1456 ad
480 1395 630 1456 volnerum
656 1415 725 1456 usus
750 1405 782 1456 et
805 1395 973 1472 malagmata
996 1394 1085 1470 oleo,
1123 1395 1155 1452 in
1180 1441 1181 1448 ,

115 1489 148 1543 35
160 1480 297 1556 potiones
313 1478 470 1556 amygdalis
490 1481 602 1540 amaris.
645 1488 745 1540 natura
761 1481 791 1538 in
805 1478 947 1540 medendo
974 1477 1152 1538 contrahere

156 1561 295 1638 volnera,
323 1580 460 1640 purgare,
480 1561 626 1624 discutere
641 1563 850 1639 collectiones,
872 1563 943 1622 item
957 1563 1093 1639 pectoris
1112 1563 1181 1652 viat

157 1645 214 1723 tia,
241 1646 460 1726 {terebinthina}
487 1646 615 1706 inlinitur
637 1646 737 1708 eadem
759 1644 850 1706 calida
878 1645 1075 1706 membrorum
1104 1645 1152 1706 du·
1180 1671 1181 1674 ¹

157 1728 269 1788 loribus
293 1731 483 1809 spoliatisque
502 1731 533 1790 in
553 1729 619 1790 sole
641 1729 793 1806 avellitur,
829 1737 859 1789 et
879 1731 950 1790 totis
973 1729 1150 1807 corporibus

155 1829 327 1889 mangonum
341 1831 472 1874 maxume
490 1831 558 1874 cura
573 1813 610 1873 ad
620 1812 813 1891 gracilitatem
827 1813 1033 1874 emendandam
1048 1814 1151 1891 spatiis

156 1895 195 1954 ita
210 1895 370 1960 laxantium
381 1904 475 1956 cutem
489 1914 544 1976 per
561 1897 674 1975 singula
687 1895 815 1959 membra
832 1897 1047 1976 capacioraque
1070 1894 1152 1955 cilro·

114 1987 148 2044 36
158 1997 220 2039 rum
233 1979 364 2039 facienda
379 1997 513 2057 corpora.
540 1980 712 2042 Proxumum
729 1981 825 2041 locum
840 1981 956 2058 optinet
974 1997 991 2041 e
1013 1979 1151 2040 lentisco.

155 2063 233 2122 inest
252 2064 280 2120 ei
298 2061 342 2120 vis
357 2062 573 2140 adstringendi,
586 2073 686 2124 movet
701 2073 732 2124 et
747 2072 814 2124 ante
823 2071 940 2124 ceteras
957 2064 1077 2124 urinam.
1107 2083 1152 2124 re·
1179 2095 1180 2102 κ

155 2143 250 2221 liquae
272 2153 405 2205 ventrem
429 2146 578 2224 molliunt,
600 2147 687 2208 cruda
700 2157 878 2224 concocunt,
903 2148 1007 2207 tussim
1017 2156 1152 2210 veterem

156 2227 274 2297 sedant,
295 2227 401 2289 volvae
417 2246 507 2289 onera
523 2231 677 2290 extrahunt
694 2231 781 2291 etiarn
802 2231 926 2291 suffitae.
955 2231 1091 2308 privatim
1107 2230 1150 2292 ad·

154 2319 306 2371 versantur
320 2311 417 2387 visco,
432 2329 523 2390 panos
540 2323 572 2374 et
586 2314 689 2375 similia
705 2333 768 2374 cum
788 2314 862 2374 seho
877 2316 993 2375 marine
1014 2323 1045 2374 et
1063 2314 1150 2376 melle

156 2403 263 2455 sanant.
296 2394 451 2474 palpebras
463 2395 617 2458 lentiscina
638 2399 869 2458 commodissime
883 2397 1028 2476 replicat,
1050 2398 1176 2460 iractisa

156 2494 272 2557 quoque
289 2478 439 2540 utilissima
454 2488 485 2539 et
502 2482 619 2541 auribus
635 2482 815 2559 purulentis,
837 2481 908 2542 item
923 2483 954 2540 in
969 2483 1085 2559 pruritu
1100 2501 1148 2558 gc·

155 2562 290 2622 nitalium.
327 2563 414 2641 pinea
425 2565 527 2642 capitis
543 2564 713 2625 volneribus
730 2575 846 2644 optume
863 2565 1007 2624 medetur.

113 2652 145 2710 37
220 2649 248 2706 7.
272 2645 353 2726 (23.)
383 2645 437 2707 Pix
453 2665 568 2725 quoque
584 2648 705 2708 undeet
722 2649 827 2727 quibus
842 2649 1042 2710 conficeretur
1057 2649 1146 2714 modis

114 2725 396 2812 ¹⁴gssf²indicavimum
423 2739 454 2792 at
477 2732 539 2792 cius
562 2732 768 2809 duogmern,
791 2732 918 2811 spissum
941 2731 1145 2810 liquidumque

155 2811 311 2886 spissarum
326 2815 477 2878 utilissima
493 2813 652 2874 medicinae
666 2815 794 2892 Bruttia,
812 2817 946 2894 quoniam
958 2816 1173 2892 pinguissimas

47 2957 51 2965 ,
156 2900 187 2952 ot
201 2896 414 2958 resinosissima
431 2907 569 2976 utrasque
583 2899 707 2976 praebet
722 2899 874 2974 utilitates,
891 2899 929 2959 ob
944 2898 975 2958 id
994 2900 1088 2976 magis
1104 2917 1146 2957 ru-

96 3018 98 3023 .
155 2974 206 3036 tila
220 2993 302 3052 quam
318 2987 445 3041 ceterae.
476 2983 506 3042 id
520 2983 596 3042 enim
612 2982 689 3059 quod
704 2983 733 3042 in
751 2982 809 3042 hcc
825 2982 963 3057 adiciunt,
987 3001 1008 3042 e
1023 2981 1144 3042 mascula

113 3059 263 3124 38arbcre
287 3060 438 3123 meliorem
457 3085 541 3141 esse,
573 3083 632 3125 non
644 3065 771 3126 arbitror
789 3083 879 3143 posse
900 3064 1046 3142 intellegi.
1072 3063 1143 3124 Picis

154 3151 253 3203 natura
271 3141 432 3221 excalfacit,
449 3149 560 3227 explet,
575 3150 744 3210 adversatur
760 3150 894 3226 privatim
909 3157 1046 3209 cerastae
1065 3165 1136 3208 mor·

156 3226 237 3286 sibus
252 3243 314 3286 cum
329 3225 458 3305 polenta,
474 3233 544 3292 item
558 3234 680 3308 anginae
694 3249 756 3292 cum
773 3231 874 3306 molle,
897 3231 1168 3296 destillationibusa

157 3317 187 3370 et
211 3309 415 3370 sternumentis
435 3315 575 3390 apitaita.
606 3315 721 3378 auribus
744 3315 901 3376 iniunditur
927 3333 992 3376 cum
1009 3332 1139 3390 rosaceo,

155 3392 282 3452 inlinitur
296 3409 358 3452 cum
373 3410 448 3453 cera.
470 3406 551 3457 sanat
568 3397 714 3473 lichenas,
729 3397 824 3459 alvom
840 3399 946 3475 solvit,
966 3399 1139 3460 exscreatio

154 3493 207 3536 nes
225 3475 353 3552 pectoris
369 3472 481 3536 adiuvat
497 3479 649 3556 ecligmate
664 3489 712 3542 aut
726 3481 815 3542 inlitis
828 3483 955 3546 tonsillis
970 3501 1035 3544 cnm
1048 3481 1136 3542 melle.

570 3677 580 3710 Ι
