2396 3900
146 206 203 270 136
502 217 806 268 sacrosanctorum

139 375 328 436 detestabiles
344 375 487 436 ridentur.
518 375 593 436 adeo
617 377 738 436 minuma
761 391 895 453 quaeque
919 373 948 434 in
968 389 1042 452 agro
1068 383 1154 436 natu·

96 459 264 524 250ralibus
279 459 427 522 trahuntur
451 461 637 538 argumentis.
674 458 812 520 Extremo
830 467 924 519 autem
940 457 998 518 hoo
1012 468 1154 538 tempore

140 546 234 624 panici
251 545 367 624 miliqne
392 547 465 606 satio
487 553 542 604 est.
577 546 680 606 iustum
701 543 759 604 hoo
779 543 838 603 seri
857 551 1001 604 maturato
1024 542 1154 604 hordeo.

139 638 226 708 atque
244 632 328 690 etiam
343 631 372 689 in
390 629 494 690 eodem
509 647 579 689 arvo
596 631 708 707 signum
724 627 801 688 illius
816 628 971 688 maturitati
993 637 1023 688 et
1044 627 1155 688 horum

139 715 243 774 sationi
260 732 409 774 commuue
425 713 557 774 lucentes
572 731 699 793 vespere
719 729 856 790 perarua
874 711 1036 774 cicindelae
1053 711 1178 772 —itas

138 797 288 877 appellant
300 800 399 858 rustici
414 799 558 859 stellantis
570 798 695 876 volatus,
708 795 813 858 Graeci
824 795 1088 875 verolampyridas
1096 831 1155 874 -,

138 882 302 943 incredibili
320 882 497 961 benignitate
515 891 644 943 naturae.

95 977 145 1030 251
209 967 260 1028 27.
285 967 368 1047 (67.)
395 968 436 1046 11]
457 965 517 1028 lam
540 966 678 1044 vergilias
699 966 727 1026 in
749 965 833 1027 eaelo
864 964 1000 1027 notabilis
1030 973 1157 1025 caterva

138 1051 261 1112 iecerat.
295 1069 352 1111 non
367 1060 462 1111 tamen
477 1050 523 1111 his
545 1059 681 1112 contenta
701 1051 850 1110 terrestris
870 1049 943 1110 iecit
964 1049 1036 1109 alias
1060 1049 1158 1110 veluti

138 1137 319 1198 vociferans:
337 1153 391 1195 our
404 1135 515 1196 caelum
532 1135 681 1212 intuearis,
696 1131 846 1213 agricola?
879 1152 931 1195 cur
948 1132 1046 1194 sidera
1063 1149 1193 1212 quae-us

139 1239 203 1300 ras,
225 1217 355 1281 rustice?
376 1221 431 1280 iam
446 1228 476 1279 ta
490 1219 627 1280 breviore
643 1237 744 1280 somno
762 1219 871 1280 iessnm
888 1226 1021 1298 premunt
1035 1227 1156 1279 noctes.

140 1322 212 1364 ecoe
227 1304 278 1364 tibi
298 1306 373 1365 inter
393 1302 500 1364 herbas
519 1314 583 1365 tuas
605 1322 713 1383 spargo
735 1304 892 1383 peculiaris
913 1302 1015 1364 stellas
1040 1319 1158 1381 easque

138 1407 266 1468 vespera
279 1399 308 1450 et
321 1388 357 1449 alt
370 1405 463 1468 opere
476 1388 650 1467 disiungenti
663 1389 786 1449 ostendo
800 1406 846 1465 ac,
858 1407 896 1447 ne
908 1387 1005 1467 possis
1017 1395 1157 1465 praeter·

97 1475 218 1552 latire,
246 1473 386 1535 miraculo
410 1473 547 1534 sollicito.
583 1473 704 1534 videsne
725 1483 755 1533 ut
777 1473 876 1551 iulgor
889 1470 1157 1550 ignissimilisala·

139 1575 201 1618 rum
223 1577 385 1638 conpressu
409 1567 525 1637 tegatur
546 1576 703 1636 secumque
729 1557 824 1618 lucem
849 1557 958 1618 lrabeat
983 1565 1013 1616 et
1039 1551 1190 1616 noeteirs

139 1642 205 1704 dedi
221 1643 271 1703 tilri
290 1643 398 1703 herbas
413 1642 546 1703 horarum
561 1641 672 1702 indices
689 1652 728 1718 et,
744 1651 828 1702 utne
852 1642 916 1703 sole
939 1639 1055 1720 quidem
1080 1657 1155 1700 ocu·

139 1729 184 1788 los
201 1737 266 1789 tuos
283 1746 299 1788 a
315 1737 393 1788 terra
409 1745 529 1804 avoces,
544 1726 749 1806 heliotropium
761 1745 796 1787 ao
809 1726 937 1805 lupinum
950 1726 1156 1802 circumagun-

138 1821 183 1872 tur
198 1831 261 1873 cum
275 1812 337 1873 illo.
370 1831 422 1872 our
437 1814 589 1873 etiamnum
604 1811 689 1871 altius
710 1819 843 1890 spectas,
864 1813 1016 1890 ipsumque
1037 1809 1157 1869 caelum

96 1907 149 1961 153
157 1894 309 1956 scrutare?
337 1896 429 1957 habes
445 1905 511 1956 ante
530 1895 623 1974 pedes
645 1905 711 1955 tuos
731 1913 805 1956 ecoe
827 1893 976 1973 vergilias.
1005 1891 1152 1954 lacertis

138 1981 193 2041 lrae
216 1979 319 2040 diebus
340 1981 513 2058 proveniunt
535 1979 711 2058 durantque,
735 1979 789 2040 sed
813 1998 880 2041 esse
900 1977 1006 2039 sideris
1028 1977 1189 2038 huiuscest

128 2073 252 2148 vpartum
275 2082 326 2124 eas
352 2073 461 2124 certum
488 2073 542 2125 est.
578 2065 701 2142 proinde
731 2065 862 2143 quisquis
886 2063 1016 2125 aestivos
1037 2061 1156 2121 fructus

139 2158 206 2210 aute
229 2149 295 2210 illas
319 2150 428 2209 severit
450 2151 514 2228 ipse
538 2149 721 2209 irustrabitur
748 2167 826 2208 sese.
862 2148 920 2208 hoc
940 2145 1101 2206 intervallo
1126 2153 1158 2206 et

140 2235 255 2312 apicula
271 2233 437 2313 procedens
451 2232 548 2295 labam
565 2233 673 2293 llorere
688 2233 811 2310 indicat,
835 2231 961 2311 fabaque
987 2230 1156 2292 florescens

141 2337 204 2378 eam
217 2328 330 2379 evocat.
358 2317 471 2378 dabitur
482 2326 512 2378 et
523 2316 600 2378 aliud
614 2317 685 2377 liniti
699 2317 817 2395 irigoris
832 2316 983 2377 indicium:
1006 2332 1071 2374 cum
1083 2332 1155 2392 ger-

139 2404 249 2464 minare
267 2403 375 2463 videris
389 2420 510 2478 morum,
527 2402 657 2462 iniuriam
672 2411 776 2480 postea
791 2402 910 2479 irigoris
927 2401 1030 2460 timere
1046 2399 1154 2461 nolito.
1164 2425 1189 2467 sn

96 2488 198 2567 tolli]
212 2505 284 2566 ergo
297 2504 388 2566 opera
399 2487 493 2546 taleas
503 2485 644 2547 olivarum
655 2504 767 2563 ponere
778 2488 917 2564 ipsasque
930 2485 1014 2546 oleas
1028 2486 1155 2546 interra·

140 2572 222 2649 dere,
238 2574 335 2650 rigare
350 2580 432 2650 prata
448 2571 613 2649 aequinocti
628 2569 730 2630 diebus
745 2570 860 2649 primis,
885 2587 949 2631 cum
971 2568 1063 2630 herba
1086 2587 1155 2630 cre-

137 2657 213 2716 verit
228 2658 256 2716 in
271 2655 424 2731 festucam,
442 2672 545 2715 arcere
560 2671 667 2732 aquas,
688 2655 800 2715 vineam
823 2655 1001 2734 pampinare.
1025 2663 1063 2716 et
1083 2653 1156 2715 huic

139 2741 189 2799 lex
204 2757 272 2816 sua,
300 2758 364 2800 cum
382 2740 507 2818 pampini
522 2747 658 2817 quattuor
678 2738 784 2817 digitos
804 2739 984 2817 longitudine
1007 2738 1154 2816 expleve-

137 2825 203 2900 rint,
216 2857 258 2872 -
271 2825 418 2902 pampinat
431 2841 487 2884 una
502 2839 594 2902 opera
608 2825 738 2900 iugerum
749 2857 781 2868 -
797 2833 938 2902 ,segetes
949 2824 1069 2884 iterare.
1104 2839 1152 2883 sa·
1163 2845 1186 2888 aa

138 2909 208 2968 ritur
230 2925 302 2968 vero
325 2907 428 2968 diebus
450 2909 559 2986 viginti.
599 2906 635 2967 ab
657 2910 840 2987 aequinoctio
864 2918 977 2969 sartura
991 2925 1105 2968 nocere
1124 2917 1154 2968 et

138 2994 241 3052 vineae
258 3002 287 3052 ot
302 2994 397 3071 segeti
413 2995 600 3053 existimatur.
632 3001 661 3052 et
676 2995 740 3053 ovis
752 2993 866 3054 lavandi
876 2992 934 3053 hoo
945 2992 1021 3053 idem
1033 3001 1153 3071 tempus

96 3087 211 3140 addest.
232 3078 273 3157 [3]
304 3077 531 3154 Avergiliarum
552 3087 655 3137 exortu
678 3077 840 3156 significant
862 3075 984 3137 (lassari
1006 3077 1152 3156 postridie

139 3164 245 3222 arcturi
261 3180 385 3222 occasus
399 3163 568 3237 matutinus,
591 3173 642 3221 111.
674 3162 738 3222 idus
758 3160 849 3222 llaias
864 3161 998 3222 lidioulae
1015 3171 1150 3238 exortus,

138 3259 199 3307 xn.
229 3245 368 3306 kalendas
389 3243 484 3305 lunias
509 3245 623 3323 capella
643 3247 761 3324 uesperi
784 3245 923 3307 occidens
947 3255 977 3306 et
1000 3247 1029 3306 in
1053 3245 1182 3314 Atticas

139 3333 228 3390 oanis.
261 3345 308 3390 xl.
326 3328 467 3389 kalendas
484 3327 604 3390 Caesari
620 3327 735 3390 Orionis
750 3330 864 3407 gladius
879 3329 1018 3390 occidere
1036 3331 1152 3408 incipit,

140 3428 205 3474 1111.
225 3433 315 3475 nonas
332 3413 427 3474 lunias
444 3410 564 3472 Caesari
581 3423 611 3472 et
625 3413 774 3488 Assyriae
785 3413 881 3492 aquila
903 3416 1023 3494 vesperi
1046 3416 1151 3492 oritur,

138 3511 198 3558 v11.
227 3498 290 3559 idus
311 3507 441 3558 arcturus
466 3497 602 3560 matutino
624 3497 730 3558 occidit
750 3497 866 3582 ltaliae,
888 3511 952 3564 1111.
994 3498 1152 3583 delphinus
