2458 3906
316 265 634 314 nnn.rr1sr.xv1111.
651 262 678 316 s.
696 255 850 333 (su-45.)
1025 252 1083 316 181

107 439 172 504 qnam
188 429 287 501 postea
301 429 469 499 temptatum
484 421 581 481 utilius
598 421 746 498 adparuit,
763 422 818 480 nisi
834 421 912 500 quod
928 423 1007 482 circa
1021 421 1084 482 idus

106 505 220 567 icimur.
246 505 368 566 defosso
397 507 507 565 semiue
529 507 686 566 acervatim
709 505 840 585 parvolis
861 505 1016 566 scrobibus
1038 525 1083 567 se·

105 599 168 666 runt,
186 591 343 670 plurumum
364 599 540 650 maceratum
556 590 632 650 limo.
661 589 728 650 dein
742 590 825 650 nexis
840 591 914 650 inter
924 609 962 650 se
978 591 1082 651 radici-

105 673 146 734 tus
167 691 309 754 spongeas
331 673 425 734 lactas
450 685 518 752 post
539 674 754 754 aequinoctium
781 675 904 734 autumni
930 676 1084 753 disponunt

88 758 232 837 spedolibus
253 758 415 818 intervallis
436 759 585 819 fertilitate
602 759 630 818 in
646 758 738 819 denos
755 775 845 818 annos
861 760 991 820 durante.
1021 760 1082 819 uul-

105 842 148 902 lun
158 845 260 920 patim
274 843 320 903 luis
337 843 431 902 solum
443 861 527 922 quam
539 843 747 904 Rauennatium
759 842 918 904 hortorum.
942 845 982 902 in·
996 843 1066 928 ¹1⁸c',¹s⁷t³
1076 857 1121 910 151

105 927 235 986 dicavimus
252 935 281 986 et
297 927 461 987 corrudam.
479 927 555 988 hunc
569 929 644 986 enim
658 927 801 1003 intellego
817 927 983 989 silvestrem
998 947 1082 1007 aspa·

104 1027 191 1089 rapum,
207 1029 291 1090 quem
307 1009 412 1072 Graeci
425 1001 566 1092 ὅρμινον
579 1021 627 1072 aut
640 1003 844 1092 μυάκανθον
858 1021 964 1072 vocant
979 1013 1082 1074 aliisve

104 1094 248 1156 nominibus.
276 1097 394 1156 invenio
412 1099 492 1156 nasci
507 1105 537 1156 et
554 1097 652 1156 arietis
669 1095 805 1156 cornibus
822 1098 912 1157 tunsis
929 1105 1016 1176 atque
1032 1097 1081 1158 de·

81 1179 180 1241 colossis.

150 1264 226 1344 (43.)
253 1264 392 1325 Poterant
411 1264 504 1324 videri
526 1264 602 1324 dicta
623 1265 716 1326 omnia
738 1283 812 1344 quae
834 1267 862 1324 in
879 1268 972 1343 pretio
992 1276 1064 1343 sunt,
1073 1277 1124 1332 152

102 1349 122 1407 ni
137 1357 252 1410 restaret
270 1367 320 1409 res
345 1350 468 1409 maxumi
487 1358 625 1427 quaestus
648 1367 706 1409 noo
730 1351 792 1409 sins
815 1350 926 1427 pudore
948 1351 1080 1412 dicenda.

103 1441 189 1493 certum
209 1443 255 1494 est
274 1435 386 1513 quippe
409 1433 533 1494 carduos
547 1433 624 1512 apud
640 1431 844 1512 Carthaginem
861 1452 992 1512 maguam
1009 1433 1080 1496 cor·

102 1515 237 1597 tubamque
258 1519 420 1598 praecipue
442 1519 607 1578 sestertium
628 1535 698 1580 sena
713 1519 790 1580 milia
807 1537 824 1579 e
840 1521 939 1598 parvis
955 1520 1080 1582 reddere

79 1602 174 1678 turreis,
198 1603 332 1682 quoniam
355 1611 488 1681 portenta
509 1620 627 1693 quqque
649 1611 791 1664 terrarum
812 1605 841 1662 in
855 1620 977 1681 ganeam
992 1605 1080 1664 verti·

101 1701 156 1760 nus,
171 1687 251 1747 etiam
266 1705 303 1747 ca
317 1704 393 1766 quae
407 1687 555 1764 retugium
564 1689 702 1748 consciae
715 1688 920 1766 quadripedes.
939 1689 1063 1749 carduos
1073 1697 1123 1752 153

101 1780 180 1830 namot
194 1770 308 1832 duobus
323 1770 432 1847 modis,
450 1780 584 1832 autumno
600 1771 715 1850 planta,
733 1781 763 1832 et
779 1773 888 1832 semine
904 1783 970 1834 autc
988 1790 1080 1833 nonas

100 1849 209 1932 llartias,
234 1857 412 1936 plantaeque
431 1875 469 1916 ex
484 1873 521 1916 ao
540 1856 729 1934 disponuntur
744 1865 810 1918 ante
827 1858 891 1918 iulus
905 1857 1081 1918 Novembris

100 1945 136 1996 aut
148 1940 173 1998 in
186 1939 258 2000 locis
272 1940 388 2018 frigidis
403 1940 481 2000 circa
496 1941 649 2001 favonium.
670 1949 869 2002 stercorantur
885 1943 980 2018 etiam,
997 1944 1020 2002 si
1035 1941 1080 2002 dis

77 2020 187 2101 aptaret,
202 2025 367 2104 laetiusque
381 2026 563 2103 proveniunt,
579 2025 750 2086 condiuntur
761 2043 878 2106 quoque
893 2036 978 2088 aceto
992 2027 1080 2087 melle

100 2103 169 2247 qiluto
188 2109 282 2170 addita
298 2109 403 2169 laseris
417 2109 516 2170 radice
535 2119 565 2170 et
581 2111 699 2185 cumini,
727 2129 764 2170 ne
780 2112 845 2191 quis
861 2111 923 2173 dies
938 2114 1000 2172 sine
1017 2129 1079 2172 car·

113 2206 142 2248 uo
156 2192 196 2252 sit.
596 2191 598 2196 ’

146 2276 223 2358 (ll.)
248 2274 356 2338 Cetera
372 2279 400 2338 in
415 2287 581 2339 transcursu
600 2279 656 2339 dici
676 2290 806 2359 possunt.
836 2279 965 2340 Ocimum
980 2280 1122 2344 Pari-154

100 2354 159 2418 litus
172 2371 286 2441 optume
302 2363 361 2423 scri
375 2362 481 2438 iemut‚
498 2362 612 2440 quidam
626 2373 655 2424 ct
667 2374 811 2441 autumno,
830 2366 997 2444 iubamque,
1015 2382 1079 2424 cum

75 2439 312 2523 alienaremur,
328 2456 414 2508 aceto
432 2465 533 2507 semen
547 2449 691 2526 perfundi.
736 2448 832 2510 Eruco
850 2466 969 2529 quoque
985 2457 1016 2508 et
1030 2465 1078 2508 na·

98 2529 206 2590 sturtium
229 2530 279 2592 vel
305 2541 416 2592 aestate
441 2531 490 2591 uel
513 2532 607 2593 hieme
632 2533 768 2594 facillime
791 2543 955 2594 nascuntur.
991 2550 1078 2592 eruca

97 2614 234 2694 praecipue
256 2615 396 2694 frigorum
419 2619 611 2696 contemptrix
634 2617 770 2678 diversae
792 2627 838 2678 est
860 2635 944 2695 quam
965 2616 1079 2677 lactuca

97 2704 209 2774 usurae,
228 2701 461 2780 concitatrixque
475 2703 602 2762 veneris.
627 2702 737 2763 idcirco
750 2703 877 2780 iungitur
890 2701 933 2761 illi
947 2700 1011 2760 iere
1029 2701 1058 2760 in
1069 2712 1120 2765 155

98 2777 169 2857 cilis,
188 2791 217 2844 ut
236 2785 324 2845 nimio
346 2785 449 2863 frigori
470 2802 524 2864 par
545 2785 646 2846 fervor
666 2787 799 2847 inmixtus
822 2794 1080 2865 temperamentum

74 2875 193 2941 uaeque.
236 2867 413 2930 Nasturtium
433 2887 538 2930 nomen
558 2872 673 2949 accepit
694 2889 710 2931 a
730 2871 838 2931 uarium
859 2879 1020 2948 tormento,
1049 2879 1079 2931 et

97 2944 149 3007 inde
170 2952 278 3029 rigoris
304 2954 477 3031 significatio
506 2955 663 3032 proverbio
686 2957 835 3034 usurpauit
854 2955 882 3016 id
903 2955 1079 3016 vocabulum

97 3031 168 3094 ueluti
180 3043 328 3118 torporem
344 3038 506 3098 excitantis.
530 3041 558 3098 in
573 3038 681 3100 Arabia
697 3041 786 3100 mirae
802 3039 993 3119 amplitudinis
1008 3040 1077 3101 dici-

97 3119 222 3196 turgigni.
839 3153 843 3162 ¹

147 3202 222 3287 (45.)
245 3207 321 3269 Ruta
344 3224 460 3288 quoque
484 3206 589 3267 seritur
615 3207 731 3268 iauonio
760 3218 789 3268 ct
815 3209 851 3270 ab
876 3209 1121 3288 aequinocti0156

72 3290 209 3348 uaummni.
229 3292 291 3353 odit
305 3293 429 3353 hiemem
447 3300 476 3352 et
491 3307 620 3352 umorem
635 3311 670 3353 ac
686 3293 790 3370 limum,
807 3294 914 3372 apricis
926 3292 1034 3369 gaudet
1049 3301 1078 3353 et

98 3367 170 3431 siccis
188 3384 323 3455 terraque
345 3395 429 3456 quam
448 3393 580 3437 mammo
597 3376 742 3438 lateraria.
775 3379 873 3438 cinere
888 3376 951 3437 volt
967 3377 1078 3453 nutriri,

98 3449 135 3512 hic
150 3466 176 3517 et
188 3463 285 3520 semini
303 3461 440 3522 miscetur
453 3470 484 3521 ut
500 3470 598 3522 careat
612 3464 719 3523 urucis.
750 3461 916 3523 Auctoritas
933 3461 960 3520 ei
975 3470 1005 3521 et
1026 3481 1077 3540 pe-

99 3537 196 3603 culiaris
209 3546 282 3624 apud
300 3548 432 3624 amiquos
450 3546 511 3606 luit.
544 3545 659 3607 inuenio
683 3546 805 3607 mulsum
825 3555 946 3607 rutatum
968 3547 1077 3626 populo
