2504 3930
167 239 228 300 3w
266 227 1113 324 mmmmmmmnmmmnnmnmsssm)

126 404 1155 484 151squatumvocamus—,rhomhos,scarus-principalishodie-,

168 488 260 564 solea,
276 506 388 567 sargus,
406 489 521 566 squilla,
536 489 667 548 sarda-
680 490 718 548 ita
733 497 853 548 vocatur
868 489 997 566 pelamys
1014 489 1103 566 longa
1119 509 1157 550 en

167 589 278 632 oceano
292 575 471 648 veniens—,
484 571 729 651 scomher,salpa,
742 589 837 648 sorus,
846 587 1014 650 scorpaena,
1027 576 1153 652 scorpio,
1213 577 1215 582 '

84 697 87 704 .
166 659 252 731 scias,
269 659 394 732 sciaena,
409 655 554 732 sciadeus,
570 655 775 732 scolopendra,
790 673 914 732 zmyrus,
931 659 1039 738 saepia,
1055 665 1154 718 strom·

166 741 229 815 bns,
241 739 372 799 solen-
382 741 444 798 siae
456 739 538 798 aulos
550 741 612 799 sive
623 738 718 799 donax
729 742 791 798 sire
803 755 880 813 onyx
892 740 953 798 sive
965 738 1177 818 dactylus—,s

165 823 335 900 spondylus,
351 823 504 900 zmarides,
518 822 632 897 stellae,
646 839 814 902 spongeae,
830 821 928 882 turdos
940 825 1014 882 inter
1027 825 1156 884 saxatilis

165 907 285 983 nobilis,
312 906 443 983 thynnis,
470 907 578 966 thronis
599 937 642 950 -
663 923 746 984 quem
769 905 816 965 alii
837 905 953 982 xiphian
973 916 1079 966 vocant
1097 941 1154 986 -,

163 991 285 1065 thrissa,
308 990 449 1068 torpedo,
471 990 585 1065 tethea,
612 991 753 1050 tritomum
770 989 1014 1067 -pelamydum
1036 992 1155 1067 generis

151 1076 258 1150 ¹magni
274 1091 311 1133 ex
328 1090 385 1150 quo
402 1083 483 1132 terna
499 1073 583 1148 cybia
600 1074 668 1132 liunt
679 1107 735 1149 -,
758 1071 892 1148 Veneria,
907 1089 973 1150 aaa,
990 1073 1112 1152 xiphias.
1240 1123 1247 1136 ,

122 1169 173 1222 152
233 1157 317 1236 (54.)
335 1157 385 1216 llis
401 1155 559 1216 adiciemus
578 1155 614 1215 ab
628 1155 731 1216 Ovidis
747 1159 841 1235 posita
854 1158 968 1216 nomina
986 1174 1060 1234 quae
1078 1157 1153 1236 apud
1167 1171 1190 1212 to

162 1243 303 1300 neminem
316 1241 400 1300 alium
411 1241 603 1318 reperiuntur,
617 1239 669 1298 sed
682 1239 813 1299 fortassis
825 1239 853 1298 in
864 1237 956 1298 Ponto
968 1243 1155 1318 nascentium,
1185 1239 1187 1246 ’
1242 1291 1247 1304 .

162 1326 209 1384 uhi
231 1325 258 1383 id
276 1323 411 1383 volumen
428 1324 571 1400 supremis
588 1325 646 1382 suis
664 1322 841 1400 temporibus
858 1321 1017 1383 inchoavit:
1038 1323 1153 1399 horem,

163 1425 314 1482 cercyrum
329 1407 357 1465 in
374 1407 503 1484 scopulis
517 1409 673 1481 viventem,
683 1406 810 1484 orphum
829 1404 1036 1485 rubentemque
1048 1408 1151 1482 erythi-

162 1489 1156 1570 nmfflmmmwwmmmfflmmfflmm

89 1647 93 1659 ³
162 1584 316 1654 praeterea
341 1590 458 1650 parom,
483 1582 594 1651 tragum
619 1584 648 1633 et
672 1573 836 1652 placentem
859 1572 949 1634 cauda
968 1575 1190 1652 melunmum,1a

121 1671 171 1726 153
185 1658 295 1737 epodas
312 1657 505 1735 latigeneris
543 1657 662 1717 Praeter
681 1655 755 1716 haec
775 1658 898 1734 insignia
915 1658 1036 1736 piscium
1056 1658 1156 1718 tradit·

163 1743 292 1802 channen
319 1759 356 1800 ex
380 1759 412 1800 se
436 1742 498 1819 ipsa
521 1743 696 1819 concipere,
717 1739 850 1817 glaucum
873 1749 983 1802 aestate
1004 1756 1157 1820 numquam

150 1827 322 1905 adparere,
343 1825 502 1924 pompilnm
525 1826 573 1902 qni
599 1841 716 1902 semper
739 1825 892 1884 comitetur
907 1827 1019 1884 navium
1043 1843 1157 1924 cursus,

164 1910 293 1970 chromin
309 1910 357 1987 qui
374 1908 524 1970 nidificet
515 1926 543 1966 m
559 1910 649 1987 aquis
676 1901 811 1985 helopem
827 1907 896 1968 dicit
911 1925 978 1967 esse
993 1911 1125 1969 nostris
1117 1928 1156 1969 m·

163 1996 307 2070 cognitum
322 1991 413 2068 undis,
432 2010 469 2051 ex
484 2010 541 2069 quo
558 1992 678 2070 adparet
692 1991 753 2050 lalli
769 2008 821 2051 eos
836 1993 883 2090 qui
900 1993 1022 2051 eundem
1040 1994 1155 2091 acipcn-
1144 2010 1189 2050 -m
1241 2001 1245 2006 “

162 2095 257 2137 serem
270 2076 504 2136 existimaverint.
524 2074 623 2153 helopi
634 2074 755 2153 palmam
767 2077 880 2153 saporis
891 2077 965 2134 inter
977 2078 1068 2153 piscis
1080 2077 1157 2136 multi

120 2175 171 2226 154
183 2162 300 2220 dedere.
321 2159 394 2218 Sunt
410 2168 561 2236 praeterea
577 2177 591 2218 a
607 2157 687 2218 nullo
703 2167 824 2218 auctore
840 2159 988 2218 nominati:
1011 2153 1093 2220 sudis
1108 2161 1152 2220 ha·

160 2247 219 2304 tine
235 2241 406 2321 appellatur,
420 2241 531 2302 Graece
547 2239 721 2320 sphyraena,
737 2251 836 2302 rostro
851 2241 951 2301 similis
965 2245 1084 2321 nomini,
1103 2261 1155 2304 rna·

162 2322 308 2406 ¹gnitndine
323 2327 397 2385 inter
413 2326 621 2403 amplissimos,
639 2343 720 2385 rarus
734 2326 776 2402 is
798 2326 923 2386 sednon
939 2327 1079 2404 degener
1109 2345 1158 2406 ap·

144 2411 306 2491 apellantur
322 2419 351 2469 et
366 2426 473 2488 pernae
490 2409 663 2469 concharum
684 2410 802 2486 generis
825 2411 903 2470 circa
916 2409 1035 2475 Pontias
1050 2407 1245 2470 insulcant
1243 2487 1245 2492 Ι

160 2494 421 2572 frequentissimae.
448 2501 527 2552 stant
542 2493 622 2552 velot
637 2493 734 2553 suillo
732 2511 823 2552 crure
840 2493 952 2570 longo
944 2513 972 2553 m
986 2493 1093 2553 harena
1108 2494 1158 2552 de·
1242 2505 1245 2532 ⁴

162 2578 477 2655 hxaehiantesqoeqna
486 2577 606 2637 latitudo
619 2585 664 2636 est
678 2577 775 2676 pedali
787 2595 843 2636 non
853 2580 944 2636 minus
956 2578 1050 2656 spatio
1064 2577 1219 2636 cibum
1243 2565 1245 2606 ²

161 2670 317 2735 venantur,
341 2661 436 2720 dentis
453 2663 573 2720 circuitu
594 2663 751 2737 marginum
771 2660 877 2720 habent
887 2661 1057 2738 pectinatim
1082 2662 1158 2739 spis·
1242 2659 1245 2700 t

163 2743 1159 2824 mmmmmfflmmmmmmmwmmm

162 2832 218 2890 vidi
236 2831 263 2887 in
282 2828 408 2889 nerana
423 2827 515 2887 insula
533 2837 655 2906 captum.
690 2825 804 2888 Exennt
822 2838 939 2908 praeter
954 2829 1027 2888 haec
1049 2845 1193 2907 purga-ao
1240 2845 1245 2894 a

161 2923 253 2974 menta
267 2911 360 2990 aliqua
372 2911 466 2970 relatu
480 2911 596 2989 indigna
612 2921 641 2971 et
656 2911 729 2987 algis
743 2913 838 2988 potius
850 2911 1060 2972 adnumeranda
1073 2929 1160 2990 quam

163 2994 340 3058 animalibus.
