2430 3896
138 225 158 284 4
449 239 755 290 cennnsuounor

111 393 242 471 aprocul
260 412 347 474 snpra
363 395 446 456 dietis
461 393 587 458 Chaucis
609 399 686 459 circa
708 399 780 460 duos
802 401 961 478 praecipue
982 398 1073 459 lacus.
1107 399 1142 458 li·

135 484 199 537 tora
214 479 278 557 ipsa
290 481 420 558 optinent
435 499 560 560 quercus
571 501 702 544 maxuma
714 484 849 545 aviditate
862 483 1011 558 nascendi,
1024 482 1142 544 subfos-

138 579 247 641 saeque
263 562 396 624 ductibus
411 574 460 626 aut
474 566 634 647 propulsae
651 568 765 629 batibus
780 577 878 628 vastas
902 566 1049 646 conplexu
1065 567 1142 627 radi·

138 665 200 706 curn
219 647 308 709 silvas
325 667 424 710 secum
437 651 579 728 unierunt,
594 661 681 732 atque
693 653 731 713 ite
744 652 866 714 libratae
878 660 988 714 stantes
1003 653 1142 729 navigant

136 731 292 808 ingentium
307 751 450 795 ramorum
465 740 665 813 armamentis,
686 755 777 817 saepe
798 737 907 797 territis
929 735 1072 797 classibus
1088 752 1165 797 [ιο-ε

137 816 215 893 stris,
228 835 292 878 curn
304 819 385 880 velut
396 820 532 882 industria
543 821 676 882 ductibus
684 830 841 900 agerentur
851 823 880 881 in
891 838 995 899 proras
1007 821 1144 880 stantium

135 909 240 978 noctu,
262 903 425 983 inopesque
441 907 552 966 remedi
572 906 641 966 illae
656 906 799 985 proelium
814 904 919 966 navale
938 905 1080 965 adversus
1096 923 1142 964 ar·

135 984 224 1046 bores
239 987 353 1051 inirent.

107 1073 125 1127 6
199 1069 227 1128 2.
272 1071 305 1131 ln
320 1074 422 1134 eadem
439 1075 660 1154 septentrionali
684 1075 772 1154 plaga
793 1071 957 1149 Hercyniae
979 1071 1073 1134 silvae
1094 1088 1142 1130 ro·

136 1152 238 1213 borum
261 1158 382 1218 vastitas
405 1160 511 1220 intacta
534 1161 616 1220 aevis
636 1169 666 1220 et
688 1159 843 1236 congenita
864 1158 969 1219 mundo
988 1173 1083 1236 prope
1100 1157 1179 1218 in·1e

136 1239 250 1299 mortali
268 1250 349 1301 sorte
363 1244 501 1305 miracula
518 1244 644 1305 excedit.
676 1252 706 1303 ut
727 1243 783 1304 alia
801 1244 966 1303 omittantur
987 1240 1044 1301 lide
1068 1241 1142 1302 eari-

135 1333 215 1400 tura,
243 1335 357 1386 constat
385 1328 479 1389 attolli
505 1328 590 1390 collis
612 1328 823 1389 occursantium
849 1328 925 1387 inter
953 1344 985 1386 se
1011 1324 1142 1386 radicum

135 1425 312 1488 repercussu
335 1421 402 1488 aut,
430 1412 480 1472 ubi
503 1422 603 1474 secuta
625 1413 713 1473 tellus
736 1411 861 1488 nonsit,
889 1429 974 1472 arcus
989 1410 1025 1471 ad
1043 1426 1142 1470 ramos

134 1511 228 1572 nsque
250 1505 279 1554 et
300 1497 382 1574 ipsos
402 1499 477 1558 inter
500 1517 533 1558 se
555 1499 675 1560 rixantis
691 1497 804 1557 curvari
820 1505 967 1576 portarurn
983 1495 1143 1575 patentium

134 1578 238 1655 modo,
260 1588 291 1639 ut
304 1589 412 1642 turmas
429 1583 556 1660 equitum
571 1584 778 1658 transmittant,
795 1583 824 1643 3.
839 1580 993 1659 glandiferi
1007 1596 1141 1640 maxume
1154 1594 1178 1638 rr

133 1665 253 1739 generis
270 1681 380 1740 omnes,
399 1666 502 1746 quibus
517 1667 611 1728 honos
626 1668 702 1747 apud
715 1666 863 1728 Romanos
878 1673 1048 1745 perpetuus.

106 1750 122 1805 'l
199 1749 228 1808 4.
247 1747 308 1832 (3.)
352 1749 426 1810 llinc
450 1753 561 1812 civicae
586 1769 730 1827 coronae,
752 1751 870 1811 militum
892 1749 1005 1810 virtutis
1026 1748 1141 1824 insigne

135 1831 339 1908 clarissimum,
368 1835 424 1895 iarn
445 1836 557 1914 pridem
576 1852 648 1895 vero
672 1846 702 1896 et
728 1835 900 1896 clementiae
922 1835 1140 1912 imperatorum,

133 1925 288 1996 postquam
310 1918 434 1979 civilium
455 1919 599 1981 bellorum
625 1921 749 2000 profano
770 1921 901 1980 meritum
923 1917 1022 1996 coepit
1048 1915 1142 1976 videri

136 2001 228 2059 civem
255 2018 312 2062 non
339 2005 487 2064 occidere.
534 2005 640 2066 cedunt
666 2005 711 2064 his
737 2005 862 2065 murales
892 2002 1079 2079 vallaresque
1111 2006 1176 2058 etao

135 2101 252 2158 aureae,
267 2103 438 2166 quamquam
453 2090 547 2168 pretio
569 2090 796 2167 antecedentes,
821 2087 926 2148 cedunt
939 2095 968 2146 et
982 2091 1140 2157 rostratae,

135 2170 264 2247 quamvis
279 2173 308 2231 in
324 2171 437 2233 duobus
452 2190 584 2234 maxume
601 2175 636 2234 ad
647 2174 705 2234 hoc
719 2174 785 2234 acui
798 2172 945 2247 celebres,
957 2169 996 2230 Μ.
1007 2168 1141 2230 Varrone

11 2311 12 2316 ,
137 2255 297 2332 epiroticis
313 2255 400 2317 bellis
418 2257 503 2318 danto
519 2257 626 2336 lllagno
642 2258 793 2338 Pompeio,
809 2259 937 2334 itemque
952 2254 991 2315 Μ.
1008 2253 1142 2331 Agrippa

105 2339 282 2400 attribuente
300 2339 429 2402 Caesare
446 2343 592 2420 eSiculis,
606 2361 681 2422 quae
692 2352 722 2403 et
732 2344 797 2422 ipsa
808 2343 930 2421 piratica
939 2339 1033 2416 luere.
1057 2345 1141 2397 antea

133 2432 230 2484 rostra
244 2428 356 2486 navium
380 2426 515 2488 tribunali
531 2428 661 2507 praelixa
677 2427 734 2488 lori
749 2426 840 2488 decus
857 2434 957 2500 erant,
979 2421 1070 2484 veluti
1088 2437 1139 2499 po·
1151 2435 1175 2478 aa
1195 2463 1197 2516 3

134 2507 203 2586 pulo
221 2508 352 2571 Romano
369 2513 426 2590 ipsi
443 2528 553 2572 corona
569 2513 705 2590 inposita.
728 2521 882 2590 postquam
893 2523 966 2570 vero
980 2505 1140 2568 tribuniciis
1195 2523 1196 2542 ³

134 2593 325 2655 seditionibus
352 2595 459 2656 calcari
486 2614 521 2656 ac
540 2596 634 2675 pollui
654 2614 800 2675 coepere,
826 2603 980 2675 postquam
1002 2592 1082 2652 vires
1104 2605 1141 2648 ex

134 2676 253 2756 publico
271 2679 299 2737 in
314 2681 457 2759 privatum
474 2682 521 2757 agi
544 2681 724 2760 singulisque
748 2681 852 2741 civium
873 2678 975 2758 quaeri
997 2685 1026 2737 et
1041 2689 1140 2736 sacro·

135 2763 228 2820 sancti
244 2765 337 2824 omnia
353 2765 476 2842 prolana
491 2766 603 2841 iacere,
619 2774 678 2825 tum
694 2783 709 2826 a
725 2765 848 2844 pedibus
865 2779 965 2823 eornm
980 2760 1097 2821 subiere
1113 2758 1141 2817 in

135 2847 230 2924 capita
243 2848 346 2906 civium
360 2858 464 2909 rostra.
492 2847 571 2909 dedit
583 2849 657 2910 hanc
670 2854 818 2928 Augustus
832 2865 970 2908 coronam
977 2843 1139 2924 Agrippae,
1149 2857 1173 2900 ao

135 2929 189 2990 sed
207 2931 327 2992 civicam
343 2949 359 2992 a
374 2950 486 3011 genere
501 2934 624 2994 humano
643 2935 758 3013 accepit
774 2935 849 3013 ipse.

107 3023 125 3078 9
205 3015 268 3094 (4.)
314 3015 476 3096 Antiquitas
493 3017 608 3098 quidem
632 3019 710 3079 nulla
732 3019 787 3079 nisi
810 3017 867 3078 deo
883 3016 1016 3078 dabatur:
1059 3012 1140 3073 obid

135 3097 279 3159 Homerus
296 3101 380 3161 caelo
397 3111 505 3162 tantum
523 3121 586 3163 eam
604 3111 633 3162 et
650 3104 765 3182 proelio
785 3103 921 3164 universo
939 3099 1056 3174 tribuit,
1073 3097 1138 3157 viri-

134 3184 184 3243 tim
203 3201 276 3244 vero
299 3203 335 3244 ne
361 3187 390 3245 in
420 3187 577 3249 certamine
603 3187 718 3265 quidem
742 3187 809 3262 ulli,
837 3186 992 3264 feruntque
1018 3184 1139 3262 primum

135 3269 262 3328 omniunt*
280 3268 414 3331 hiberum
441 3281 553 3350 patrem
574 3272 741 3350 inposuisse
762 3271 849 3350 capiti
872 3287 925 3330 suo
953 3285 992 3329 ex
1018 3267 1169 3330 hederate

135 3360 240 3431 postea
260 3353 380 3415 deorum
400 3356 504 3416 honori
526 3354 723 3417 sacrificantes
747 3373 899 3434 sumpsere
915 3353 1040 3415 victimis
1058 3350 1139 3413 simul

94 3443 128 3497 lb
140 3439 296 3497 coronatis.
328 3441 486 3501 novissime
502 3449 531 3500 et
547 3443 576 3500 in
590 3442 682 3502 sacris
695 3440 899 3502 certaminibus
917 3446 1090 3517 usurpatae,
1112 3437 1138 3495 in

137 3517 241 3598 quibus
256 3522 402 3604 hodieque
418 3543 474 3586 non
488 3525 591 3586 victori
607 3525 689 3586 datur
705 3525 757 3587 sed
769 3526 890 3605 patriam
903 3524 938 3584 ab
953 3540 989 3584 eo
1004 3520 1137 3584 coronari
