2396 3900
117 253 160 318 90
459 262 489 311 c.
505 259 764 309 eurxrsnenunr

120 431 204 502 parte
226 419 305 480 orbis
331 420 416 479 etiam
438 418 552 496 pluvias
575 417 699 476 autumni
723 434 813 496 aquas
836 413 951 472 crivare
975 409 1166 472 convenit.

123 509 200 567 eirea
221 507 301 565 canis
319 513 412 563 ortum
431 503 511 580 rigua
528 518 661 560 maxume
679 509 799 579 prosunt
819 517 854 560 ac
875 515 913 557 ne
930 505 989 556 tum
1013 493 1170 574 quidem

120 592 223 666 nimia,
244 589 378 668 quoniam
390 584 539 646 inebriatis
556 583 702 644 radicibus
720 593 836 644 nocent.
871 591 901 641 ct
915 591 1001 642 aetas
1014 578 1169 640 modum

120 682 279 753 temperat,
297 672 433 732 novellae
448 671 522 729 enim
532 672 624 729 minus
636 671 742 729 sitiunt.
777 667 944 728 desiderant
956 674 1071 726 autem
1087 680 1168 722 ma·

121 777 207 818 xume
227 758 314 835 rigari
336 774 410 834 quae
429 756 609 830 adsuevere,
633 763 734 814 contra
752 753 840 812 siccis
858 751 933 810 locis
950 751 1068 828 genita
1088 762 1194 808 none

122 851 261 922 expetunt
272 859 402 908 umorem
413 841 467 899 nisi
478 839 684 899 necessarium.

75 940 132 992 250
191 927 275 1006 (41.)
297 925 458 1004 Asperiora
470 924 535 982 vina
548 925 635 1000 rigari
646 925 745 1000 utique
758 921 875 999 eupiunt
887 921 917 978 in
928 917 1165 980 sulmonense

121 1012 222 1072 ltaliae
240 1028 329 1088 agro,
352 1025 429 1088 pago
445 1007 589 1080 Fabiano,
605 1007 654 1067 ubi
677 1016 707 1066 et
725 1023 795 1066 arra
814 1007 917 1081 rigant.
952 1006 1166 1082 mirumque,

121 1096 231 1157 herbae
244 1113 318 1174 aqua
334 1094 385 1154 illa
407 1100 561 1168 necantur,
578 1091 679 1169 fruges
695 1091 808 1150 aluntur
826 1099 855 1149 et
872 1090 973 1166 riguus
994 1105 1061 1168 pro
1087 1105 1166 1147 sar·

123 1181 189 1241 culo
202 1189 257 1239 est.
291 1181 320 1238 in
332 1177 436 1237 eodem
448 1194 520 1254 agro
535 1176 645 1253 bruma,
658 1185 737 1236 tanto
749 1174 842 1251 magis
854 1175 879 1232 si
893 1175 977 1234 nives
995 1181 1167 1234 scateant
1177 1189 1198 1230 rt

123 1265 254 1342 geletve,
273 1282 310 1322 ne
325 1263 418 1339 frigus
429 1262 496 1320 vitis
508 1259 618 1336 adurat,
633 1259 863 1320 circumfundunt
875 1259 977 1336 riguis,
997 1255 1166 1336 quodibi

122 1349 254 1426 tepidare
265 1355 381 1420 vocant,
395 1345 574 1405 memorabili
587 1354 686 1405 natura
704 1346 733 1404 in
751 1359 834 1404 amne
850 1343 934 1419 solis,
952 1342 1075 1402 eodem
1102 1360 1164 1402 ae·

123 1441 200 1492 state
211 1433 259 1491 vix
271 1429 415 1491 tolerandi
426 1431 541 1507 rigoris.

78 1527 133 1580 251
200 1515 250 1576 27.
278 1515 362 1594 (42.)
385 1513 560 1575 Carbunculi
576 1533 611 1574 ao
629 1514 791 1592 robiginum
804 1513 933 1574 remedia
944 1513 1162 1573 demonstra·

83 1599 260 1676 ¹⁸pfi⁰²bimus
272 1601 417 1660 volumine
431 1595 583 1677 proxumo.
604 1600 716 1658 interim
735 1608 781 1659 est
792 1598 971 1676 scariphatio
983 1597 1162 1676 quaedam
1175 1614 1198 1653 κ

126 1688 154 1745 in
168 1684 316 1760 remediis,
326 1702 389 1745 eum
401 1684 493 1744 macie
505 1685 624 1744 corticis
642 1702 679 1743 ex
690 1681 1103 1762 aegritudineadstringente
1120 1701 1161 1741 se

124 1771 259 1848 iustoque
285 1769 352 1847 plus
376 1768 474 1828 vitalia
500 1767 635 1828 arborum
661 1769 859 1846 conprimente
883 1775 1022 1828 exactam
1053 1767 1163 1826 falcis

124 1854 217 1913 aciem
228 1862 350 1931 utraque
362 1870 445 1911 manu
457 1853 644 1931 inprimentes
662 1853 812 1931 perpetuis
828 1851 963 1910 incisuris
980 1849 1163 1911 deducunt

125 1956 160 1998 ac
172 1937 261 1996 veluti
276 1945 370 1995 cutem
382 1935 489 1995 laxant.
513 1936 640 1996 salutare
651 1936 679 1997 id
691 1936 782 1997 fuisse
795 1943 965 2014 argumento
978 1944 1055 1994 sunt
1071 1935 1160 1996 dila·

124 2029 201 2080 tatae
219 2022 371 2080 cicatrices
388 2028 417 2078 et
429 2021 571 2081 internato
586 2038 713 2099 corpore
726 2020 873 2099 expletae.
1170 2041 1197 2082 aa

81 2115 133 2167 252
201 2104 285 2183 (43.)
316 2102 477 2181 Magnaque
494 2123 531 2163 ex
548 2114 632 2183 parte
650 2105 750 2165 similis
772 2104 917 2164 hominurn
937 2103 1103 2164 medicina
1125 2113 1161 2165 et

125 2188 259 2248 arborum
275 2197 335 2262 est,
355 2187 470 2266 quando
483 2207 579 2248 earum
592 2206 709 2268 quoque
721 2188 904 2248 terebrantur
917 2206 998 2247 ossa.
1033 2206 1159 2266 amyg-

126 2272 209 2331 dalae
222 2291 259 2332 ex
271 2275 375 2332 amaris
387 2271 489 2333 dulces
507 2274 592 2349 liunt,
611 2274 636 2333 si
649 2273 850 2333 circumfosso·
860 2273 959 2350 stipite
978 2280 1011 2331 et
1029 2271 1076 2332 ab
1092 2274 1161 2334 ima

124 2365 206 2434 parte
231 2357 434 2417 circumforato
457 2356 587 2417 defluens
613 2359 713 2435 pituita
733 2357 947 2434 abstergeatur.
991 2366 1025 2416 et
1052 2357 1160 2418 ulmis

124 2439 283 2500 detrahitur
295 2459 382 2500 sucus
392 2441 509 2520 inutilis,
522 2459 609 2518 supra
622 2451 728 2501 terram
740 2441 841 2501 foratis
854 2460 948 2520 usque
968 2439 1007 2500 ad
1020 2441 1158 2502 medul-
1169 2459 1196 2500 ru

89 2553 92 2558 ·
124 2523 179 2583 laur
191 2525 218 2583 in
231 2533 367 2600 senecta,
388 2534 436 2584 aut
448 2542 512 2583 cum
530 2524 665 2585 alimento
684 2527 770 2585 nimio
788 2525 936 2585 abundare
954 2527 1157 2586 sentiuntur.

81 2615 134 2669 253
146 2607 222 2666 idem
234 2617 262 2667 et
278 2609 397 2668 ficorum
416 2607 530 2685 turgido
544 2610 655 2668 cortice
673 2611 807 2670 incisuris
825 2611 854 2668 in
868 2609 998 2669 oblicum
1017 2609 1159 2670 levibus

124 2692 270 2752 emittitur.
297 2693 335 2750 ita
353 2691 383 2750 lit
400 2689 437 2750 ne
452 2690 585 2751 decidant
603 2693 723 2753 fructus.
761 2693 914 2773 pomiferis
928 2711 1009 2773 quae
1026 2697 1157 2771 germi-

122 2782 190 2833 nant
202 2791 259 2834 nec
276 2776 371 2834 ferunt
388 2773 511 2835 fructum
528 2777 595 2836 lissa
607 2776 704 2837 radice
722 2777 826 2838 inditur
839 2778 931 2856 lapis,
952 2777 1157 2858 fertilesque

124 2857 202 2915 fiunt.
226 2851 370 2917 hocideur
382 2859 410 2918 in
422 2859 581 2938 amygdalis
599 2861 739 2923 erobore
757 2880 851 2923 cuneo
868 2863 994 2935 adacto,
1014 2865 1045 2922 in
1071 2864 1193 2942 piriscc

78 2951 133 3004 254
145 2939 300 3019 sorbisque
324 2961 341 3002 e
359 2943 444 3004 taeda
461 2963 496 3005 ac
514 2947 613 3007 cinere
630 2956 658 3006 et
675 2956 752 3006 terra
774 2956 930 3025 cooperto.
968 2945 1077 3007 Etiam
1103 2966 1156 3008 ra·

124 3023 207 3083 dices
224 3027 441 3088 circumcidisse
465 3028 586 3107 prodest
603 3032 701 3090 vitium
722 3031 925 3091 luxuriantium
946 3031 1157 3111 ficorumque

123 3115 151 3165 et
164 3108 345 3170 circumcisis
361 3114 489 3173 cinerem
501 3113 656 3174 addidisse.
685 3111 747 3174 Fici
764 3116 913 3175 serotinae
927 3113 1021 3191 liunt,
1043 3117 1074 3176 si
1088 3119 1155 3197 pri·

121 3208 186 3249 mae
198 3195 316 3270 grossi,
341 3215 405 3256 oum
426 3196 512 3258 fabae
526 3198 748 3276 magnitudinem
771 3216 952 3273 excessere,
977 3197 1155 3261 detrahan-

119 3281 174 3330 tur.
210 3276 423 3340 subnascuntur
452 3284 527 3341 enim
553 3300 627 3361 quae
650 3283 743 3340 serius
762 3291 974 3342 maturescunt.
1012 3285 1191 3346 eaedemat

120 3373 184 3414 curu
197 3357 338 3422 frondere
354 3365 507 3442 incipiunt,
526 3367 550 3426 si
562 3367 709 3426 cacumina
727 3366 798 3424 rami
816 3367 961 3446 cuiusque
977 3366 1153 3430 detrahan-

118 3445 175 3512 tur,
189 3440 335 3504 frrmiores
349 3449 566 3528 fertilioresque
577 3450 655 3524 liunt,
669 3467 733 3507 uam
747 3451 928 3527 caprificatio
941 3461 1091 3514 maturat.

75 3530 127 3581 255
192 3522 207 3584 f
209 3526 279 3577 ⁴121]
304 3528 335 3589 ln
349 3549 384 3592 ea
400 3532 510 3592 culices
523 3535 604 3592 nasci
616 3552 633 3592 e
647 3533 759 3611 grossis
771 3533 969 3611 manifestum,
984 3539 1153 3617 quoniam,
