2370 3922
155 236 196 296 22
305 239 307 244 ’
489 247 521 296 c.
536 247 631 294 ιιιιι
645 245 795 296 sacuam

156 403 378 480 praegnatibus,
401 404 466 480 ipsa
488 419 561 461 vero
583 409 684 461 contra
704 401 896 460 infirmitatem
916 400 1072 476 stomachi,
1097 403 1150 462 sed

155 502 213 545 non
227 487 283 544 nisi
301 504 340 546 cx
355 493 440 546 aceto
454 485 539 544 facile
555 485 730 544 manduntur.

114 579 166 636 1oo
225 569 307 647 (57.)
344 569 443 629 Punici
468 567 534 626 mali
560 586 664 628 novem
691 586 802 644 genera
826 585 901 628 nunc
924 570 1023 628 iterari
1049 587 1151 648 snper·

114 672 142 715 o,
150 671 183 706 ιιι
198 671 325 713 vacuom.
355 651 402 711 Ex
421 652 465 712 his
485 651 595 728 dulcia,
615 669 690 730 quae
704 669 832 730 apyrena
845 651 903 711 alio
922 655 1037 712 nomine
1052 653 1153 730 appel·

155 736 288 834 lavimus,
302 735 449 795 stomacho
467 735 577 794 inutilia
592 735 745 811 habentur,
764 735 928 795 inflationes
942 739 1069 814 pariunt,
1085 737 1175 796 den·
1141 741 1175 804 -ι

157 821 194 878 tis
207 821 399 917 gingivasque
427 819 558 895 laedunt,
579 837 652 896 quae
670 837 742 877 vero
758 820 793 879 ab
816 818 862 878 his
883 837 990 897 sapore
1013 807 1175 896 proxuma

114 921 142 958 ιι
153 920 186 956 ιιι
197 905 300 963 vinosa
323 901 460 978 diximus,
480 919 598 980 parvom
621 903 752 964 nucleum
767 901 915 978 habentia,
931 902 1160 980 utiliorapaulu.

155 985 371 1062 intelleguntur.
409 985 503 1045 alvom
520 988 625 1046 sistunt
641 995 670 1044 et
686 986 873 1082 stomachum,
903 985 1050 1045 dumtaxat
1066 1004 1105 1064 pa
1158 996 1163 1004 '

156 1071 285 1146 citraque
315 1070 486 1128 satietatem.
532 1077 562 1130 et
592 1068 665 1129 haec
695 1071 816 1128 minume
846 1069 954 1145 danda,
988 1087 1096 1147 quamq

157 1155 271 1214 omniuo
292 1152 386 1228 nulla,
409 1153 439 1211 in
460 1153 554 1228 febri,
583 1170 638 1212 nec
658 1171 743 1212 carne
764 1155 911 1212 acinorum
925 1153 989 1212 utili
1002 1171 1059 1212 nec
1077 1169 1152 1212 suco

115 1246 164 1300 tot
176 1245 314 1297 caventur
325 1253 418 1313 aeque
434 1235 640 1295 vomitionibus
658 1255 692 1294 ac
706 1235 797 1294 bilem
810 1237 1012 1296 reicientibus
1030 1255 1114 1295 uvam
1129 1238 1135 1250 '

159 1319 259 1380 his-
273 1337 307 1379 ac
324 1338 360 1379 ne
382 1327 505 1378 mustum
520 1320 652 1397 quidem,
669 1319 722 1379 sed
733 1321 866 1398 protinus
877 1321 1031 1378 viuum—
1044 1338 1101 1396 ape
1136 1319 1143 1334 '

156 1411 273 1480 natura,
299 1411 450 1482 utrumqne
474 1404 626 1481 asperiore
651 1405 770 1462 cortice.
804 1402 850 1462 hic
870 1403 986 1462 acerbis
1006 1404 1038 1462 in
1053 1421 1085 1461 m

154 1504 217 1545 usa.
253 1486 358 1564 volgus
381 1488 461 1546 coria
480 1504 610 1546 maxume
632 1486 746 1564 perlicit
769 1485 830 1546 illo.
867 1485 905 1545 ob
926 1486 956 1545 id
978 1486 1113 1545 malicori

155 1569 302 1650 appellant
326 1571 438 1632 medici.
474 1572 582 1629 urinam
598 1569 789 1630 cieri'eodem
805 1577 985 1646 monstrant,
1008 1571 1102 1628 mixta

153 1654 231 1732 galla
252 1656 282 1714 in
302 1663 387 1715 aceto
408 1653 559 1714 decoctum
575 1652 691 1714 mobilis
713 1653 816 1712 dentis·
831 1652 973 1713 stabilire.
1007 1655 1113 1731 expeti

154 1737 335 1814 gravidarum
349 1737 502 1812 melaniae,
526 1738 659 1814 quoniam
673 1745 789 1813 gustatu
805 1745 922 1796 moveat
936 1737 1091 1796 infantem.
1120 1733 1159 1799 d·

153 1821 261 1882 viditur
279 1820 382 1880 malum
399 1821 579 1898 caelestique
598 1837 669 1898 aqna
685 1817 824 1880 madescit
842 1821 933 1878 ternis
956 1820 1024 1879 lere
1045 1819 1115 1879 dieb
1153 1860 1155 1862 -

153 1899 226 1963 haec
240 1903 350 1962 bibitur
363 1904 468 1981 frigida
487 1904 623 1964 coeliacis
640 1912 670 1962 et
687 1906 854 1988 sanguinem
869 1902 1109 1963 exscreantibus

113 1997 164 2051 loe
227 1987 308 2065 (58)
336 1985 382 2046 Ex
400 1988 507 2048 acerbo
528 1988 561 2046 lit
580 1987 815 2048 medicamentum
836 1986 923 2065 quod
936 1988 1129 2046 stomaticer

155 2076 250 2146 catur,
272 2069 452 2130 utilissimum
468 2073 528 2131 oris
543 2072 620 2130 vitiis
630 2072 785 2147 ,narium,
800 2071 928 2147 aurium,
946 2069 1156 2130 oculorumca·

155 2153 252 2230 ligini,
280 2155 438 2231 pterygiis,
467 2153 642 2232 genitalibus
667 2163 697 2213 et
720 2154 764 2214 his
786 2171 856 2231 quas
877 2171 979 2212 nomas
1000 2161 1113 2213 vocant
1131 2159 1175 2234 et¹

155 2254 229 2314 quae
251 2238 281 2296 in
297 2236 444 2297 ulceribus
462 2246 643 2298 excrescunt.
680 2246 780 2297 contra
798 2236 931 2315 leporem
946 2238 1092 2296 marinum
1107 2236 1155 2296 bot
1173 2235 1175 2286 l

155 2320 258 2380 modo:
275 2321 364 2381 acinis
382 2321 512 2382 detracto
529 2323 640 2380 cortice
657 2323 747 2380 tunsis
764 2337 893 2397 sucoque
908 2320 1037 2380 decocto
1054 2319 1093 2380 ad
1106 2329 1155 2380 ter-

156 2405 230 2481 tias,
248 2404 315 2464 dein
329 2422 392 2464 cum
407 2408 485 2464 croci
502 2413 531 2464 et
547 2403 677 2464 aluminis
690 2405 792 2479 scissi,
807 2421 939 2479 murrae,
956 2402 1055 2463 mellis
1068 2401 1155 2463 Attici

114 2499 164 2553 109
175 2489 302 2562 selibris.
340 2488 389 2547 alii
412 2497 443 2548 et
458 2488 515 2548 lnoc
529 2488 614 2548 modo
629 2489 752 2548 iaciunt:
775 2489 879 2565 punica
894 2487 975 2546 acida
992 2485 1085 2546 multa
1102 2496 1156 2546 tun

154 2571 274 2650 duntur,
291 2591 375 2632 sucus
390 2574 420 2632 in
435 2571 542 2633 cacabo
558 2589 635 2631 novo
651 2573 785 2648 coquitur
800 2569 895 2630 mellis
912 2571 1113 2630 crassitudine
1127 2567 1154 2627 ad

154 2657 300 2716 virilitatis
322 2664 352 2716 et
374 2655 452 2716 sedis
473 2656 544 2713 vitia
564 2663 594 2713 et
612 2656 706 2715 omnia
721 2659 794 2732 qua'e
810 2653 888 2729 lycio
904 2661 1059 2730 curantur,
1085 2654 1153 2712 auris

156 2738 342 2817 purulentas,
359 2739 515 2818 epiphoras
538 2739 720 2815 incipientis,
745 2737 848 2796 rubras
868 2736 995 2796 maculas
1017 2737 1049 2794 in
1072 2736 1154 2794 mani·

156 2821 219 2880 bus.
250 2825 320 2880 rami
333 2825 502 2900 punicorum
514 2823 660 2900 serpentis
672 2822 780 2898 fugant.
804 2821 915 2880 cortice
927 2820 1027 2897 panici
1041 2837 1081 2878 ex
1093 2822 1154 2878 vino

157 2905 234 2963 cocti
256 2912 285 2962 et
305 2906 424 2982 inpositi
445 2907 604 2984 perniones
627 2914 771 2964 sanantur.
802 2911 974 2964 contoasum
996 2901 1105 2961 malum
1124 2918 1175 2978 eu,

156 2987 249 3046 tribus
268 2986 390 3046 beminis
407 2992 466 3049 vini
482 2988 631 3049 decoctum
646 2989 681 3048 ad
701 2987 842 3046 heminam
857 2988 980 3045 tormina
996 2995 1028 3045 et
1048 2988 1153 3046 taenias
1173 2987 1175 3066 ξ

156 3069 249 3150 pellit
279 3071 411 3146 punicum
425 3075 455 3131 in
471 3072 529 3132 olla
554 3089 645 3147 noua,
665 3070 823 3148 coperculo
838 3069 971 3145 inlito,
961 3088 991 3128 ιι
1006 3070 1096 3130 furno
1111 3086 1152 3129 er·
1173 3069 1175 3148 ξ

157 3162 251 3213 ustum
274 3160 304 3211 et
324 3157 476 3214 contritum
498 3157 680 3233 potumque
672 3157 784 3258 uncino
805 3155 883 3214 sistit
900 3152 1013 3230 alvom,
1042 3153 1175 3310 &semol

157 3239 287 3296 tormina.

117 3331 167 3384 11⁰
229 3319 309 3397 (59)
341 3317 451 3378 Primus
472 3324 549 3398 pomi
564 3322 646 3381 huius
663 3329 760 3399 partus
778 3320 886 3380 llorere
901 3321 1073 3398 incipientis
1089 3319 1151 3395 cyti·
1174 3375 1175 3378 ,

158 3419 210 3462 ιιι
226 3409 375 3461 vocatura
391 3398 525 3480 Graecis,
539 3406 628 3464 mirae
645 3405 861 3464 observationis
874 3403 1031 3464 multorum
1043 3403 1149 3480 experi-

157 3492 263 3545 mento
293 3485 318 3544 si
338 3485 402 3563 quis
426 3504 510 3546 unum
527 3506 566 3548 er
582 3488 627 3548 bis
647 3489 760 3549 solutus
774 3487 890 3548 vinculo
907 3489 984 3548 omni
1001 3489 1113 3547 cinctus
1126 3489 1150 3542 et
