2430 3896
251 222 527 271 summanus
546 223 665 276 10-11.
699 213 854 292 (to—21.)
1027 213 1062 273 11

60 377 241 454 siccioraque
257 375 329 437 lolia
345 385 374 436 et
391 378 520 438 tenuiora
537 395 574 436 eo
588 379 680 455 magis
697 379 841 456 algentia,
860 389 979 460 totaque
996 381 1064 444 bor·

61 462 144 523 ridior
156 470 186 521 et
202 460 325 539 perlusa
335 461 442 536 resine,
458 461 565 538 lignum
582 462 670 521 abieti
686 462 817 523 similius.
844 463 918 525 larix
933 466 1004 526 ustis
1018 485 1064 526 ra·

61 545 166 608 ditibus
181 562 241 605 non
257 544 434 623 repullulat,
451 546 546 625 picea
558 547 744 624 repullulat,
761 557 791 608 ut
807 549 835 608 in
847 547 943 610 Lesbo
957 551 1066 610 accidit

59 633 173 691 mcmso
196 647 320 690 nemore
334 629 492 704 Pyrrhaeo.
521 631 579 692 alia
594 633 747 692 etiamnum
761 634 920 710 generibus
940 635 1012 712 ipsis
1034 636 1107 700 inti

38 735 127 776 asan
136 714 316 776 differentia.
338 733 400 774 mas
411 715 531 776 brevior
543 725 574 776 et
586 717 695 792 durior,
708 716 814 778 lemine
825 719 990 796 procerior,
1002 720 1063 798 pin·

59 799 203 879 gnioribus
221 799 304 858 follis
326 807 355 859 et
370 799 549 878 simplicibus
566 810 653 879 atque
672 818 729 860 non
751 802 924 880 rigentibus.
956 803 1064 882 lignum

58 885 178 946 morbae
194 883 298 944 durum
308 892 341 944 et
352 885 380 942 in
392 883 488 944 fabrili
500 902 593 964 opere
608 895 781 962 contortum,
797 887 921 947 lemiuae
935 887 1063 962 mollius,

59 969 171 1048 publico
193 969 363 1028 discrimine
388 969 417 1027 in
440 969 602 1030 securibus.
636 970 692 1030 bae
706 971 734 1030 in
751 989 934 1050 quocumque
950 990 1063 1049 genere

57 1052 278 1132 deprehendunt
292 1070 416 1128 marem,
434 1055 543 1133 quippe
555 1065 732 1133 respuuntur
751 1065 780 1114 et
794 1056 941 1133 fragosius
957 1055 1062 1132 sidunt,

6 1117 8 1194 l
30 1139 170 1215 megrius
181 1137 375 1198 revelluntur.
397 1137 461 1216 ipsa
473 1140 610 1200 materies
620 1139 764 1200 retorrida
776 1150 805 1201 et
817 1141 928 1218 nigrior
937 1141 1063 1200 maribus

56 1223 140 1283 radix.
179 1220 270 1283 Girca
290 1221 369 1282 ldam
391 1222 419 1281 iu
434 1221 548 1283 Troade
570 1233 599 1284 et
623 1225 680 1286 alia
703 1224 884 1302 differentia,
907 1233 1106 1289 montannos&

55 1307 281 1384 maritimaeque.
311 1324 377 1367 nam
396 1308 425 1367 in
439 1305 611 1368 Macedonia
632 1317 662 1368 et
679 1308 808 1371 Arcadia
830 1311 967 1389 circaque
987 1307 1062 1370 Elim

56 1393 355 1471 permutantnomina,
373 1409 428 1451 nec
441 1401 554 1452 constat
567 1393 735 1454 auctoribus
752 1395 829 1472 quod
842 1395 947 1473 cuique
958 1394 1063 1471 generi

56 1477 217 1538 attribuam.
250 1493 305 1536 nos
333 1477 389 1536 ista
415 1475 546 1536 Romano
573 1477 764 1538 dissernimus
789 1478 906 1540 iudicio.
938 1477 1063 1538 Abiese

6 1563 9 1670 q
29 1563 161 1622 tseunctis
175 1562 357 1640 amplissima
371 1570 417 1620 est
432 1571 462 1622 et
473 1562 579 1622 femina
591 1563 676 1623 etiam
688 1563 841 1641 prolixior,
857 1563 978 1624 materie
991 1562 1062 1622 mol·

6 1671 8 1728 μ
51 1647 104 1706 lior
115 1646 291 1726 utiliorque,
310 1646 399 1706 arbor
412 1647 574 1723 rotundior,
590 1646 662 1706 lolio
679 1648 796 1728 pinnato
811 1648 901 1708 densa
919 1655 949 1706 ut
964 1646 1064 1706 imbris

6 1739 8 1780 l
54 1749 105 1791 nou
119 1733 315 1807 transmittat,
332 1739 425 1808 'atque
447 1730 568 1792 hilarior
588 1732 617 1791 iu
631 1740 730 1792 totum.
775 1731 800 1792 Ε
818 1732 904 1791 ramis
919 1748 1060 1809 generum
1072 1737 1106 1794 to

53 1815 151 1876 lorum
167 1815 370 1894 panicularum
382 1815 468 1876 modo
484 1826 655 1876 nucamenta
671 1817 840 1895 squamatim
855 1824 997 1894 conpacta
1013 1814 1062 1874 de·

6 1961 7 1972 ,
54 1899 178 1980 pendent
200 1908 410 1979 praeterquam
429 1901 520 1962 larici.
553 1901 629 1962 baec
650 1901 754 1962 abietis
774 1901 922 1970 masculae
944 1898 1064 1979 primori

6 1983 48 2050 ta
56 1994 134 2064 parte
148 1985 276 2046 nucleos
296 1984 420 2060 babent,
449 2003 507 2046 nou
525 1988 594 2046 item
616 1985 753 2046 feminae.
786 1987 890 2064 piceae
906 2001 979 2044 vero
995 1983 1064 2042 totis

6 2073 7 2094 ³
54 2071 206 2149 paniculis,
215 2069 647 2148 minoribusgracilioribusque
662 2071 813 2146 miuumos,
826 2087 862 2130 ac
872 2071 985 2147 nigros,
994 2084 1063 2147 pro·

6 2151 8 2210 l
54 2164 114 2232 pter
130 2156 211 2233 quod
221 2153 329 2216 Graeci
345 2153 578 2234 phthirophoron
593 2173 656 2214 eam
671 2155 831 2234 appellant.
854 2156 883 2214 in
893 2153 996 2214 eadem
1011 2170 1062 2212 nu·

6 2241 8 2248 ’
55 2250 182 2300 cementa
193 2240 327 2299 'maribus
339 2239 547 2317 conpressiore
565 2248 631 2299 sunt
646 2257 681 2300 ac
696 2241 789 2298 miuus
806 2240 902 2299 resina
918 2235 1045 2298 roscida.

113 2325 200 2405 (20.)
215 2324 327 2384 Similis
341 2323 386 2383 luis
400 2325 553 2384 etiamnum
566 2323 710 2403 adspectu
724 2332 781 2399 est,
793 2342 830 2384 ue
843 2325 911 2402 quid
926 2331 1058 2401 praeter·
1072 2329 1106 2380 50

6 2411 7 2414 ’
27 2417 143 2487 nemu,
157 2419 245 2470 taxus
256 2410 383 2469 minume
394 2409 492 2469 virens
508 2408 686 2488 gracilisque
698 2417 730 2468 ct
744 2409 834 2468 tristis
846 2425 882 2468 ac
894 2408 966 2482 dira,
980 2405 1061 2465 nullo

55 2511 138 2571 suco,
163 2513 203 2554 ex
218 2493 353 2554 omnibus
375 2492 439 2554 sola
455 2493 545 2554 bacas
563 2494 631 2554 lert.
663 2511 726 2553 mas
741 2494 830 2554 noxio
848 2493 955 2570 fructu,
971 2489 1061 2550 letale

55 2579 157 2658 quippe
166 2579 252 2640 bacis
264 2580 294 2639 in
305 2577 444 2656 Hispania
456 2580 616 2657 praecipue
631 2595 774 2638 venenum
790 2579 875 2637 inest.
891 2593 961 2637 vasa
974 2575 1061 2634 etiam

55 2663 170 2724 viatoria
186 2683 225 2724 ex
241 2663 367 2724 earinis
383 2663 412 2723 in
423 2660 515 2724 Gallia
531 2662 607 2724 lacta
622 2661 773 2722 mortifera
785 2662 876 2722 luisse
889 2668 1061 2739 conpertum

55 2757 104 2808 est.
128 2747 212 2810 llanc
228 2749 348 2808 Sextius
362 2747 497 2808 milacem
511 2767 526 2808 a
543 2745 662 2808 Graecis
678 2746 779 2807 uocari
795 2737 880 2822 dicit,
902 2754 932 2806 et
947 2761 1015 2804 esse
1029 2744 1058 2802 in
1071 2753 1103 2804 51

26 2829 175 2894 adtendis
191 2842 252 2894 tam
273 2833 438 2912 praesentis
456 2833 563 2892 veneni
584 2841 615 2891 ut
632 2834 681 2910 qui
697 2831 878 2891 obdormiant
901 2829 953 2890 sub
968 2846 1006 2888 ea
1021 2829 1061 2888 ci·

55 2913 154 2978 bnmve
178 2919 297 2997 capiant
318 2917 485 2977 moriantur.
516 2924 581 2976 sunt
597 2917 646 2996 qui
668 2924 697 2975 et
713 2915 809 2977 taxica
826 2915 893 2975 binc
912 2911 1061 2993 appellata

55 2999 145 3062 dicant
159 3020 278 3064 venena
294 3019 370 3081 quae
384 3019 460 3062 nnnc
475 3002 573 3063 toxica
587 3001 724 3076 dicimus,
746 3000 850 3078 quibus
865 3001 990 3077 sagittae
1007 2997 1061 3056 tin·

55 3096 180 3160 guantur.
210 3095 364 3166 repertum
386 3087 531 3148 innoxiam
552 3086 632 3161 lieri,
660 3085 683 3143 si
705 3085 734 3143 in
753 3086 817 3164 ipsa
836 3084 943 3144 arbore
959 3081 1060 3143 clavos

55 3185 153 3231 aereus
168 3171 316 3250 adigetur.

27 3269 49 3310 o
94 3257 142 3316 11.
177 3258 264 3336 (21.)
299 3255 352 3316 Pin
368 3255 478 3335 liquida
497 3254 656 3334 inlluropa
672 3273 688 3314 e
704 3253 790 3314 taeda
807 3253 951 3331 coquitur,
970 3257 1104 3311 nava-52

55 3337 124 3400 lilrns
138 3341 305 3402 muniendis
321 3340 486 3420 multosque
508 3340 582 3400 alios
599 3339 635 3400 ad
650 3356 729 3399 usus.
759 3338 866 3415 lignum
882 3336 945 3395 eius
962 3333 1059 3394 conci·

55 3441 112 3484 sana
125 3426 217 3487 furnis
234 3425 364 3504 undique
378 3427 439 3504 igni
453 3433 536 3486 extra
554 3423 730 3484 circumdato
746 3424 851 3483 fervet.
883 3420 990 3499 primus
1013 3435 1060 3477 su·

53 3507 105 3570 dor
117 3529 212 3591 aquae
225 3510 316 3572 modo
336 3509 396 3570 fluit
411 3510 516 3572 canali.
549 3509 607 3569 hoo
629 3510 658 3570 iu
673 3509 758 3583 Syria
782 3505 912 3566 cedrium
926 3510 1059 3577 vocatur,
