2406 3914
92 241 156 303 254
440 251 583 300 c.s>1.1u1
601 251 751 299 succum

92 409 244 490 porraceis
259 405 391 484 exiliora,
407 409 436 466 in
452 408 601 468 cacumine
615 409 731 484 minuta,
747 408 821 467 inter
832 423 908 486 quae
926 424 1032 474 saman
1048 415 1109 465 est.

93 494 176 554 radix
198 491 295 551 olivae
315 492 416 569 nigrae
433 491 549 570 similis,
571 509 671 570 quam,
693 510 757 552 curn
780 491 908 569 oblonga
924 501 988 567 est,
1012 508 1110 570 cype-

83 573 157 638 'rida
179 583 305 650 vocant,
333 578 430 653 magni
452 578 479 635 iu
500 576 642 637 medicina
661 593 741 635 usus.
776 575 851 636 Laus
873 592 986 654 cypero
1011 576 1110 654 prima

93 661 317 736 Hammoniaco,
345 660 473 721 secunda
495 659 627 737 Rhodio,
653 661 739 720 tertia
767 659 916 737 Theraeo,
943 661 1111 719 norissima

93 745 257 823 Aegyptio,
273 743 352 823 quod
367 753 397 805 et
412 744 560 805 confundit
572 745 770 821 intellectum,
787 745 919 823 quoniam
935 753 966 804 et
982 745 1136 822 cypirose

93 829 133 889 ibi
153 831 291 888 nascitur.
332 829 385 889 sed
406 831 525 908 cypiros
541 829 694 889 durissima
710 831 819 910 vixque
836 830 968 907 spirans,
993 827 1110 888 ceteris

94 913 168 972 odor
193 921 223 972 et
243 913 316 991 ipsis
341 914 461 974 nardum
480 915 602 974 imitans.
638 918 688 974 list
712 923 741 973 et
762 931 817 992 per
837 931 870 973 ss
890 911 991 973 Indica
1011 911 1111 972 herba

94 1015 168 1074 quaa
187 999 287 1076 cypira
301 1006 440 1073 vocatur,
461 997 619 1076 zingiberis
636 997 745 1076 effigie.
778 997 1005 1058 conmanducata
1023 996 1112 1057 croci

53 1090 103 1145 118
110 1085 167 1141 um
184 1081 287 1142 reddit.
320 1079 439 1161 cypero
450 1084 495 1142 vis
511 1083 540 1141 in
550 1083 693 1143 medicina
706 1082 830 1162 psilotri.
861 1082 989 1142 inlinitur
1003 1090 1111 1160 ptery-

93 1166 148 1242 giis
165 1165 371 1244 ulceribusque
389 1167 556 1244 genitalium
574 1175 603 1226 et
622 1184 698 1245 quae
713 1168 741 1227 in
756 1183 858 1227 urnore
877 1175 942 1226 sunt
957 1166 1149 1242 omnibns,1o

94 1251 168 1309 sicut
183 1252 242 1310 oris
261 1249 418 1311 ulceribus.
441 1251 525 1311 radix
538 1250 680 1312 adversus
696 1253 873 1330 serpentium
884 1252 961 1311 ictus
975 1260 1006 1311 et
1022 1267 1110 1310 scor·

92 1336 210 1416 piouum
228 1336 390 1415 praesentis
410 1335 522 1396 remedi
543 1344 598 1395 est.
630 1336 735 1396 volvas
754 1337 849 1416 aperit
869 1344 949 1415 pota.
983 1335 1112 1412 largiori

93 1430 171 1481 tanta
189 1422 235 1480 ris
250 1429 280 1480 ut
296 1420 427 1498 expellat
446 1437 506 1481 eas.
537 1421 647 1481 urinam
664 1422 723 1481 ciet
739 1430 768 1482 et
783 1421 932 1496 calculos,
950 1418 989 1481 ob
1004 1418 1036 1479 id
1053 1419 1111 1479 uti·

94 1505 203 1566 lissima
223 1504 402 1582 hydropicis.
435 1505 561 1565 inlinitur
583 1513 613 1564 et
627 1505 775 1566 ulceribus
796 1523 871 1585 quae
889 1513 1031 1584 serpunt,
1053 1501 1112 1562 sed

94 1588 139 1649 his
159 1591 319 1668 praecipue
341 1607 416 1668 quae
438 1592 467 1649 in
487 1589 638 1649 stomacho
660 1598 742 1670 sunt,
765 1591 869 1650 evino
887 1589 938 1649 vel
959 1597 1049 1650 aceto
1065 1589 1110 1647 in·
1122 1603 1148 1644 1⁵

94 1673 155 1732 lita.

53 1765 104 1821 119
167 1756 251 1835 (71.)
279 1754 360 1816 Iunci
391 1757 473 1818 radix
497 1759 525 1817 in
549 1757 643 1817 tribus
662 1756 783 1819 beminis
805 1775 899 1836 aquae
922 1757 1050 1818 decocta
1073 1754 1113 1815 ad

96 1841 196 1900 tertias
217 1839 290 1899 tussi
311 1841 451 1901 medetur.
482 1859 582 1902 semen
598 1850 705 1901 tostum
722 1851 752 1902 et
773 1843 801 1901 in
818 1859 892 1921 aqua
913 1850 1015 1921 potum
1034 1839 1113 1899 sistit

95 1933 124 1982 et
139 1923 234 1983 alvom
251 1931 281 1982 et
294 1921 463 1985 laminarum
475 1943 602 2002 menses,
617 1927 720 2005 capitis
735 1925 854 1987 dolores
871 1927 942 1986 facit
954 1925 1004 2004 qui
1018 1940 1111 1984 voca·

94 2016 142 2066 tur
156 2005 382 2068 holoschoenus.
415 2025 490 2088 quac
504 2027 645 2090 proxuma
667 2019 732 2071 sunt
747 2011 855 2071 radicis
872 2009 1110 2070 conmanducan·
1120 2021 1147 2063 ao

95 2101 140 2150 tur
168 2090 308 2151 adversus
335 2108 506 2153 araneorum
533 2111 655 2154 morsus.
695 2097 811 2155 invenio
840 2097 996 2157 etiamnum
1021 2109 1113 2154 uuum

95 2175 171 2233 iunci
191 2191 284 2251 genus
306 2176 385 2254 quod
407 2179 557 2257 euripicen
576 2189 692 2239 vocant.
735 2181 819 2240 htrius
842 2182 952 2241 semine
975 2196 1112 2240 soranum

95 2257 196 2331 adlici,
213 2257 266 2317 sed
280 2259 394 2320 modum
409 2262 582 2322 serrandum
593 2280 631 2321 ne
645 2279 738 2342 sopor
752 2264 810 2324 liat.

54 2352 105 2404 lto
164 2342 249 2420 (72.)
277 2339 379 2404 Obiter
401 2354 431 2404 et
446 2346 560 2407 odorati
576 2347 653 2406 iunci
667 2348 830 2409 medicinae
845 2347 995 2425 dicentur,
1014 2365 1111 2428 quon·

54 2427 194 2488 12‚1o⁴iam
216 2435 244 2486 et
266 2428 294 2486 in
315 2428 399 2503 Syria
416 2427 526 2506 Goele,
550 2439 581 2490 ut
603 2447 657 2490 suo
681 2432 750 2493 loco
771 2432 940 2509 retulimus,
966 2434 1147 2494 nascituras

94 2509 305 2571 laudatissimus
331 2530 369 2572 ex
396 2511 546 2575 Nabataea
570 2518 742 2592 cognomine
766 2517 918 2593 teucbitis‚
945 2533 1113 2596 proxumus

94 2593 285 2670 babylonias,
312 2614 465 2674 pessumus
490 2616 529 2658 ex
552 2598 654 2660 Africa
677 2619 712 2661 ae
732 2603 794 2662 slne
811 2600 922 2676 odore,
949 2611 996 2660 est
1011 2611 1113 2662 autem

94 2680 249 2755 rotundus,
267 2682 388 2741 vinosae
403 2683 601 2744 mordacitatis
617 2685 653 2744 ad
669 2685 805 2762 linguam.
838 2687 972 2745 sincerus
992 2687 1022 2745 in
1038 2702 1112 2744 con·

95 2761 225 2823 fricando
240 2763 360 2825 odorem
375 2782 461 2826 rosae
479 2768 580 2826 emittit
596 2767 766 2830 rubentibus
780 2770 961 2847 fragmentis.
988 2769 1113 2830 discutit

95 2844 274 2923 inflationes,
296 2848 334 2909 ob
354 2849 382 2909 id
404 2850 552 2911 stomacho
568 2851 646 2910 utilis
664 2853 812 2934 bilemque
827 2862 857 2914 et
871 2855 1045 2933 sanguinem
1059 2872 1108 2915 re·
1120 2873 1146 2916 ao

94 2928 258 2991 icientibus.
287 2933 429 3011 singultus
448 2935 546 3010 sedat,
563 2945 662 2996 ructus
677 2948 789 3013 moret,
806 2939 916 2998 urinam
935 2939 1012 3015 ciet,
1028 2941 1110 2999 vesi·
1128 2937 1138 2951 '

96 3029 148 3072 cae
170 3014 311 3076 medetur.
346 3017 384 3077 ad
401 3018 551 3079 muliebris
574 3038 643 3080 usus
662 3021 843 3101 decoquitur.
879 3023 1110 3101 opisthotonicis

96 3113 159 3156 cum
174 3101 270 3159 resina
283 3101 362 3161 arida
377 3102 522 3179 inponitur
538 3102 747 3167 excalfactoria
762 3107 800 3166 vi.

53 3189 101 3243 121
167 3183 252 3262 (73.)
280 3182 359 3243 llosa
385 3184 553 3265 adstringit,
581 3187 746 3266 refrigerat.
784 3207 853 3250 usus
882 3191 947 3250 eius
970 3189 1112 3252 dividitur

95 3265 123 3322 in
140 3265 211 3326 folia
234 3275 263 3327 ct
282 3267 372 3327 dores
396 3277 425 3328 et
445 3272 549 3349 capita.
579 3270 716 3334 foliorum
740 3284 838 3354 partes
854 3292 930 3353 quae
947 3283 1014 3334 sunt
1039 3293 1144 3336 can-as

94 3348 178 3408 didae
196 3369 308 3428 unguas
325 3361 474 3413 vocantur.
504 3356 534 3415 in
556 3354 630 3414 llorc
656 3357 732 3418 aliud
754 3368 799 3418 est
820 3375 938 3435 semen,
962 3358 1042 3419 aliud
1059 3377 1109 3418 ca-

96 3431 199 3509 pillus,
221 3436 250 3494 in
272 3437 367 3513 capite
387 3436 464 3496 aliud
487 3448 605 3513 cortex,
627 3441 704 3502 aliud
725 3442 822 3519 calyx.
854 3442 956 3503 folium
977 3443 1110 3502 siccatur

96 3523 143 3622 aut
157 3516 249 3577 tribus
264 3519 357 3579 modis
373 3521 555 3598 exprimitur:
583 3539 702 3604 perse,
724 3545 788 3587 curn
802 3543 917 3605 ungues
933 3543 993 3587 non
1008 3527 1109 3588 detra·
