2406 3914
280 239 363 288 usu.
381 238 472 288 urso.
490 239 563 287 xxr.
581 236 701 292 17-18.
719 228 874 306 (ot—to.)
1024 227 1085 292 253

135 394 184 457 18.
209 396 294 475 (69.)
323 394 433 455 Similia
448 394 636 474 praecipitet
652 393 689 454 de
706 395 791 454 iunco
811 412 897 473 quem
910 396 1064 456 mariscum
1077 410 1130 463 112

73 480 239 561 appellant,
267 479 303 540 ad
325 478 467 540 texendas
486 486 604 556 tegetes
626 487 656 538 et
670 479 762 557 ipsum
779 476 860 538 Iunio
881 495 982 540 mense
1000 481 1087 542 eximi

73 567 108 627 ad
127 564 230 626 Iulium
251 563 376 624 medium
398 564 600 642 praecipiens,
630 570 730 622 cetera
754 562 791 622 de
818 563 957 624 siccando
984 563 1105 626 eadem'

74 667 146 730 quae
167 649 206 710 de
226 648 295 708 ulva
316 663 369 708 sno
388 647 457 707 loco
476 647 609 708 diximus.
653 645 785 708 Alterum
809 665 903 724 genus
933 649 1081 715 iuncorum
1095 671 1128 708 ιιι

56 736 141 796 slaoit
156 733 236 813 quod
252 733 390 793 marinum
405 741 435 792 et
449 750 465 792 a
478 729 600 792 Graccis
618 730 830 807 oxyschoenon
845 734 946 793 vocari
957 734 1084 794 invenio.

74 819 124 879 tria
139 835 252 895 genera
264 819 343 878 eius:
359 817 452 892 acuti,
465 816 591 892 sterilis,
606 833 691 895 quem
706 833 816 876 marem
833 825 861 874 et
877 833 965 891 oxym
981 815 1086 878 Graeci

72 911 192 977 uocant,
219 901 334 980 reliqua
348 900 477 961 feminini
491 899 613 964 ferentis
629 917 730 961 semen
744 900 857 977 nigrum
872 917 958 978 quem
977 901 1085 962 melan·

73 988 176 1047 crauim
193 994 310 1046 vocant.
342 986 486 1046 crasssior
498 984 545 1044 hic
562 995 591 1045 et
606 985 787 1061 fruticosior,
804 985 957 1063 magisque
969 987 1130 1050 etiam-113

72 1089 133 1132 num
154 1072 261 1132 tertius
283 1071 333 1149 qui
355 1078 478 1130 vocatur
497 1069 726 1130 holoschoenus.
765 1087 803 1128 ex
825 1068 869 1128 his
891 1069 1086 1130 melancranis

44 1158 132 1218 sosine
155 1155 222 1215 aliis
244 1154 404 1232 generibus
426 1155 571 1230 nascitur,
600 1172 675 1229 oxys
697 1162 792 1214 autem
815 1162 844 1212 et
865 1153 1085 1214 holoschoenus

74 1241 175 1300 eodem
202 1241 346 1318 caespite.
385 1237 553 1298 utilissimus
583 1239 619 1299 ad
642 1237 731 1298 vitilia
758 1235 993 1313 holoschoenus,
1021 1239 1086 1317 quia

73 1324 165 1384 mollis
192 1333 221 1384 et
249 1340 390 1384 carnosus
410 1333 465 1384 est.
497 1323 555 1383 fert
578 1323 702 1383 fructum
725 1339 847 1381 ovorum
869 1322 1086 1383 cohaerentium

73 1408 166 1468 modo.
204 1409 335 1468 nascitur
359 1417 455 1467 autem
475 1416 504 1467 et
523 1408 548 1467 is
571 1423 657 1486 quem
681 1422 791 1466 marem
814 1405 1027 1485 appellavimus
1050 1427 1087 1467 ex

74 1493 232 1571 semetipso
249 1493 399 1559 cacumine
416 1493 445 1550 in
460 1500 567 1552 terram
579 1490 695 1565 defixo,
712 1491 905 1550 melancranis
922 1501 1018 1552 autem
1032 1507 1085 1551 suo

41 1602 64 1642 ιι
75 1578 191 1638 semine.
217 1577 326 1655 alioqui
343 1577 472 1636 omniurn*
484 1575 600 1636 radices
615 1573 747 1635 omnibus
764 1575 845 1634 anuis
862 1575 1129 1642 internorum-114

71 1671 123 1721 tur.
145 1677 216 1720 usus
233 1661 268 1721 ad
283 1677 386 1720 nassas
402 1662 542 1736 marinas,
558 1659 677 1720 vitilium
691 1659 883 1736 elegantiam,
900 1659 1085 1720 lucernarum

71 1745 189 1821 lumina,
205 1745 366 1824 praecipua
377 1743 521 1816 medulla,
538 1742 724 1822 amplitudine
739 1745 818 1803 iuxta
830 1744 985 1804 maritimas
998 1743 1084 1821 Alpis

69 1838 146 1889 tanta
170 1839 202 1889 ut
224 1831 317 1889 inciso
338 1837 441 1889 ventre
462 1827 592 1906 inpleant
614 1845 708 1907 paene
729 1826 877 1888 unciarum
892 1826 1083 1903 latitudinem,

69 1915 99 1973 iu
112 1913 254 1992 Aegypto
281 1929 352 1974 vero
376 1911 571 1988 cymbiorum,
594 1911 774 1989 longitudine
790 1928 848 1972 non
866 1912 930 1973 aliis
954 1911 1081 1972 utiliore.

38 1995 192 2070 eoQuidam
209 1999 363 2057 etiamnum
377 2014 462 2056 uuum
477 2014 571 2074 genus
586 1996 695 2056 iaciunt
714 1996 791 2056 iunci
806 1997 941 2074 trianguli
955 2029 999 2042 -ν
1014 2015 1063 2071 cy·
1078 2008 1127 2062 115

71 2098 163 2160 peron
177 2089 285 2142 vocant
301 2115 352 2156 -,
369 2080 450 2141 multi
464 2099 537 2142 vero
555 2098 613 2141 uon
626 2080 775 2141 discernnt
791 2097 807 2140 a
821 2083 924 2161 cypiro
935 2081 1084 2142 vicinitate

70 2166 202 2225 nominis.
235 2183 289 2225 nos
305 2165 516 2244 distinguemus
531 2174 695 2244 utrumque.
726 2167 844 2243 cypirus
864 2175 910 2226 est
925 2165 1083 2243 gladiolus,

69 2258 99 2308 ut
120 2249 261 2326 diximus,
283 2248 383 2310 radice
404 2247 546 2324 bulbosa,
570 2249 784 2312 laudatissimus
807 2249 836 2309 in
857 2250 959 2310 insulis
982 2247 1080 2326 (breta,
1096 2271 1128 2307 ιιι

69 2333 135 2394 dein
155 2331 240 2393 Naxo
263 2342 293 2394 et
316 2343 420 2412 postea
441 2335 469 2392 in
486 2332 644 2394 Phoenice.
677 2330 796 2394 Cretico
819 2334 928 2394 candor
952 2333 1085 2412 odorque

38 2419 180 2476 soricinus
207 2417 317 2493 nardo,
344 2416 439 2478 Naxio
466 2419 581 2496 acrior,
609 2417 769 2479 Phoenicio
797 2418 933 2495 exiguum
959 2419 1083 2495 spirans,

68 2502 164 2562 nullus
179 2501 347 2580 Aegyptio,
363 2519 428 2561 nam
444 2511 473 2561 et
488 2501 528 2562 ibi
546 2503 684 2562 nascitur.
718 2501 844 2562 Discutit
861 2501 980 2562 duritias
997 2517 1061 2560 cor·
1075 2512 1127 2566 116

68 2603 181 2664 porum.
226 2588 283 2646 iam
313 2586 441 2647 remedia
475 2587 550 2646 euim
577 2586 723 2661 dicemus,
759 2586 893 2664 quoniam
923 2594 954 2645 et
982 2584 1085 2645 borum

68 2669 252 2750 odorumque
273 2671 377 2748 generi
402 2679 447 2731 est
469 2688 591 2748 magnus
614 2689 683 2730 usus
707 2671 736 2730 in
762 2669 914 2734 medicina.
945 2669 1024 2748 quod
1048 2669 1084 2730 ad

69 2756 192 2834 cypiron
215 2757 335 2831 attinet,
364 2753 578 2833 Apollodorum
605 2754 721 2833 quidem
748 2772 854 2833 sequar
881 2755 930 2833 qui
958 2753 1085 2832 negabat

39 2837 241 2915 ebibendum,
259 2856 433 2918 quamquam
447 2840 600 2918 professus
612 2839 846 2900 eilicacissimum
858 2856 926 2898 esse
943 2839 1084 2899 adversus

70 2922 202 2982 calculos
219 2940 253 2983 os
269 2941 306 2982 eo
322 2924 416 2983 fovet.
447 2924 561 2984 feminis
577 2922 693 3002 quidem
710 2922 828 2982 abortus
845 2923 946 2984 iacere
960 2941 1019 2987 uon
1033 2925 1082 2984 du·

69 3005 158 3082 bitat,
182 3008 343 3086 mirumque
367 3008 453 3069 tradit
473 3007 615 3069 barbaros
637 3007 761 3068 suiiitum
777 3007 859 3067 buius
875 3007 985 3070 herbae
1003 3010 1081 3068 exci-

69 3090 175 3167 pientis
200 3108 253 3151 ore
275 3091 371 3151 lienes
395 3109 567 3153 consumere
586 3102 615 3152 et
635 3109 692 3152 uon
709 3091 810 3168 egredi
827 3092 958 3153 domibus
975 3093 1030 3152 nisi
1046 3091 1082 3152 ab
1143 3169 1145 3172 Ι

70 3173 126 3234 boc
151 3173 259 3235 suilitu.
279 3177 460 3253 ·vegetiores
482 3178 556 3236 enim
578 3177 780 3254 iirmiorcsquc
801 3178 844 3237 sio
863 3178 948 3237 etiam
969 3177 998 3236 iu
1019 3176 1082 3236 dies

43 3257 149 3324 uberi,
180 3261 394 3338 intertriginum
415 3270 444 3320 et
464 3261 573 3322 alarum
596 3261 672 3321 vitiis
695 3260 992 3339 perfrictionibusque
1019 3278 1082 3319 cum

72 3341 139 3402 oleo
156 3344 268 3404 inlitum
282 3361 341 3404 non
356 3344 442 3405 dubie
458 3345 578 3406 mederi.

132 3428 219 3507 (70.)
244 3425 380 3507 cyperos
398 3431 498 3491 iuncus
517 3438 578 3506 est,
596 3428 721 3508 qualiter
736 3427 1124 3508 diximus,'angulosus,117

71 3508 271 3574 iuxtaterram
288 3513 438 3590 candidus,
456 3514 605 3580 cacumine
620 3515 704 3592 niger
719 3514 904 3592 pinguisque.
936 3512 1007 3572 lolia
1023 3514 1076 3560 ima
1090 3511 1124 3544 ¹¹⁵
