2396 3922
172 223 229 288 102
305 213 311 216 ’
487 233 806 284 c.rnrrv1amouuor
893 191 898 204 ’

167 400 244 450 stare
260 407 349 468 posse
369 388 568 464 intellegeret,
591 389 754 448 iuuantibus
774 391 885 449 cunctis
909 397 939 447 nt
961 399 1054 448 essent
1074 409 1132 450 vem

157 475 241 552 'quae
257 472 392 533 laoillima
410 480 508 547 erant,
533 473 694 531 universum
715 489 810 551 prope
825 473 972 532 humanum
987 491 1073 548 genus
1089 475 1132 532 cir·

166 559 290 634 conlegit
316 557 344 613 in
370 574 402 615 se
427 572 484 614 non
506 554 563 614 alio
584 554 669 614 modo
695 573 779 633 quam
801 557 826 614 si
848 555 932 615 caelo
948 555 1082 616 demissus
1095 557 1133 616 ad-

165 643 301 699 venisset.
730 687 732 692 .

50 703 54 722 ³
122 732 156 785 14
231 723 293 800 (8.)
316 719 461 780 Trahehat
476 730 628 799 praemea
644 721 746 780 mentis
761 721 882 780 artihoio
906 723 1015 782 animos
1035 725 1086 782 iam
1101 725 1152 780 ria

163 824 228 864 num
246 804 439 884 promittendo
457 806 554 880 aegris
577 805 727 882 dandoque
743 807 926 883 tempestive,
944 807 1000 864 iam
1019 805 1137 882 frigidam

163 906 276 966 aquam,
294 897 323 946 et
338 891 470 965 quoniam
486 903 587 947 causas
602 887 765 946 morborum
781 890 903 947 serutari
916 889 997 966 prius
1010 888 1136 967 Herophi-
1173 887 1175 928 ἕ

163 972 208 1032 lus
222 973 396 1047 instituerat,
413 971 470 1030 vini
485 972 624 1030 rationem
639 972 841 1030 inlustraverat
858 969 1056 1050 Cleophantus
1076 971 1137 1049 apud

163 1058 295 1133 priscos,
322 1058 387 1132 ipse
410 1057 604 1130 cognominari
626 1072 659 1113 se
681 1053 785 1130 lrigida
809 1053 901 1114 danda
920 1055 1101 1133 praeferens,
1115 1063 1136 1112 ut

163 1149 264 1198 auctor
284 1147 329 1197 est
343 1137 380 1197 ht.
396 1138 506 1211 Varro,
528 1138 583 1196 alia
603 1155 719 1215 quoque
741 1136 933 1197 blandimenta
954 1137 1157 1214 excogitabatur

160 1225 217 1280 iam
240 1221 444 1300 suspendendo
463 1219 586 1280 lectulos
604 1238 725 1298 quorum
744 1223 849 1280 iactatu
865 1229 912 1280 aut
931 1221 1052 1280 morbos
1072 1231 1137 1280 exte
1174 1269 1175 1272 ,

161 1314 263 1364 nuaret
278 1313 325 1364 aut
337 1320 453 1364 somnos
465 1303 614 1380 addiceret,
630 1307 685 1364 iarn
701 1303 820 1363 balneas
838 1303 1000 1365 avidissima
1012 1305 1138 1365 hominum
1174 1303 1175 1384 ᾗ

164 1387 298 1465 cupidine
314 1385 486 1446 instituendo
502 1395 531 1446 et
545 1387 602 1448 alia
621 1389 708 1448 multa
722 1389 799 1447 diem
814 1396 896 1462 grata
910 1397 999 1465 atque
1020 1387 1137 1459 iucunda,
1174 1391 1175 1430 ι

119 1483 152 1536 15
165 1488 267 1546 magna
286 1472 445 1532 auctoriate
461 1487 517 1529 mcc
531 1473 641 1530 minore
659 1472 751 1546 larua,
774 1488 838 1529 oum
858 1474 1039 1530 occurrisset
1052 1474 1139 1548 ignoto

160 1554 263 1628 funeri,
279 1553 372 1613 relato
387 1553 502 1613 homine
517 1553 552 1612 ab
568 1571 642 1630 rogo
658 1563 746 1634 atque
761 1563 888 1630 servato,
906 1571 943 1634 ne
959 1557 1026 1632 quis
1040 1554 1138 1614 levibus
1145 1433 1175 1710 ¹4

160 1639 311 1696 momentis
325 1646 432 1696 tantam
450 1639 669 1697 conversionem
686 1638 790 1698 iactam
815 1638 968 1696 existimet.
1017 1638 1046 1696 id
1060 1637 1137 1698 solun
1173 1711 1174 1714 Ἴ

162 1736 313 1800 possumus
335 1720 494 1796 indignari,
518 1739 600 1780 ununr
623 1720 765 1780 hominem
786 1720 963 1780 elevissima
978 1731 1069 1798 gente
1087 1723 1136 1778 sine

45 1799 49 1810 “
161 1805 264 1882 opibus
281 1803 347 1862 ullis
369 1821 465 1862 orsum
483 1804 635 1881 vectigalis
650 1805 693 1864 sui
710 1821 796 1863 causa
812 1813 936 1880 repente
951 1803 1038 1880 leges
1053 1804 1136 1863 salutis

159 1885 280 1946 humano
297 1889 398 1962 generi
414 1886 540 1962 dedisse,
557 1905 627 1964 quas
641 1897 734 1947 umen
747 1896 849 1965 postea
863 1886 1047 1962 abrogavere
1062 1886 1136 1945 multi.
1173 1889 1174 1892 ’

119 1980 152 2034 16
164 1968 361 2046 Asclepiaden
382 1969 518 2030 adiuvere
534 1970 621 2030 multa
641 1972 670 2029 in
684 1972 862 2052 antiquorum
882 1987 950 2029 cura
964 1971 1050 2028 nimis
1067 1970 1136 2029 auria

110 2089 111 2094 κ
160 2062 189 2112 et
212 2053 302 2127 rudia,
324 2061 354 2110 ut
376 2052 514 2111 obruendi
533 2071 638 2130 aegros
658 2063 740 2112 veste
761 2051 941 2129 sudoresque
966 2054 1045 2112 onrni
1063 2053 1136 2112 moda

160 2135 263 2210 ciendi,
277 2153 351 2193 nuno
369 2152 492 2213 corpora
509 2137 545 2196 ad
559 2137 633 2212 ignis
647 2136 775 2196 torrendi
792 2136 908 2196 solesve
925 2134 1048 2195 adsiduo
1064 2153 1136 2214 quae

158 2217 239 2278 rendi
257 2219 285 2276 in
300 2217 370 2278 urhe
385 2209 530 2296 uimhhsa‚
554 2221 637 2278 immo
656 2237 728 2279 vero
741 2228 801 2278 tota
823 2218 904 2280 ltalia
922 2218 1056 2280 imbrium
1070 2235 1135 2277 crea

158 2304 247 2377 trice,
269 2310 326 2360 turm
342 2303 460 2380 primurm
475 2303 580 2380 pensili
596 2303 770 2363 balinearum
783 2321 836 2361 usu
856 2303 891 2362 ud
912 2302 1052 2362 inlinitum
1069 2301 1134 2360 blan·
1169 2305 1175 2376 l¹

60 2384 65 2391 ⁴
118 2395 150 2450 17
162 2383 296 2444 dientem.
330 2395 481 2463 praeterea
499 2388 527 2444 iu
550 2385 716 2465 quibusdam
731 2385 838 2444 morbis
851 2385 983 2446 medendi
1005 2379 1175 2464 cruciamen}

158 2468 295 2545 detraxit,
321 2471 394 2528 utin
410 2469 536 2545 anginis,
565 2487 636 2547 quas
658 2467 795 2529 curabant
815 2471 843 2528 in
863 2469 956 2528 faucis
972 2486 1082 2546 organo
1097 2467 1133 2526 de·
1173 2495 1175 2500 a

147 2552 256 2610 misso.
302 2551 444 2612 damnavit
467 2554 569 2611 merito
596 2562 625 2610 et
647 2554 818 2612 vomitiones
837 2561 904 2611 tuno
926 2570 1015 2630 supra
1036 2551 1133 2611 modum
1174 2611 1175 2630 ἶ

157 2634 327 2710 frequentis.
356 2637 447 2711 arguit
462 2644 491 2692 et
507 2634 777 2695 medicamentorum
792 2643 877 2714 potus
892 2635 1045 2695 stomacho
1059 2633 1131 2694 inimi·

159 2733 221 2792 eos,
238 2717 314 2794 quod
330 2727 375 2777 est
389 2733 491 2793 magna
506 2735 544 2776 ex
559 2727 641 2797 parte
656 2735 764 2778 verum.
809 2720 908 2795 itaque
928 2734 983 2778 nos
1004 2721 1033 2776 in
1051 2717 1132 2796 primis
1174 2755 1175 2758 ,

157 2809 310 2877 quaesunt
327 2802 474 2860 stomacho
491 2801 570 2860 utilia
588 2803 742 2878 signamus.
1137 2811 1153 2852 a

116 2892 177 2946 18¹
223 2884 252 2940 4.
275 2883 337 2961 (9.)
361 2885 560 2961 Superomnia
576 2884 712 2944 adiuvere
728 2901 792 2944 eum
809 2884 938 2960 magicae
956 2881 1132 2942 vanitates'm
1174 2877 1175 2886 ’

108 2970 110 2974 ’
156 2973 263 3024 tantum
284 2974 404 3026 evectae
427 2976 457 3026 ut
481 2967 625 3044 abrogare
650 2967 746 3026 herbis
770 2967 854 3026 fidem
878 2969 988 3025 cunctis
1009 2971 1130 3044 possent:

158 3047 332 3126 Aethiopide
354 3049 444 3109 herba
464 3052 554 3111 amnis
571 3068 607 3108 ac
622 3058 722 3126 stagna
744 3051 849 3109 siccari
871 3047 1046 3123 condendis,
1068 3053 1130 3106 tactu
1173 3085 1175 3130 ,

157 3131 255 3192 clausa
272 3133 365 3191 omnia
377 3135 497 3210 aperiri,
510 3132 725 3192 Achaemenide
737 3135 870 3192 coniecta
880 3133 907 3190 in
919 3132 1013 3191 aciem
1023 3131 1130 3191 hostium
1172 3131 1175 3180 i

154 3215 303 3292 trepidare
319 3216 430 3290 agmina
451 3223 583 3292 asterga
602 3217 684 3290 vorti,
700 3215 813 3275 latacen
828 3216 888 3275 dari
911 3214 1023 3274 solitam
1044 3213 1150 3274 alera
1171 3183 1175 3294 Ι

107 3357 108 3362 ,
154 3315 252 3356 sarum
267 3315 339 3372 rege
357 3297 477 3372 legatis,
499 3307 527 3356 ut
542 3315 722 3376 quocumque
743 3301 889 3358 venisseut
903 3299 1026 3357 omnium
1047 3311 1128 3355 rerum
1173 3295 1175 3374 l

114 3389 148 3442 19
162 3381 246 3453 copia
262 3378 443 3453 abundarent,
460 3397 493 3438 ac
508 3381 594 3439 multa
609 3381 720 3440 similia.
747 3381 859 3442 ubinam
874 3383 946 3440 istae
964 3381 1061 3455 luere,
1077 3393 1127 3436 cum
1173 3377 1175 3468 Ι

158 3455 262 3517 Cimbri
278 3459 455 3536 Teutonique
469 3460 588 3521 terribili
600 3462 691 3522 Marte
705 3463 857 3541 ulularent,
874 3473 922 3524 aut
933 3481 997 3522 cuna
1009 3461 1128 3524 Lucullus
1173 3469 1175 3548 l
