2370 3922
203 254 283 302 nan.
298 252 389 300 mss.
406 251 523 302 xxruru
541 246 583 303 to,
597 247 637 299 11.
660 241 812 320 (st—sa.)
965 243 1011 306 49

27 407 161 482 arborum,
188 407 367 470 comantibus
395 408 542 468 acinorum
563 409 718 483 corymbis.
750 416 851 468 contra
866 417 1010 468 renenma

27 493 103 556 onnia
137 491 329 552 efficacissimi
371 492 401 550 iu
435 498 526 550 totum
567 491 714 553 acinorum
739 508 809 552 suco
850 491 1008 553 infantibus

26 593 99 652 saepo
116 573 257 636 instillato
279 573 355 634 nulla
374 581 480 652 postea
502 591 615 634 venena
632 577 771 636 nocitura.
810 574 932 634 alterum
954 592 1008 651 ge·
1101 582 1103 592 '

26 657 151 718 ausculta
165 675 262 718 amare
279 665 310 716 et
325 659 354 716 in
368 657 413 718 bis
435 657 532 734 gigni,
553 655 657 720 nullius
680 659 810 721 allectus.
838 658 924 718 illam,
935 675 1005 718 esse

14 741 139 800 milacem
153 743 285 818 priorem
305 742 386 800 euius
408 739 515 817 liguum
539 740 573 801 ad
593 743 670 800 auris
693 759 798 800 souare
819 741 949 802 diximus.
974 741 1052 784 “¹¹⁵⁵

4 837 5 840 ’
26 823 135 882 Similem
150 823 219 884 huic
234 823 322 900 aliqui
340 823 491 884 clematida
509 823 747 901 appellaverunt,
773 833 925 901 repentem
948 833 1051 902 perfla

27 907 147 982 arbores,
179 907 371 984 geniculatam
387 915 417 966 et
439 909 538 984 ipsam.
564 907 635 968 lolia
657 910 719 968 eius
748 907 845 985 lepras
869 916 1006 986 purgant,

27 1007 108 1048 samen
119 990 215 1049 alvom
228 990 317 1050 solvit
328 989 471 1052 acetabuli
480 993 747 1069 mensurainaquae
759 990 872 1051 hemina
880 1000 927 1050 aut
934 1007 1007 1067 aqua

27 1071 105 1132 mulsa.
139 1073 223 1134 datur
237 1091 277 1133 ex
291 1073 393 1134 eadem
408 1091 493 1132 causa
505 1082 535 1132 et
551 1073 703 1136 decoctum
720 1076 791 1134 aius.

4 1161 22 1212 ,u
77 1158 119 1216 ll.
144 1157 228 1234 (50.)
258 1155 430 1216 harundinis
445 1174 555 1232 genera
571 1155 709 1218 XXVllll
732 1157 1048 1230 demonstravimus&

27 1255 70 1298 non
84 1238 167 1298 aliter
182 1239 368 1300 evidentiore
385 1239 436 1300 illa
455 1247 574 1300 naturae
594 1243 622 1300 vi
645 1259 728 1317 quam
750 1241 893 1300 coutinuis
916 1236 1050 1321 lris¹⁶·„¹,“

28 1321 201 1383 voluminibus
216 1332 382 1399 tractamus,
399 1323 541 1400 siquidem
554 1322 719 1384 harundinis
735 1323 817 1383 radix
831 1323 956 1386 contrita
976 1330 1006 1382 et

27 1406 133 1482 inposita
148 1407 246 1466 felicis
263 1409 384 1484 stirpem
394 1423 521 1482 corpore
534 1406 669 1483 extrahit,
683 1409 753 1466 itam
764 1405 950 1468 harundinem
964 1406 1008 1466 le·

28 1486 77 1546 licis
98 1491 187 1550 radix.
222 1499 253 1550 et
273 1491 407 1568 quoniam
427 1489 511 1568 plura
530 1507 641 1566 genera
657 1489 794 1565 fecimus,
815 1490 865 1550 illu
879 1507 953 1566 quac
975 1491 1007 1548 iu

7 1569 265 1650 uiudaeaSyriaque
284 1575 411 1632 nascitur
427 1572 548 1632 odorum
564 1582 833 1650 unguentorumque
845 1590 931 1632 causa
948 1575 1005 1632 uri-

29 1672 76 1712 nam
92 1665 188 1716 movet
203 1675 268 1717 cum
282 1658 412 1734 gramine
426 1663 473 1716 aut
491 1658 537 1733 api
554 1658 664 1716 semina
674 1656 872 1730 decocta‚ciet
882 1663 912 1714 ot
927 1673 1007 1714 men-

29 1745 90 1796 strua
112 1740 234 1800 admota.
263 1740 394 1800 medetur
414 1738 563 1799 convolsis
579 1739 690 1800 duobus
714 1739 809 1800 obolis
826 1747 913 1816 pota,
932 1739 1049 1802 ioci-86

30 1823 92 1896 nari,
107 1824 245 1899 renibus,
267 1823 407 1900 hydropi,
423 1823 496 1884 tussi
511 1823 598 1882 etiam
612 1822 709 1882 sullitu
720 1824 869 1900 magisque
881 1839 945 1882 cum
959 1839 1008 1880 re·

31 1904 90 1980 sina,
104 1905 264 1967 furfuribus
278 1906 463 1982 ulcerumque
479 1905 657 1966 manantibus
678 1923 740 1966 cum
763 1923 857 1966 murra
873 1905 1004 1964 decocta.

8 1989 152 2064 concipitur
174 1999 205 2050 et
227 2009 314 2050 sucus
329 1991 393 2048 eius
409 1989 499 2065 litque
516 1988 639 2050 elaterio
657 1988 767 2050 similis.
806 1988 1005 2048 efficacissima

30 2067 130 2130 inomni
145 2071 306 2132 harundine
321 2088 395 2150 quae
411 2089 550 2149 proxuma
564 2072 665 2148 radici,
684 2072 847 2132 efficaciora
861 2071 1003 2149 genicula.

30 2147 136 2214 harundo
150 2154 270 2234 Cypria,
283 2174 357 2234 quae
370 2155 466 2216 donax
477 2163 607 2231 vocatur,
618 2157 736 2216 corticis
746 2159 845 2219 cinere
856 2155 1005 2232 alopecias

32 2237 159 2315 amendat,
173 2242 244 2300 item
266 2241 464 2317 putrescentia
484 2237 590 2298 ulcera.
622 2238 700 2300 loliis
721 2240 784 2298 eius
799 2238 834 2298 ad
847 2237 1046 2302 extrahes-Gt

32 2313 195 2382 dosaculoos
217 2331 352 2399 utuntur,
374 2321 540 2383 efficacibus
559 2330 589 2381 et
609 2331 710 2382 contra
731 2324 807 2399 ignis
824 2339 924 2390 sacros
944 2320 1004 2380 col-

8 2395 212 2483 alectiouosque
237 2408 337 2466 omnis.
368 2405 498 2490 volgaris
511 2404 640 2464 harundo
661 2406 865 2466 extractoriam
884 2405 942 2462 vim
956 2403 1005 2462 ha·

33 2479 71 2542 bet
84 2495 109 2544 at
124 2507 228 2548 recens
250 2497 350 2564 tunsa,
371 2507 429 2550 non
451 2491 481 2546 in
500 2488 598 2548 radice
612 2496 733 2563 tautum,
755 2487 872 2546 multum
886 2487 961 2546 enim
973 2495 1005 2544 et

33 2564 104 2640 ipsam
115 2569 301 2632 harundinem
317 2573 417 2635 valere
434 2571 555 2632 tradunt.
583 2571 714 2634 medetur
735 2580 765 2630 et
780 2568 884 2629 luxatis
901 2575 932 2627 ot
946 2571 1005 2644 spi-

34 2664 74 2707 nae
87 2651 232 2715 doloribus
247 2655 329 2714 radix
350 2658 379 2714 in
394 2663 477 2714 aceto
493 2654 591 2730 inlita,
608 2654 708 2713 eadem
724 2671 827 2712 recens
850 2654 917 2710 trita
931 2659 961 2711 et
975 2653 1004 2708 in

35 2732 85 2792 rino
97 2746 161 2812 pota
179 2757 318 2798 veneram
333 2740 466 2800 concitat.
500 2737 685 2798 harundinum
702 2735 808 2812 lanugo
830 2733 911 2793 inlita
931 2736 1005 2794 auri-

12 2809 74 2874 ubus
88 2822 213 2896 optundit
228 2822 359 2882 auditum.

82 2901 155 2980 (51.)
189 2903 319 2982 Cognata
347 2907 376 2968 iu
396 2905 534 2982 Aegypto
554 2922 603 2962 res
628 2911 673 2964 est
688 2901 835 2962 harundini
851 2912 1048 2980 papyrum&

35 2987 186 3064 lutecipuae
210 2989 359 3065 utilitatis,
375 3007 438 3048 cunn
459 2988 580 3062 inaruit,
596 2986 631 3047 ad
647 2984 781 3044 laxandas
797 2985 1004 3062 siccandasque

36 3059 124 3128 dstulas
142 3079 170 3128 et
185 3072 404 3133 intumescendo
420 3072 454 3131 ad
476 3072 623 3130 introitum
642 3068 912 3130 medicamentorum
935 3085 1004 3145 ape·

36 3144 138 3210 riondas.
174 3154 272 3216 charta
294 3174 368 3232 quae
390 3155 421 3214 bt
443 3172 481 3214 ex
509 3171 546 3214 eo
568 3161 693 3217 cremata
714 3153 791 3211 inter
806 3153 932 3212 caustica
948 3161 1004 3211 ost.

15 3225 95 3322 llinis
110 3238 168 3296 eius
190 3257 229 3298 ex
251 3241 318 3298 vino
337 3246 424 3317 potus
447 3253 576 3298 somnum
589 3237 675 3310 lacit,
701 3237 764 3313 ipsu
781 3254 820 3296 ex
832 3252 905 3314 aqua
921 3235 1004 3314 inpo-

38 3318 80 3370 sita
89 3317 184 3380 callum
200 3331 288 3381 sanat.
967 3363 970 3374 ,

85 3399 156 3478 (52.)
184 3403 228 3464 Ns
254 3407 283 3464 in
307 3407 445 3482 Aegypto
463 3404 577 3482 quidem
592 3404 718 3462 nascitur
735 3401 877 3476 hebenus,
897 3407 927 3459 ut
944 3399 1042 3464 ‹lo-aa

39 3477 137 3559 minus,
150 3496 366 3550 contractamus
384 3491 413 3548 in
424 3488 566 3550 medicina
583 3485 695 3548 alienos
711 3485 803 3562 orbis,
814 3484 961 3546 nonomit-
974 3482 1004 3521 ¹²·
1017 3481 1042 3516 ¹¹

76 3581 134 3628 nuru.
152 3590 211 3633 nur.
231 3593 300 3632 ursr.
317 3577 365 3632 IV.
822 3569 840 3627 4
982 3570 986 3574 ’
