2370 3922
145 319 149 328 μ
260 249 340 296 aar.
355 249 444 297 aaran.
460 251 568 296 xxnu.
586 240 860 316 11-13.(61-to.)
1005 241 1046 301 53

58 402 191 461 aculeatis
209 419 264 480 per
278 404 477 462 extremitates
493 413 526 463 et
541 421 681 464 araneosa
696 405 830 482 lanugine
846 405 986 464 obductis.
1012 423 1047 465 ea
1128 417 1132 431 ·

4 507 5 512 ¹
57 484 177 544 collecta
206 487 292 544 etiam
323 495 422 546 vestes
444 488 582 564 quaedam
607 486 786 562 bombycinis
802 489 910 547 similes
933 490 1003 548 liunt
1018 491 1047 548 iu

57 570 177 628 oriente.
210 571 274 646 ipsa
294 569 363 628 lolia
393 570 441 629 vel
463 571 576 630 radices
597 572 631 630 ad
650 571 778 630 remedia
800 571 979 648 opisthotoni
1004 571 1046 630 bi·

56 653 166 710 buntur.

4 743 5 750 ³
39 763 50 800 a
113 735 198 812 (67.)
227 735 265 794 Et
279 735 374 795 acacia
391 745 437 795 est
450 738 539 813 spina.
567 737 598 794 lit
610 737 640 796 in
655 739 794 814 Aegypto
807 737 871 796 alba
887 740 1026 815 nigraque
1039 750 1090 804 109

55 817 180 894 arbore,
206 820 275 878 item
292 818 394 895 viridi,
420 820 471 878 scd
497 818 586 896 longe
606 820 710 880 melior
731 839 748 878 e
772 821 927 897 prioribus
960 821 992 880 fit
1018 830 1048 881 et

4 909 5 966 j
56 903 80 958 in
97 899 209 960 Galatia
225 902 378 961 deterrima
395 905 562 980 spinosiore
578 902 694 962 arbore.
727 902 832 961 Samen
850 906 973 962 omnium
984 898 1053 964 len-'

4 983 6 1012 ³
56 983 158 1042 aculae
175 985 292 1060 simile,
315 987 426 1044 minore
445 993 551 1044 tantum
564 994 594 1045 et
610 1003 701 1062 grarm
718 994 748 1044 et
764 986 904 1046 lolli-culo.
934 986 1047 1064 colligi·

4 1059 8 1101 l
56 1075 99 1125 tur
115 1075 269 1144 autumno,
285 1077 352 1127 ante
368 1068 524 1128 collectum
540 1071 626 1128 nimio
643 1068 771 1129 validius.
803 1071 946 1146 spissatur
961 1087 1046 1129 sucus

4 1128 13 1222 1
26 1173 48 1214 ιι
57 1167 92 1209 ex
108 1149 248 1209 folliculis
271 1167 343 1228 aqua
360 1150 480 1211 caelesti
496 1153 639 1229 periuris,
654 1169 722 1211 mox
736 1155 764 1210 in
776 1153 834 1229 pila
844 1153 935 1210 tunsis
950 1156 1047 1230 expri-

4 1225 9 1282 l
55 1235 137 1291 mitur
158 1235 293 1310 organis,
323 1242 391 1293 tunc
411 1235 548 1294 densatur
560 1238 590 1294 in
614 1235 678 1294 sole
698 1237 843 1296 mortariis
861 1237 890 1293 in
906 1235 1046 1312 pastillos.

56 1317 85 1374 lit
107 1324 138 1375 et
158 1317 238 1376 foliis
258 1319 350 1376 minus
372 1319 483 1378 efficax.
513 1317 547 1377 ad
570 1321 649 1378 coria
668 1319 843 1396 perficienda
864 1321 974 1378 semiue
993 1335 1048 1397 pro

5 1398 13 1432 ³'
55 1399 128 1475 galla
146 1408 272 1468 utuntur.
303 1400 438 1460 loliorum
460 1419 546 1460 sucus
566 1410 597 1461 et
612 1400 757 1460 Galaticae
775 1403 890 1460 acaciae
905 1404 1027 1479 nigerri·
1038 1414 1091 1466 110

4 1479 9 1491 ’
55 1500 113 1540 mus
130 1483 318 1559 inprobatur,
342 1485 413 1542 item
435 1486 481 1561 qui
498 1483 583 1543 valde
602 1484 691 1543 ruins.
719 1501 863 1562 purpureo
884 1493 932 1543 aut
951 1486 1048 1545 leuco-

6 1579 7 1587 *
25 1591 49 1630 15
57 1565 145 1642 placa
162 1574 192 1625 et
209 1583 282 1643 qnae
297 1566 432 1626 facillime
447 1567 563 1626 diluitur
584 1569 612 1626 vi
632 1583 737 1626 summa
756 1568 790 1626 ad
811 1567 989 1644 spissandum
1002 1587 1048 1627 re-

4 1679 8 1686 ·
56 1649 305 1727 frigerandumque
321 1659 383 1725 est,
403 1649 550 1709 oculorum
568 1649 783 1709 medicamentis
800 1659 867 1708 ante
882 1648 937 1708 alia
958 1651 1046 1710 utilis.
1144 1693 1153 1711 .

57 1732 184 1790 lavantur
199 1734 229 1790 in
247 1737 300 1792 eo's
317 1751 386 1792 usus
402 1733 522 1811 pastilli,
543 1733 578 1792 ala
596 1732 660 1792 aliis
677 1741 835 1808 torrentur,
851 1733 886 1792 ab
903 1733 967 1792 aliis
981 1751 1047 1810 per·

4 1816 11 1876 i
57 1824 181 1873 uruntur.
212 1815 348 1893 capillum
378 1819 508 1893 tingunt,
537 1824 639 1876 sanant
665 1817 761 1892 iguem
790 1833 919 1892 sacrum,
949 1817 1048 1876 ulcera

7 1897 8 1953 Ξ
57 1915 126 1973 quae
145 1907 266 1976 serpunt
284 1907 315 1958 et
330 1900 421 1959 umida
438 1902 507 1958 vitia
522 1901 672 1977 corporis,
689 1898 892 1974 collectiones,
910 1900 1047 1959 articulos

5 1966 230 2056 locontunsos,
247 1984 425 2059 perniones,
437 1985 578 2060 pterygia.
608 1981 805 2042 abundantiam
819 2000 946 2042 mensum
963 1985 991 2042 in
1007 1984 1048 2042 fe-

5 2069 8 2104 ;
57 2065 134 2122 minis
151 2065 258 2124 sistunt
276 2065 446 2142 vulvamque
467 2075 498 2125 et
513 2066 612 2125 sedem
627 2066 823 2142 procidentis,
845 2068 915 2124 item
934 2066 1048 2143 oculos,

5 2153 7 2170 ³
61 2149 115 2205 oris
132 2147 233 2209 ulcera
249 2156 280 2207 et
298 2147 473 2225 genitalium.

5 2261 6 2272 ι
120 2231 168 2291 13.
194 2229 278 2309 (68.)
320 2231 457 2308 Volgaris
477 2248 594 2308 quoque
616 2233 688 2292 lraeo
709 2235 791 2309 spina
812 2251 849 2291 ex
867 2249 922 2308 qua
937 2251 1027 2292 aenae
1040 2245 1087 2297 111

6 2341 7 2344 “
62 2311 192 2372 fulloniae
210 2314 357 2391 inplentur
372 2314 476 2374 radicis
492 2333 561 2373 ursus
573 2315 669 2374 habet.
699 2333 755 2393 per
768 2314 918 2393 Hispanias
934 2315 1048 2390 quidem

32 2397 131 2454 aauulti
147 2405 178 2456 et
196 2399 274 2455 inter
292 2398 401 2456 odores
417 2398 496 2457 etad
511 2406 656 2473 unguenta
672 2405 788 2456 utuntur
803 2398 851 2457 1111
872 2397 1049 2474 aspalathum

6 2471 8 2558 1
59 2488 201 2540 vocantes.
245 2489 292 2539 est
318 2483 381 2540 sine
407 2481 494 2540 dubio
518 2479 575 2538 hoo
598 2483 713 2540 nornine
736 2483 817 2557 spina
844 2479 988 2557 silvestris
1018 2482 1048 2538 in

6 2559 8 2642 1
61 2564 185 2639 oriente,
204 2572 236 2621 ut
254 2564 387 2639 diximus,
404 2563 533 2639 candida,
547 2563 741 2640 magnitudine
765 2563 878 2620 arboris
895 2563 1000 2635 iustae,
1015 2580 1044 2621 ιι,
1056 2580 1091 2614 ιιο

59 2644 134 2722 (69.)
150 2646 204 2705 sed
217 2653 248 2705 et
260 2647 359 2705 frutex
377 2646 521 2721 humilior,
538 2663 631 2723 aeque
647 2648 799 2724 spinosus,
820 2646 849 2702 in
868 2642 975 2717 Nisyro
995 2651 1088 2705 et112

7 2723 8 2728 ’
59 2725 234 2787 Rhodiorum
259 2728 378 2804 insulis,
409 2747 492 2806 quern
519 2728 566 2788 alii
592 2724 837 2805 erysisceptrum,
864 2725 912 2784 alii
937 2725 1048 2803 adipsa-

34 2810 159 2888 actleou,
187 2812 253 2887 Syri
275 2812 413 2887 diaxylon
437 2820 550 2870 vocant.
581 2821 712 2888 optumus
733 2810 779 2886 qui
801 2809 922 2867 minume
942 2808 1048 2868 ferula·
1140 2848 1144 2856 -

61 2911 139 2970 ocus,
155 2894 266 2954 rubeus
283 2897 375 2953 autin
392 2911 546 2973 purpuram
559 2912 687 2970 vergens
702 2894 832 2952 detracto
847 2893 966 2950 cortice.
1001 2907 1049 2950 na·

60 2972 291 3054 scitur'pluribus
309 2976 404 3053 locis,
424 2977 475 3036 sed
493 2994 550 3036 non
564 2975 672 3052 ubique
686 2975 831 3035 odoratus.
867 2991 949 3052 quam
970 2976 1027 3032 vim
1039 2985 1090 3038 113

61 3058 175 3119 haberet
193 3061 317 3120 caelesti
333 3077 400 3118 arcu
412 3062 442 3118 in
457 3077 521 3118 enm
539 3061 637 3118 innixo
656 3058 786 3117 diximus.
817 3067 898 3117 sanat
912 3065 1041 3116 taetram.
1054 3069 1090 3110 tat

63 3145 116 3200 oris
131 3143 231 3202 aloem
246 3151 426 3219 ettozaenas,
444 3143 581 3219 genitalia
597 3140 763 3200 exulcerata
779 3149 828 3200 aut
843 3139 1046 3200 carbunculan-

35 3226 106 3301 aatia,
123 3229 192 3286 item
214 3227 369 3304 rhagadia,
394 3225 557 3285 inllationes
579 3231 648 3301 potu
672 3224 791 3284 discutit
813 3232 844 3283 et
861 3221 1045 3297 strangurias.
1147 3281 1155 3290 ,

64 3318 157 3368 cortex
173 3312 342 3386 sanguinem
358 3308 544 3368 reddentibus
558 3307 697 3366 medetur.
714 3307 863 3366 decoctum
875 3308 936 3364 eius
952 3303 1046 3362 alvom

65 3393 140 3450 sistit.
170 3393 276 3452 similia
290 3400 442 3471 praestare
458 3392 621 3450 silvestrem
637 3406 752 3467 qaroque
768 3395 874 3466 putant.

114 3475 196 3556 (70.)
225 3476 314 3554 Spina
331 3483 377 3535 est
388 3474 533 3552 appendix
548 3473 708 3551 appellata,
729 3472 860 3550 quoniam
875 3468 965 3528 bacae
980 3480 1089 3546 par-114
