2430 3896
240 226 521 276 usu.rr1su.xv1.
541 225 659 278 11-14.
681 214 835 292 (at-25.)
1003 215 1041 277 13

43 380 97 440 riri.
124 379 177 440 Pir
191 389 313 459 optuma
327 379 436 460 ubique
453 398 491 441 ex
505 381 613 460 apricis
634 381 778 460 aquilonis
793 383 867 457 situ,
887 400 926 442 ex
941 385 1042 460 opacis

41 463 176 526 horridior
192 465 338 543 virusque
354 465 537 545 praeferens,
560 465 666 543 frigida
681 464 777 525 hieme
795 466 926 526 deterior
941 484 976 527 au
991 469 1043 528 uni·

40 569 86 610 aus
95 551 217 628 copiosa
229 544 261 610 e‘t
274 549 408 611 decolor.
430 550 546 630 quidam
555 549 729 611 arbitrantur
740 551 769 610 in
780 553 940 611 montuosis
953 554 1039 632 copia
1052 563 1086 616 60

40 636 279 714 praestantiorem
293 653 330 696 ac
349 635 450 695 colore
464 643 493 694 et
507 634 668 695 dulciorem
684 635 762 710 lieri,
786 636 908 696 odorem
924 653 1042 715 quoque

22 721 207 797 spretionem,
226 719 294 779 dum
310 721 408 780 resina
423 721 475 794 sit,
493 719 645 780 decoctam
660 728 756 781 autem
772 721 864 780 miuus
880 721 954 799 picis
976 723 1042 783 red·

39 804 110 881 dere,
127 803 269 882 quoniam
283 805 312 863 in
327 822 425 866 serum
441 803 538 880 abeat,
553 805 763 884 tenuioresque
780 822 847 865 esse
861 807 940 884 ipsas
956 805 1041 867 arbo·

37 907 78 948 rea
97 906 186 968 quam
208 889 237 946 in
259 887 372 967 planis,
400 888 455 949 sed
474 888 527 950 bas
548 897 578 949 et
595 888 661 951 illas
683 891 843 950 serenitate
866 889 1040 950 steriliores.

37 971 166 1033 umerum
182 972 329 1051 quaedam
343 983 486 1052 proxumo
505 991 579 1034 anno
601 972 638 1034 ab
658 974 749 1034 incisu
767 975 944 1052 largiuntur,
966 974 1041 1035 aliae

37 1057 172 1132 secundo,
194 1057 339 1135 quaedam
358 1059 455 1118 tertio.
489 1057 627 1136 expletur
640 1068 734 1119 autem
751 1059 839 1137 plaga
854 1059 967 1134 resina,
985 1076 1043 1119 non

12 1142 141 1204 noorbce
159 1160 219 1202 uec
231 1143 383 1219 cicatrice,
397 1144 510 1223 quaein
523 1142 578 1202 hac
592 1142 699 1203 arbore
707 1160 765 1203 nou
778 1145 846 1204 coit.
869 1145 952 1204 Inter
963 1143 1038 1204 haec
1050 1152 1082 1208 61

38 1245 140 1306 genera
154 1228 304 1306 propriam
314 1227 430 1306 quidam
440 1227 543 1288 iecere
558 1228 719 1307 sappirum,
730 1231 865 1307 quoniam
881 1247 919 1288 ex
933 1243 1041 1306 cogna-

39 1315 105 1373 tione
130 1313 235 1374 barum
258 1313 366 1372 seritur
387 1312 480 1391 qualis
502 1312 579 1372 diota
595 1321 641 1372 est
663 1313 692 1372 in
716 1312 845 1389 nucleis,
872 1313 1014 1373 eiusdem·
1029 1330 1081 1372 uuo

38 1414 85 1474 que
98 1397 220 1458 arboris
235 1399 308 1458 imas
324 1399 414 1475 partis
433 1396 535 1457 taedas
552 1405 675 1474 vocant,
699 1414 763 1458 cum
783 1398 820 1458 sit
835 1397 885 1458 illa
897 1396 986 1459 arbor
1001 1397 1041 1456 nil

37 1480 105 1542 aliud
123 1499 214 1560 quarn
231 1483 318 1560 picea
335 1480 459 1542 feritatis
471 1480 586 1560 paulum
598 1482 746 1559 mitigatae
759 1491 832 1542 satu.
858 1482 972 1562 sappini
992 1499 1039 1542 au-

13 1573 85 1625 ntem
99 1568 243 1627 materies
261 1583 412 1626 caesarum
427 1583 445 1624 e
462 1583 574 1643 genere
592 1565 633 1643 lit,
651 1567 735 1626 sicuti
753 1565 933 1627 docebimus.
1052 1585 1085 1622 aa

94 1651 147 1713 13.
174 1651 262 1730 (24.)
284 1649 425 1711 Materiae
441 1652 515 1710 enim
537 1667 625 1711 causa
640 1649 770 1729 reliquas
793 1649 916 1711 arbores
939 1657 1084 1714 maturauit

38 1738 129 1813 genuit
152 1736 448 1814 copiosissimamque
471 1735 622 1796 fraxinum.
652 1734 781 1796 Prooera
802 1735 877 1795 baec
894 1751 929 1794 ao
948 1743 1041 1809 teres,

38 1821 147 1897 pinnata
159 1829 190 1879 et
205 1821 269 1898 ipsa
284 1819 369 1896 lolio,
380 1820 557 1899 multumque
570 1817 689 1879 Homeri
700 1820 861 1898 praeconio
878 1827 907 1878 et
918 1817 1041 1880 Achillis

37 1903 285 1965 lastauobilitata.
301 1905 438 1966 materies
448 1913 493 1964 est
506 1904 542 1964 ad
554 1904 685 1983 pluruma
693 1903 780 1965 utilis.
794 1921 829 1964 ea
837 1903 951 1983 quidem
964 1921 1040 1982 quae

13 1988 65 2048 alt
83 1991 111 2050 in
131 1988 183 2050 lda
202 1988 330 2050 Troadis
352 1990 507 2049 interitum
528 1987 618 2048 cedro
641 1987 742 2049 similis
764 1997 794 2048 ut
817 1990 939 2048 ementis
958 1988 1041 2049 iallat

41 2073 144 2134 cortice
159 2073 272 2134 ablato.
296 2071 404 2134 Graeci
416 2073 474 2132 duo
487 2090 600 2151 genera
617 2075 681 2133 eius
693 2073 811 2133 iecere:
836 2072 954 2150 longara
969 2090 1039 2133 eno·
1050 2080 1084 2136 63

40 2157 108 2235 dem,
125 2158 250 2219 alteram
265 2158 387 2218 brevem
403 2157 548 2218 duriorem
566 2156 802 2236 memoremque,
825 2157 934 2217 laureis
949 2156 1037 2218 foliis.

39 2240 186 2304 bumeliam
205 2252 314 2304 vocant
331 2244 359 2302 in
373 2240 544 2303 Macedonia
560 2242 765 2322 amplissimam
780 2242 1038 2319 lentissimamque.

39 2325 81 2387 alii
94 2329 150 2388 situ
164 2327 311 2405 divisere,
329 2335 521 2405 campestrem
536 2329 611 2388 enirn
633 2346 702 2388 esse
718 2327 859 2405 crispam,
878 2336 1041 2386 montanam

14 2413 164 2490 aspissam.
183 2411 270 2473 Folia
286 2429 385 2472 earum
397 2412 532 2472 iumentis
545 2412 706 2488 mortifera,
721 2413 828 2472 ceteris
842 2411 1083 2475 ruminantiumtil

40 2496 152 2558 innocua
164 2495 273 2559 Graeci
284 2496 452 2577 prodidere.
479 2494 670 2558 inltalianec
681 2496 815 2556 iumentis
826 2504 943 2555 nocent.
971 2510 1040 2554 con-

40 2589 77 2642 tra
90 2584 239 2662 serpentis
256 2597 330 2644 vero
345 2598 418 2642 suco
435 2598 580 2660 expresso
598 2583 633 2642 ad
649 2591 748 2660 potum
764 2588 794 2640 et
808 2579 934 2658 inposita
948 2577 1041 2639 ulceri

41 2665 143 2743 opifera
155 2685 193 2728 ac
204 2667 275 2730 nihil
289 2685 385 2748 aeque
395 2666 590 2746 reperiuntur.
613 2674 751 2744 tantaque
767 2673 813 2724 est
826 2665 871 2724 vis
888 2674 918 2723 ut
933 2681 970 2724 ne
982 2681 1040 2724 usa·

42 2749 135 2811 tutinus
157 2751 275 2830 quidem
299 2752 500 2814 occidentisve
515 2749 647 2826 umbras,
671 2769 735 2812 enm
758 2758 824 2810 suut
839 2749 1039 2826 longissimae,

15 2841 156 2912 ”serpeus
170 2835 287 2896 arboris
308 2837 370 2896 eius
386 2838 522 2914 attingat,
539 2835 613 2896 adeo
628 2837 719 2915 ipsam
736 2834 838 2914 procul
861 2833 962 2910 fugiat.
989 2852 1040 2894 ax-

42 2920 108 2993 perti
122 2920 285 2998 prodimus,
302 2920 327 2978 si
342 2919 445 2981 fronde
462 2939 497 2981 ea
513 2938 647 2998 gyroque
666 2919 798 2980 eludatur
810 2919 886 2997 ignis
903 2937 1038 2999 serpens,

43 3001 148 3081 iniquis
163 3007 264 3084 potius
281 3020 367 3084 wem
381 3006 410 3064 in
424 3006 567 3064 fraxinum
581 3004 688 3084 ingere
704 3012 881 3082 serpentem.
904 3004 976 3065 mira
991 3022 1039 3063 na-

43 3092 114 3148 turae
134 3088 303 3168 benignitas
318 3090 398 3168 prius
421 3108 505 3168 quam
526 3089 582 3150 lrae
603 3089 746 3169 prodeant
772 3088 880 3150 florere
899 3088 1040 3150 fraxinum

43 3185 90 3230 nee
102 3183 165 3234 anm
185 3175 321 3235 conditas
339 3173 409 3235 folia
427 3175 581 3235 dimittere.

16 3262 38 3306 ²⁵
98 3260 143 3320 14.
168 3259 256 3340 (25.)
280 3257 313 3319 ln
337 3258 397 3319 tilia
416 3277 478 3319 mas
502 3268 531 3319 et
551 3259 657 3322 femina
678 3259 813 3320 differunt
833 3258 910 3319 omni
937 3256 1035 3316 modo.
1047 3266 1082 3322 65

44 3357 152 3422 namque
165 3354 195 3405 et
210 3344 353 3406 materies
370 3346 441 3404 mari
458 3343 529 3404 dura
545 3343 694 3423 rufiorque
711 3361 746 3404 ac
761 3343 873 3404 nodosa
888 3349 918 3402 et
934 3340 1038 3401 odora·

43 3424 100 3504 tior,
115 3439 217 3490 cortex
230 3446 352 3509 quoqne
366 3430 493 3489 crassior
506 3446 541 3490 aa
554 3428 703 3490 detractus
714 3426 891 3489 inflexibilis.
922 3443 978 3486 neo
993 3444 1039 3486 se·

43 3525 98 3571 meu
112 3513 167 3576 fert
184 3524 235 3578 aut
250 3514 357 3575 liorem
370 3523 400 3574 nt
414 3514 530 3590 semina,
549 3531 624 3592 quae
641 3513 770 3574 crassior
785 3511 901 3586 arbore,
917 3511 1038 3570 materie
