2396 3922
200 213 258 276 128
546 224 851 276 o.sn1u1sucnrrn1

197 381 344 440 mendatnr
366 380 428 439 sale
444 389 474 439 et
489 379 556 439 oleo
570 387 600 438 ct
617 381 738 440 cumino.
772 378 902 440 Daucnnr
918 388 947 438 et
958 395 1070 440 menses
1082 389 1109 439 et
1120 399 1155 440 se·

197 464 303 524 cundas
321 473 390 543 potu
404 463 539 523 facillime
557 462 652 540 pellit,
677 463 806 522 ladanum
821 463 917 523 suffitu
935 466 1053 540 corrigit
1064 463 1157 542 volvas,

197 547 289 606 dolori
306 566 401 607 earum
414 547 643 623 exulceratisque
657 548 809 624 inponitur.
838 556 967 606 emortua
979 549 1158 606 scammoniun

155 641 205 696 158
217 630 297 709 pellit
313 641 409 709 potum
426 629 473 690 vel
489 631 657 708 adpositum.
684 629 800 690 llenscs
813 631 871 690 ciet
887 631 1054 708 hypericum
1069 640 1154 690 utrun-

197 733 252 792 que
275 715 451 792 adpositum3
477 723 541 771 ante
559 713 612 773 alia
630 730 718 790 vero,
733 723 764 773 ut
777 713 947 792 Hippocrati
969 714 1093 790 videtur,
1111 732 1176 777 oret

196 798 288 858 thmos
310 817 327 856 e
350 799 416 856 vinc
441 799 547 856 semine
565 797 611 856 vel
625 797 733 873 radice,
750 800 859 856 cortice
874 797 959 857 trahit
981 807 1012 856 et
1033 797 1160 874 secundas,

195 884 336 941 succurrit
351 890 379 940 et
395 880 668 956 strangulationibus
683 898 720 939 ex
734 900 807 960 aqua
822 890 900 958 pota,
917 883 985 940 item
1003 881 1083 941 radix
1096 899 1110 940 e
1123 899 1160 956 ge

195 967 276 1026 ranio
299 965 481 1044 peculiariter
507 964 641 1023 secundis
664 963 913 1042 inflationibusque
935 964 1086 1024 volvarum
1110 981 1160 1023 con

195 1051 325 1108 veniens.
355 1057 458 1126 purgat
471 1046 599 1126 hippuris
621 1055 690 1124 pota
711 1057 741 1107 et
760 1049 891 1127 adposita
914 1047 1029 1107 volvas.
1060 1047 1159 1126 polypo

195 1151 247 1191 nus
263 1141 330 1210 pota
345 1149 458 1190 meuses
477 1133 533 1190 ciet
546 1140 575 1190 et
592 1131 713 1190 alcimae
727 1132 818 1191 radix.
846 1131 916 1190 lolia
931 1131 1103 1208 plantaginis
1116 1130 1184 1208 pel-b

154 1227 204 1280 159
216 1216 292 1292 lunt,
315 1217 381 1274 item
397 1215 541 1290 agaricum
558 1233 595 1273 ex
611 1231 683 1292 aqna
697 1216 798 1275 mulsa.
835 1215 990 1274 Artemisia
1006 1215 1109 1274 volvae
1120 1232 1161 1273 ne·

196 1298 277 1358 detur
292 1301 373 1373 trita,
396 1315 434 1356 ex
457 1297 524 1357 oleo
539 1299 612 1356 irino
627 1307 674 1357 aut
692 1316 754 1358 curn
772 1300 828 1359 lico
839 1307 886 1358 aut
901 1317 965 1357 cum
983 1316 1079 1363 murra
1094 1299 1162 1376 adpo·

195 1383 258 1442 sita.
293 1382 420 1441 eiusdem
435 1381 516 1440 radix
531 1391 599 1459 pota
612 1383 640 1440 in
656 1389 762 1442 tanturn
777 1391 882 1461 purgat
902 1391 932 1442 ut
947 1393 1051 1460 partus
1066 1390 1164 1440 enectos

195 1465 334 1524 extrahat.
364 1481 478 1523 menses
499 1474 528 1524 ct
543 1464 684 1524 secundas
705 1467 762 1526 ciet
781 1484 923 1526 ramorum
943 1465 1097 1526 decoctum
1113 1466 1164 1524 insi·

195 1547 337 1624 dentibus,
356 1551 422 1608 item
437 1549 505 1608 lolia
522 1558 590 1626 pota
605 1549 748 1613 drachma.
781 1551 816 1609 ad
836 1549 937 1609 eadem
952 1553 1049 1610 omnia
1065 1555 1185 1628 prosuntc

153 1639 205 1694 160
214 1631 263 1691 vel
278 1634 401 1709 inposita
415 1633 507 1690 ventri
523 1635 580 1691 imo
594 1650 658 1691 cum
675 1633 766 1692 larina
783 1633 956 1694 hordeacea.
975 1633 1096 1693 Acoron
1111 1648 1163 1710 quo

195 1732 252 1793 que
267 1716 337 1774 utile
353 1724 397 1775 est
411 1714 593 1775 interioribus
608 1715 775 1776 feminarum
796 1717 904 1776 morbis
926 1726 955 1775 et
979 1734 1091 1792 conyza
1107 1725 1163 1774 utra·

194 1815 251 1875 que
267 1807 296 1857 et
310 1799 464 1859 crethmos.
500 1809 529 1857 et
544 1798 718 1874 anthyllides
733 1801 805 1860 duae
821 1801 914 1860 volvis
936 1801 1105 1860 utilissimae
1122 1807 1163 1858 tcr·

193 1881 373 1959 minibusque
394 1892 423 1941 et
444 1881 630 1941 secundarum
651 1900 748 1943 morae
769 1886 797 1942 in
811 1885 879 1942 vino
901 1892 1001 1962 potae.
1034 1883 1164 1943 callithrix

192 1965 253 2023 lotu
269 1965 343 2024 locis
360 1964 499 2039 medetur,
518 1965 667 2042 albugines
682 1969 710 2026 in
728 1969 824 2045 capite
839 1967 927 2041 tollit,
950 1967 1078 2046 capillos
1094 1965 1184 2024 intotis

193 2048 261 2106 oleo
284 2049 359 2107 trita.
392 2049 532 2126 geranion
547 2051 576 2108 in
592 2051 659 2109 vino
676 2050 744 2109 albo
762 2061 877 2129 potum,r
895 2051 1079 2128 hypocisthis
1092 2051 1116 2108 in
1129 2066 1161 2107 ru·

192 2132 246 2190 bro
264 2131 435 2208 prolluvium
453 2134 565 2191 sistunt.
591 2132 741 2211 llysopum
757 2135 963 2195 suffocationes
980 2134 1069 2194 laxat.
1099 2131 1162 2192 radin

192 2213 375 2273 verbenacae
403 2223 472 2294 pota
500 2234 539 2275 en
558 2233 630 2294 aqua
651 2217 686 2277 ad
712 2220 802 2277 omnia
824 2221 853 2277 in
875 2227 957 2296 partu
979 2227 1030 2278 aut
1049 2237 1085 2277 ex
1099 2223 1160 2295 partu

152 2307 199 2362 161
213 2298 287 2357 mala
306 2299 558 2376 praestantissima.
590 2300 760 2361 Peucedano
784 2302 895 2379 quidam
919 2304 1044 2362 miscent
1068 2303 1095 2360 in
1111 2301 1160 2356 rinc

191 2383 275 2457 nigro
291 2399 388 2440 semen
403 2385 533 2462 cupressi
550 2385 709 2444 contritum.
741 2403 804 2444 nam
827 2403 925 2445 sennen
940 2386 1030 2464 psylli
1048 2384 1178 2446 deferres

192 2465 297 2525 lactum
313 2468 340 2524 in
356 2483 445 2544 aqua,
469 2484 531 2526 curn
547 2467 685 2545 intepuit,
709 2469 865 2548 epiphoras
892 2471 984 2529 omnis
1010 2469 1084 2529 uteri
1100 2467 1158 2526 lenit.

112 2581 115 2588 ·
192 2549 371 2627 Synrphyton
386 2550 479 2608 triturn
501 2551 528 2608 in
551 2551 618 2610 vino
636 2555 718 2629 nigro
742 2562 845 2612 evocat
865 2570 990 2612 menses.
1021 2561 1115 2632 partus
1126 2545 1158 2606 ad·

193 2633 303 2692 celerat
324 2633 469 2694 scordotis
489 2643 556 2711 pota
579 2633 713 2695 drachma
735 2638 797 2696 suci
818 2637 847 2696 in
868 2654 960 2714 aquae
981 2636 1090 2696 mulsae
1109 2647 1156 2704 cya-

190 2716 247 2775 this
266 2726 407 2794 quattuor.
436 2717 569 2777 dictamni
583 2717 653 2778 lolia
668 2719 820 2798 praeclare
832 2719 931 2781 dantur
947 2738 984 2778 er
1000 2735 1082 2798 aqua.
1107 2729 1156 2773 con·

191 2807 248 2857 stat
261 2804 342 2860 unius
358 2801 437 2861 oboli
459 2800 604 2878 pondere,
627 2802 675 2862 vel
699 2803 723 2860 si
742 2805 845 2862 mortui
868 2803 965 2862 sintin
986 2811 1069 2862 utero
1088 2797 1176 2858 infun-c

192 2891 244 2957 tes,
259 2885 388 2958 protlnus
403 2885 484 2946 reddi
500 2887 561 2944 siue
576 2887 729 2945 vexatione
742 2904 914 2965 puerperae.
947 2887 1078 2946 similiter
1090 2876 1156 2960 prnd-

192 2971 237 3024 est
262 2966 559 3043 pseudodictamnum,
588 2969 641 3030 sed
662 2970 784 3047 tardius,
813 2969 991 3044 cyclaminos
1015 2967 1154 3040 adalligata,

192 3048 399 3110 cissanthemos
420 3062 499 3131 pota,
516 3054 582 3112 item
599 3052 772 3113 vettonicae
787 3053 877 3113 farina
893 3071 930 3112 cx
946 3071 1019 3130 aqua
1034 3050 1124 3110 mulsa.

152 3141 201 3197 161
264 3130 346 3210 (91.)
368 3133 582 3213 Arsenogonon
600 3146 628 3196 et
643 3136 819 3214 thelygonon
835 3135 941 3196 herbae
960 3145 1024 3196 sunt
1038 3133 1153 3210 habentes

193 3232 262 3274 uvas
276 3215 394 3274 lloribus
409 3217 493 3277 oleae
517 3220 630 3295 similis,
655 3220 822 3298 pallidiores
843 3229 952 3296 tannen,
969 3236 1064 3279 semen
1078 3213 1172 3272 altune

193 3300 346 3376 papaveris
360 3299 455 3358 modo,
476 3301 626 3379 thelygoni
641 3313 709 3381 potu
722 3304 853 3364 feminam
870 3304 984 3382 concipi
999 3305 1111 3371 nonant,
1123 3324 1153 3338 ·-

193 3397 394 3457 arsenogonon
403 3380 438 3439 ah
451 3401 485 3441 ea
498 3389 605 3445 semine
618 3387 711 3464 oleae,
724 3405 779 3447 nec
792 3388 848 3446 alio
861 3387 1003 3462 distat‚-
1014 3384 1088 3443 huius
1100 3384 1150 3458 poli

192 3463 277 3520 maris
302 3465 451 3539 generari,
483 3467 507 3525 si
534 3469 684 3529 eredimus.
730 3470 778 3530 alii
807 3479 955 3548 utramque
982 3470 1072 3529 ocimo
1093 3459 1149 3520 sini·
