2370 3922
252 241 334 288 ntur.
352 241 442 289 mss.
458 243 559 290 xxm.
582 239 608 288 7.
628 230 780 306 (os—64.)
975 235 1015 294 25

39 397 107 456 dine
122 351 294 470 nitidissimae,
307 397 380 454 itena'
392 374 584 456 comitialibus
600 404 630 454 et
641 395 808 476 hydropicis
827 397 1017 474 omnibusque

40 497 113 556 quae
134 477 293 540 maturanda
318 485 366 536 aut
391 478 568 539 discutienda
593 481 651 540 sint
670 481 846 557 inponantur
870 481 1017 540 efficacius

39 562 116 622 calce
135 570 180 621 aut
197 565 274 621 nitro
299 569 348 620 aut
369 563 405 620 iri
425 562 556 621 admixta.
588 570 690 622 coctae
707 580 770 621 cum
784 563 898 642 hysopo
914 573 1016 642 pectus
1083 577 1085 592 '

37 653 170 723 purgent,
184 647 330 722 pituitam,
348 646 450 705 tussim
465 654 613 722 veterem,
634 663 697 704 cum
709 647 779 705 vino
800 657 894 706 autem
919 647 1018 708 sedem

8 737 67 788 tect
82 737 205 788 tumores
220 728 404 788 maxillarum.
436 728 471 789 ad
482 728 665 805 furunculos,
680 746 790 806 panos,
806 731 954 808 parotidas
969 731 1018 790 de·

37 820 134 871 coctae
154 811 316 871 inlinuntur.
348 811 418 871 utile
445 820 475 872 et
495 812 618 872 decocto
637 813 741 872 lovere
757 831 871 889 carun,
896 815 1017 873 feminas

8 933 11 978 ὲ
37 913 147 972 quoque
160 892 282 955 decocto
298 895 402 954 eodem
416 914 479 954 curn
494 897 563 956 leno
580 893 701 956 Graeco.
718 895 805 955 utiles
816 905 882 956 suut
895 906 925 956 et
936 896 1018 975 pleu-

8 1017 10 1060 5
36 980 122 1038 riticis
136 987 166 1038 et
180 977 435 1057 peripleumonicis
452 995 515 1037 cunr
531 985 594 1036 ruta
610 987 713 1038 coctae
729 986 760 1037 et
777 979 909 1038 omnihus
929 991 1060 1058 pro-123

8 1061 11 1114 l
36 1070 113 1138 snut,
130 1063 261 1122 tibiarum
274 1061 421 1122 ulceribus
443 1079 506 1121 cum
526 1064 603 1122 aeris
623 1062 751 1134 ilore‚et
764 1063 904 1141 parotidi,
921 1071 1019 1140 ptery-

30 1147 88 1221 giis
99 1163 162 1206 cum
173 1146 278 1224 punico
293 1146 381 1222 malo,
390 1147 538 1221 ambustis,
547 1146 736 1223 pernionibus
750 1165 813 1206 cum
829 1146 1018 1222 cera,hpdro-

34 1230 104 1306 picis
128 1237 229 1290 coctae
250 1230 280 1287 in
296 1231 365 1288 vino
381 1247 444 1288 cum
461 1229 607 1290 absiuthio
628 1237 658 1288 ct
681 1231 773 1289 lerina
793 1229 963 1288 hordeacea.
977 1231 1019 1288 ni-

35 1312 180 1372 tronddito
195 1311 381 1373 manducatae
396 1311 490 1373 alvom
505 1313 631 1389 solvont,
640 1315 826 1390 scorpionum
836 1314 940 1373 ictibus
953 1331 1017 1372 cum

8 1393 12 1472 Ῑ
33 1395 90 1455 sale
102 1397 189 1454 tritae
204 1394 735 1472 inlinuntur,carbunculosextrahunt
746 1398 776 1454 in
791 1399 859 1456 vino
871 1404 973 1456 coctae
989 1405 1019 1456 et

8 1481 13 1540 l
33 1479 181 1556 inpositae.
194 1479 390 1556 carcinomati,
406 1481 429 1538 si
441 1481 505 1539 sine
517 1480 616 1539 ulcere
632 1488 689 1556 est,
707 1497 790 1557 quam
805 1480 1019 1557 pinguissimam

33 1562 110 1621 lcum
125 1563 225 1640 inponi
241 1579 335 1638 paene
351 1562 497 1639 singulare
511 1563 670 1622 remedium
683 1571 745 1639 est,
772 1565 841 1622 item
856 1563 1018 1640 phagedae-

32 1663 90 1706 mc.
121 1647 194 1704 cinis
209 1662 269 1705 non
284 1663 321 1704 ex
339 1645 393 1706 alia
415 1646 521 1706 arbore
538 1649 648 1722 acrior,
671 1654 793 1724 purgat,
811 1646 1000 1722 conglutinat,
1011 1652 1063 1708 124
1157 1681 1160 1686 ·

31 1729 140 1806 replet,
157 1728 318 1805 adstringit.
340 1729 449 1816 hibitur
464 1739 495 1790 et
509 1729 544 1790 ad
555 1729 762 1790 discutiendum
772 1731 940 1806 sanguinem
952 1745 1020 1798 con·
1074 1789 1076 1794 ,

32 1821 157 1886 aetum,
173 1814 245 1872 item
262 1815 429 1889 percussis,
444 1815 661 1892 praecipitatis,
683 1815 793 1891 ruptis,
817 1811 965 1872 convolsis
982 1814 1022 1870 ci-

32 1897 106 1956 neris
123 1893 140 1928 *
152 1894 171 1930 ⁴⁴²
185 1895 298 1971 cyathis
324 1896 446 1973 singrdis
466 1911 557 1974 aquae
581 1906 611 1957 et
632 1897 699 1956 olei.
730 1896 813 1956 datur
831 1895 964 1956 tetanicis
991 1903 1021 1963 ct

31 1980 183 2056 spasticis,
197 1980 270 2038 item
282 1987 370 2056 potus
385 1981 433 2039 vel
447 1981 559 2040 inlusus
574 1980 713 2040 coeliacis
731 1989 761 2038 et
775 1980 968 2056 dysintericis.
989 1987 1020 2040 et

8 2075 12 2118 ὲ
32 2064 132 2140 dquis
150 2079 188 2125 ec
200 2079 266 2122 cum
281 2061 349 2122 cleo
364 2072 577 2141 perunguatur,
598 2063 757 2124 excalfacit.
788 2063 864 2124 idenr
875 2082 939 2124 curn
953 2080 1021 2124 cera

8 2171 9 2180 ἢ
33 2153 199 2208 ctrosacec
216 2145 353 2208 subactus
375 2147 514 2207 ambustis
536 2149 699 2220 cicatricem
721 2149 915 2208 tenuissimam
932 2147 1020 2206 ohdu-

35 2230 74 2288 cit.
107 2228 256 2290 lusciosos
280 2247 319 2294 ex
343 2230 411 2290 oleo
425 2230 554 2290 inlicitus
577 2231 726 2307 emendat,
741 2230 925 2308 dentiumque
949 2231 1021 2290 vitia

36 2308 133 2374 crebro
149 2315 264 2376 fricatu.
295 2313 420 2391 produnt
436 2317 538 2390 etiarn,
561 2316 586 2374 si
601 2316 665 2391 quis
679 2314 814 2376 inclinata
831 2314 937 2374 arbore
953 2333 999 2372 su·
1012 2323 1063 2374 125

8 2397 96 2474 [spino
116 2414 170 2456 ore
188 2395 314 2474 aliquem
326 2397 431 2458 nodum
446 2399 509 2456 eius
523 2415 621 2459 morsu
634 2397 787 2458 ahsttrlcrit
811 2397 889 2456 nullo
904 2396 1021 2456 vidente

8 2529 10 2552 ;
32 2487 115 2556 atque
130 2498 195 2540 cum
211 2479 287 2542 aluta
300 2481 448 2557 inligatum
464 2481 533 2540 licio
549 2497 566 2541 e
583 2480 660 2540 eollo
676 2479 875 2558 suspenderit,
899 2486 1022 2538 strumas

8 2631 10 2668 ,
32 2569 58 2622 et
73 2564 225 2641 parotidas
246 2563 358 2624 discuti.
389 2573 493 2624 cortex
513 2566 598 2625 tritus
619 2582 682 2625 curn
702 2564 772 2624 oleo
790 2563 902 2622 ventris
922 2561 1021 2624 ulcera

8 2671 11 2744 p
32 2655 118 2711 unat.
148 2646 255 2709 crudae
271 2648 368 2724 grossi
383 2665 538 2723 verrucas,
558 2647 671 2724 mannos
691 2649 784 2721 uitro,
806 2645 897 2704 lerina
918 2644 1020 2704 additis

8 2747 11 2806 p
31 2729 142 2792 attunt.
179 2729 265 2809 spodi
284 2733 379 2792 vicem
412 2730 531 2794 exhibet
551 2731 684 2792 fruticum
701 2747 717 2791 a
737 2729 834 2791 radice
856 2729 1023 2789 exeuntium

8 2809 111 2894 punis.
140 2813 187 2877 bis
215 2814 294 2876 lotus
322 2814 435 2878 adiecto
460 2813 607 2892 psimithio
625 2815 768 2890 digeritur
784 2813 814 2873 in
830 2810 964 2890 pastillos
986 2811 1021 2870 ad

8 2897 10 2978 ζ
30 2897 127 2960 ulcera
143 2897 292 2962 acueram
306 2906 337 2959 et
351 2898 522 2962 scabritiam.

8 3027 10 3050 s
91 2982 175 3060 (64.)
209 2980 367 3058 caprificus
385 2985 536 3042 etiamnum
550 2980 640 3043 multo
661 2980 808 3042 efficacior
822 2979 886 3040 lico.
918 2979 1001 3040 lactis
1014 2989 1065 3042 126

8 3137 9 3140 Ἴ
30 3066 121 3126 ninus
136 3065 237 3140 habet,
248 3064 363 3128 surculo
378 3081 494 3142 quoque
508 3066 570 3124 eins
588 3064 664 3126 lacte
675 3063 844 3140 coagulatur
857 3065 886 3122 in
898 3078 1020 3124 mecum.

8 3151 9 3190 ἲ
31 3157 185 3228 exceptum
200 3149 229 3207 id
248 3157 434 3225 conctumque
452 3151 481 3212 iu
496 3148 629 3211 duritiam
642 3149 812 3209 suavitatem
823 3147 959 3207 carnibus
976 3145 1022 3206 ad-

8 3232 95 3293 tlert.
115 3233 236 3296 fricatur
247 3232 338 3296 diluto
357 3250 395 3292 ex
408 3234 651 3308 aceto,miscetur
663 3231 884 3294 exulceratoriis
899 3227 1021 3290 medica·

30 3318 145 3393 urentis,
161 3315 256 3378 alvom
271 3314 377 3392 soluit,
396 3314 510 3377 volvam
525 3322 588 3378 cum
601 3315 695 3390 amylo
711 3316 815 3392 aperit,
833 3330 949 3374 menses
964 3313 1022 3370 ciet

32 3417 93 3462 curn
108 3401 191 3462 luteo
207 3401 263 3460 osi.
300 3399 464 3478 podagricis
486 3415 549 3458 cum
570 3399 662 3458 farina
682 3396 784 3458 Graeci
804 3398 864 3456 loni
885 3395 1020 3458 inlinitur.

32 3499 127 3561 eptas,
146 3501 272 3562 psoras,
290 3481 436 3558 lichenas,
455 3483 613 3558 lentigines
629 3489 789 3560 expurgat,
807 3482 878 3540 item
894 3496 1023 3538 venena-
