<?xml version="1.0" encoding="UTF-8"?>
<!DOCTYPE html PUBLIC "-//W3C//DTD XHTML 1.0 Transitional//EN"
    "http://www.w3.org/TR/xhtml1/DTD/xhtml1-transitional.dtd">
<html xmlns="http://www.w3.org/1999/xhtml" xml:lang="en" lang="en">
 <head>
  <title>
</title>
<meta http-equiv="Content-Type" content="text/html;charset=utf-8" />
  <meta name='ocr-system' content='tesseract 3.04.00' />
  <meta name='ocr-capabilities' content='ocr_page ocr_carea ocr_par ocr_line ocrx_word'/>
</head>
<body>
  <div class='ocr_page' id='page_1' title='image "./naturalishistor00plingoog_0540.png"; bbox 0 0 2396 3922; ppageno 0'>
   <div class='ocr_carea' id='block_1_1' title="bbox 185 187 825 250">
    <p class='ocr_par' dir='ltr' id='par_1_1' title="bbox 185 187 825 250">
     <span class='ocr_line' id='line_1_1' title="bbox 185 187 825 250; baseline 0 -2"><span class='ocrx_word' id='word_1_1' title='bbox 185 187 243 250; x_wconf 84' lang='lat'>126</span> <span class='ocrx_word' id='word_1_2' title='bbox 410 231 414 238; x_wconf 86' lang='lat'>.</span> <span class='ocrx_word' id='word_1_3' title='bbox 514 194 825 248; x_wconf 68' lang='lat' dir='ltr'>commutamnus</span> 
     </span>
    </p>
   </div>
   <div class='ocr_carea' id='block_1_2' title="bbox 141 347 1184 1099">
    <p class='ocr_par' dir='ltr' id='par_1_2' title="bbox 141 347 1184 1099">
     <span class='ocr_line' id='line_1_2' title="bbox 181 347 1164 434; baseline -0.008 -20"><span class='ocrx_word' id='word_1_4' title='bbox 181 362 357 434; x_wconf 78' lang='lat' dir='ltr'>apostemata</span> <span class='ocrx_word' id='word_1_5' title='bbox 374 362 403 412; x_wconf 92' lang='lat' dir='ltr'>et</span> <span class='ocrx_word' id='word_1_6' title='bbox 417 353 516 412; x_wconf 93' lang='lat' dir='ltr'>ulcera</span> <span class='ocrx_word' id='word_1_7' title='bbox 530 361 620 414; x_wconf 88' lang='lat' dir='ltr'>taetra</span> <span class='ocrx_word' id='word_1_8' title='bbox 635 353 706 413; x_wconf 88' lang='lat' dir='ltr'>folia</span> <span class='ocrx_word' id='word_1_9' title='bbox 725 351 933 428; x_wconf 78' lang='lat' dir='ltr'><strong>mandragorae</strong></span> <span class='ocrx_word' id='word_1_10' title='bbox 954 347 1103 421; x_wconf 76' lang='lat' dir='ltr'>recentia,</span> <span class='ocrx_word' id='word_1_11' title='bbox 1123 365 1164 406; x_wconf 87' lang='lat' dir='ltr'>ra·</span> 
     </span>
     <span class='ocr_line' id='line_1_3' title="bbox 181 430 1165 514; baseline -0.009 -15"><span class='ocrx_word' id='word_1_12' title='bbox 181 439 228 500; x_wconf 89' lang='lat' dir='ltr'>dix</span> <span class='ocrx_word' id='word_1_13' title='bbox 243 439 360 498; x_wconf 82' lang='lat' dir='ltr'>volnera</span> <span class='ocrx_word' id='word_1_14' title='bbox 382 455 444 496; x_wconf 89' lang='lat' dir='ltr'>cum</span> <span class='ocrx_word' id='word_1_15' title='bbox 464 436 549 496; x_wconf 88' lang='lat' dir='ltr'>melle</span> <span class='ocrx_word' id='word_1_16' title='bbox 571 445 618 496; x_wconf 91' lang='lat' dir='ltr'>aut</span> <span class='ocrx_word' id='word_1_17' title='bbox 637 436 720 514; x_wconf 91' lang='lat' dir='ltr'>oleo,</span> <span class='ocrx_word' id='word_1_18' title='bbox 740 437 835 496; x_wconf 88' lang='lat' dir='ltr'>cicuta</span> <span class='ocrx_word' id='word_1_19' title='bbox 859 452 922 493; x_wconf 91' lang='lat' dir='ltr'>cum</span> <span class='ocrx_word' id='word_1_20' title='bbox 941 432 1061 508; x_wconf 80' lang='lat' dir='ltr'>siligine</span> <span class='ocrx_word' id='word_1_21' title='bbox 1081 430 1165 490; x_wconf 85' lang='lat' dir='ltr'>mixta</span> 
     </span>
     <span class='ocr_line' id='line_1_4' title="bbox 181 514 1164 598; baseline -0.01 -16"><span class='ocrx_word' id='word_1_22' title='bbox 181 539 278 598; x_wconf 90' lang='lat' dir='ltr'>mero,</span> <span class='ocrx_word' id='word_1_23' title='bbox 300 523 409 581; x_wconf 81' lang='lat' dir='ltr'>aizoum</span> <span class='ocrx_word' id='word_1_24' title='bbox 435 520 571 597; x_wconf 80' lang='lat' dir='ltr'><strong>herpetas</strong></span> <span class='ocrx_word' id='word_1_25' title='bbox 593 538 707 598; x_wconf 86' lang='lat' dir='ltr'>qnoque</span> <span class='ocrx_word' id='word_1_26' title='bbox 728 529 757 579; x_wconf 90' lang='lat' dir='ltr'>et</span> <span class='ocrx_word' id='word_1_27' title='bbox 779 536 879 580; x_wconf 90' lang='lat' dir='ltr'>nomas</span> <span class='ocrx_word' id='word_1_28' title='bbox 899 536 934 578; x_wconf 90' lang='lat' dir='ltr'>ac</span> <span class='ocrx_word' id='word_1_29' title='bbox 955 514 1164 594; x_wconf 75' lang='lat' dir='ltr'>putrescentia,</span> 
     </span>
     <span class='ocr_line' id='line_1_5' title="bbox 181 595 1164 681; baseline -0.012 -15"><span class='ocrx_word' id='word_1_30' title='bbox 181 608 254 666; x_wconf 91' lang='lat' dir='ltr'>sicut</span> <span class='ocrx_word' id='word_1_31' title='bbox 271 606 405 681; x_wconf 74' lang='lat' dir='ltr'>erigeron</span> <span class='ocrx_word' id='word_1_32' title='bbox 421 605 600 680; x_wconf 75' lang='lat' dir='ltr'>verminosa,</span> <span class='ocrx_word' id='word_1_33' title='bbox 624 605 753 663; x_wconf 74' lang='lat' dir='ltr'>recentia</span> <span class='ocrx_word' id='word_1_34' title='bbox 773 611 867 662; x_wconf 89' lang='lat' dir='ltr'>autem</span> <span class='ocrx_word' id='word_1_35' title='bbox 887 600 1011 659; x_wconf 87' lang='lat' dir='ltr'>volnera</span> <span class='ocrx_word' id='word_1_36' title='bbox 1030 595 1164 672; x_wconf 82' lang='lat' dir='ltr'>astragali</span> 
     </span>
     <span class='ocr_line' id='line_1_6' title="bbox 180 684 1184 765; baseline -0.016 -15"><span class='ocrx_word' id='word_1_37' title='bbox 180 689 263 750; x_wconf 89' lang='lat' dir='ltr'>radix</span> <span class='ocrx_word' id='word_1_38' title='bbox 287 698 316 748; x_wconf 88' lang='lat' dir='ltr'>et</span> <span class='ocrx_word' id='word_1_39' title='bbox 343 696 443 746; x_wconf 85' lang='lat' dir='ltr'>vetera</span> <span class='ocrx_word' id='word_1_40' title='bbox 469 685 567 746; x_wconf 92' lang='lat' dir='ltr'>ulcera</span> <span class='ocrx_word' id='word_1_41' title='bbox 592 705 665 765; x_wconf 87' lang='lat' dir='ltr'>qnae</span> <span class='ocrx_word' id='word_1_42' title='bbox 694 695 796 765; x_wconf 89' lang='lat' dir='ltr'>purgat</span> <span class='ocrx_word' id='word_1_43' title='bbox 825 684 1007 764; x_wconf 76' lang='lat' dir='ltr'>hypocisthis</span> <span class='ocrx_word' id='word_1_44' title='bbox 1035 691 1184 758; x_wconf 79' lang='lat' dir='ltr'>utraquea</span> 
     </span>
     <span class='ocr_line' id='line_1_7' title="bbox 179 764 1163 851; baseline -0.013 -18"><span class='ocrx_word' id='word_1_45' title='bbox 179 770 347 851; x_wconf 92' lang='lat' dir='ltr'>leontopodi</span> <span class='ocrx_word' id='word_1_46' title='bbox 369 787 467 829; x_wconf 89' lang='lat' dir='ltr'>semen</span> <span class='ocrx_word' id='word_1_47' title='bbox 481 772 575 828; x_wconf 89' lang='lat' dir='ltr'>tritum</span> <span class='ocrx_word' id='word_1_48' title='bbox 589 772 617 829; x_wconf 93' lang='lat' dir='ltr'>in</span> <span class='ocrx_word' id='word_1_49' title='bbox 632 788 704 848; x_wconf 88' lang='lat' dir='ltr'>aqna</span> <span class='ocrx_word' id='word_1_50' title='bbox 722 780 751 829; x_wconf 91' lang='lat' dir='ltr'>et</span> <span class='ocrx_word' id='word_1_51' title='bbox 768 787 831 829; x_wconf 88' lang='lat' dir='ltr'>cunr</span> <span class='ocrx_word' id='word_1_52' title='bbox 845 769 964 846; x_wconf 86' lang='lat' dir='ltr'>polenta</span> <span class='ocrx_word' id='word_1_53' title='bbox 982 765 1097 824; x_wconf 91' lang='lat' dir='ltr'>inlitum</span> <span class='ocrx_word' id='word_1_54' title='bbox 1112 764 1163 841; x_wconf 90' lang='lat' dir='ltr'>spi-</span> 
     </span>
     <span class='ocr_line' id='line_1_8' title="bbox 141 846 1164 931; baseline -0.011 -16"><span class='ocrx_word' id='word_1_55' title='bbox 141 867 188 921; x_wconf 78' lang='lat'>146</span> <span class='ocrx_word' id='word_1_56' title='bbox 201 856 264 916; x_wconf 90' lang='lat' dir='ltr'>cula</span> <span class='ocrx_word' id='word_1_57' title='bbox 276 856 441 931; x_wconf 90' lang='lat' dir='ltr'>sagittarum</span> <span class='ocrx_word' id='word_1_58' title='bbox 453 853 584 928; x_wconf 89' lang='lat' dir='ltr'>extrahit,</span> <span class='ocrx_word' id='word_1_59' title='bbox 599 857 667 913; x_wconf 89' lang='lat' dir='ltr'>item</span> <span class='ocrx_word' id='word_1_60' title='bbox 677 855 850 931; x_wconf 75' lang='lat' dir='ltr'>pycnocomi</span> <span class='ocrx_word' id='word_1_61' title='bbox 861 869 971 912; x_wconf 89' lang='lat' dir='ltr'>semen.</span> <span class='ocrx_word' id='word_1_62' title='bbox 990 846 1164 924; x_wconf 87' lang='lat' dir='ltr'>Tithynralns</span> 
     </span>
     <span class='ocr_line' id='line_1_9' title="bbox 180 933 1161 1014; baseline -0.014 -14"><span class='ocrx_word' id='word_1_63' title='bbox 180 940 339 1000; x_wconf 88' lang='lat' dir='ltr'>characites</span> <span class='ocrx_word' id='word_1_64' title='bbox 355 954 425 996; x_wconf 89' lang='lat' dir='ltr'>suco</span> <span class='ocrx_word' id='word_1_65' title='bbox 437 955 626 1013; x_wconf 81' lang='lat' dir='ltr'>gangraenas,</span> <span class='ocrx_word' id='word_1_66' title='bbox 643 937 857 1014; x_wconf 78' lang='lat' dir='ltr'>phagedaenas,</span> <span class='ocrx_word' id='word_1_67' title='bbox 871 935 966 1013; x_wconf 88' lang='lat' dir='ltr'>putria</span> <span class='ocrx_word' id='word_1_68' title='bbox 981 933 1033 992; x_wconf 84' lang='lat' dir='ltr'>vel</span> <span class='ocrx_word' id='word_1_69' title='bbox 1044 934 1161 992; x_wconf 89' lang='lat' dir='ltr'>decocto</span> 
     </span>
     <span class='ocr_line' id='line_1_10' title="bbox 178 1015 1161 1099; baseline -0.01 -17"><span class='ocrx_word' id='word_1_70' title='bbox 178 1040 319 1082; x_wconf 87' lang='lat' dir='ltr'>ramorum</span> <span class='ocrx_word' id='word_1_71' title='bbox 335 1039 397 1080; x_wconf 90' lang='lat' dir='ltr'>cum</span> <span class='ocrx_word' id='word_1_72' title='bbox 414 1021 529 1099; x_wconf 90' lang='lat' dir='ltr'>polenta</span> <span class='ocrx_word' id='word_1_73' title='bbox 544 1030 574 1080; x_wconf 93' lang='lat' dir='ltr'>et</span> <span class='ocrx_word' id='word_1_74' title='bbox 591 1022 669 1096; x_wconf 88' lang='lat' dir='ltr'>oleo,</span> <span class='ocrx_word' id='word_1_75' title='bbox 686 1021 782 1080; x_wconf 89' lang='lat' dir='ltr'>orchis</span> <span class='ocrx_word' id='word_1_76' title='bbox 794 1021 909 1080; x_wconf 90' lang='lat' dir='ltr'>radices</span> <span class='ocrx_word' id='word_1_77' title='bbox 925 1018 984 1077; x_wconf 91' lang='lat' dir='ltr'>hoc</span> <span class='ocrx_word' id='word_1_78' title='bbox 1000 1015 1161 1095; x_wconf 88' lang='lat' dir='ltr'>amplinset</span> 
     </span>
    </p>
   </div>
   <div class='ocr_carea' id='block_1_3' title="bbox 28 1089 1188 1181">
    <p class='ocr_par' dir='ltr' id='par_1_3' title="bbox 28 1089 1188 1181">
     <span class='ocr_line' id='line_1_11' title="bbox 28 1089 1188 1181; baseline -0.009 -14"><span class='ocrx_word' id='word_1_79' title='bbox 28 1089 33 1099; x_wconf 58' lang='grc'><em>’</em></span> <span class='ocrx_word' id='word_1_80' title='bbox 136 1145 138 1149; x_wconf 89' lang='lat'>·</span> <span class='ocrx_word' id='word_1_81' title='bbox 179 1105 319 1166; x_wconf 91' lang='lat' dir='ltr'>cacoethe</span> <span class='ocrx_word' id='word_1_82' title='bbox 335 1123 396 1164; x_wconf 90' lang='lat' dir='ltr'>curn</span> <span class='ocrx_word' id='word_1_83' title='bbox 414 1104 499 1163; x_wconf 90' lang='lat' dir='ltr'>melle</span> <span class='ocrx_word' id='word_1_84' title='bbox 514 1105 611 1163; x_wconf 89' lang='lat' dir='ltr'>siccae</span> <span class='ocrx_word' id='word_1_85' title='bbox 628 1113 657 1163; x_wconf 90' lang='lat' dir='ltr'>et</span> <span class='ocrx_word' id='word_1_86' title='bbox 671 1113 806 1163; x_wconf 85' lang='lat' dir='ltr'>recentes</span> <span class='ocrx_word' id='word_1_87' title='bbox 820 1121 873 1181; x_wconf 92' lang='lat' dir='ltr'>per</span> <span class='ocrx_word' id='word_1_88' title='bbox 890 1120 922 1161; x_wconf 89' lang='lat' dir='ltr'>se</span> <span class='ocrx_word' id='word_1_89' title='bbox 939 1101 1082 1174; x_wconf 85' lang='lat' dir='ltr'>volnera,</span> <span class='ocrx_word' id='word_1_90' title='bbox 1100 1114 1188 1158; x_wconf 78' lang='lat' dir='ltr'>onero</span> 
     </span>
    </p>
   </div>
   <div class='ocr_carea' id='block_1_4' title="bbox 54 1181 1193 3506">
    <p class='ocr_par' dir='ltr' id='par_1_4' title="bbox 179 1181 1162 1348">
     <span class='ocr_line' id='line_1_12' title="bbox 179 1181 1161 1262; baseline -0.01 -13"><span class='ocrx_word' id='word_1_91' title='bbox 179 1190 260 1250; x_wconf 90' lang='lat' dir='ltr'>thera</span> <span class='ocrx_word' id='word_1_92' title='bbox 277 1188 423 1248; x_wconf 86' lang='lat' dir='ltr'>efferantia</span> <span class='ocrx_word' id='word_1_93' title='bbox 441 1205 507 1246; x_wconf 89' lang='lat' dir='ltr'>sese</span> <span class='ocrx_word' id='word_1_94' title='bbox 525 1187 622 1248; x_wconf 88' lang='lat' dir='ltr'>ulcera</span> <span class='ocrx_word' id='word_1_95' title='bbox 639 1197 728 1248; x_wconf 90' lang='lat' dir='ltr'>sanat.</span> <span class='ocrx_word' id='word_1_96' title='bbox 753 1187 878 1262; x_wconf 85' lang='lat' dir='ltr'>Scythae</span> <span class='ocrx_word' id='word_1_97' title='bbox 891 1184 1017 1244; x_wconf 85' lang='lat' dir='ltr'>uolnera</span> <span class='ocrx_word' id='word_1_98' title='bbox 1033 1181 1161 1256; x_wconf 87' lang='lat' dir='ltr'>Scythica</span> 
     </span>
     <span class='ocr_line' id='line_1_13' title="bbox 180 1265 1162 1348; baseline -0.01 -16"><span class='ocrx_word' id='word_1_99' title='bbox 180 1281 287 1333; x_wconf 90' lang='lat' dir='ltr'>curant.</span> <span class='ocrx_word' id='word_1_100' title='bbox 327 1272 362 1331; x_wconf 90' lang='lat' dir='ltr'>ad</span> <span class='ocrx_word' id='word_1_101' title='bbox 385 1272 575 1330; x_wconf 88' lang='lat' dir='ltr'>carcinomata</span> <span class='ocrx_word' id='word_1_102' title='bbox 601 1273 766 1348; x_wconf 80' lang='lat' dir='ltr'>argemonia</span> <span class='ocrx_word' id='word_1_103' title='bbox 792 1289 830 1330; x_wconf 86' lang='lat' dir='ltr'>ex</span> <span class='ocrx_word' id='word_1_104' title='bbox 849 1268 936 1328; x_wconf 91' lang='lat' dir='ltr'>melle</span> <span class='ocrx_word' id='word_1_105' title='bbox 961 1265 1162 1328; x_wconf 85' lang='lat' dir='ltr'>efficacissima</span> 
     </span>
    </p>

    <p class='ocr_par' dir='ltr' id='par_1_5' title="bbox 138 1348 1162 1432">
     <span class='ocr_line' id='line_1_14' title="bbox 138 1348 1162 1432; baseline -0.012 -14"><span class='ocrx_word' id='word_1_106' title='bbox 138 1366 186 1420; x_wconf 82' lang='lat'>147</span> <span class='ocrx_word' id='word_1_107' title='bbox 199 1365 253 1414; x_wconf 91' lang='lat' dir='ltr'>est.</span> <span class='ocrx_word' id='word_1_108' title='bbox 281 1354 426 1414; x_wconf 87' lang='lat' dir='ltr'>ulceribus</span> <span class='ocrx_word' id='word_1_109' title='bbox 444 1357 622 1432; x_wconf 87' lang='lat' dir='ltr'>praesanatis</span> <span class='ocrx_word' id='word_1_110' title='bbox 638 1354 789 1432; x_wconf 86' lang='lat' dir='ltr'>asphodeli</span> <span class='ocrx_word' id='word_1_111' title='bbox 805 1354 886 1414; x_wconf 91' lang='lat' dir='ltr'>radix</span> <span class='ocrx_word' id='word_1_112' title='bbox 901 1351 1030 1411; x_wconf 91' lang='lat' dir='ltr'>decocta</span> <span class='ocrx_word' id='word_1_113' title='bbox 1045 1360 1077 1410; x_wconf 91' lang='lat' dir='ltr'>nt</span> <span class='ocrx_word' id='word_1_114' title='bbox 1098 1348 1162 1408; x_wconf 84' lang='lat' dir='ltr'>dixi·</span> 
     </span>
    </p>

    <p class='ocr_par' dir='ltr' id='par_1_6' title="bbox 145 1431 1185 1917">
     <span class='ocr_line' id='line_1_15' title="bbox 145 1431 1162 1515; baseline -0.008 -18"><span class='ocrx_word' id='word_1_115' title='bbox 145 1439 174 1478; x_wconf 84' lang='lat'>²²=</span> <span class='ocrx_word' id='word_1_116' title='bbox 186 1439 208 1472; x_wconf 85' lang='lat'>⁷⁰</span> <span class='ocrx_word' id='word_1_117' title='bbox 219 1457 291 1514; x_wconf 90' lang='lat' dir='ltr'>mus,</span> <span class='ocrx_word' id='word_1_118' title='bbox 306 1439 371 1498; x_wconf 89' lang='lat' dir='ltr'>trita</span> <span class='ocrx_word' id='word_1_119' title='bbox 386 1455 448 1496; x_wconf 90' lang='lat' dir='ltr'>cum</span> <span class='ocrx_word' id='word_1_120' title='bbox 465 1438 581 1515; x_wconf 90' lang='lat' dir='ltr'>polenta</span> <span class='ocrx_word' id='word_1_121' title='bbox 595 1447 624 1496; x_wconf 89' lang='lat' dir='ltr'>et</span> <span class='ocrx_word' id='word_1_122' title='bbox 639 1438 727 1512; x_wconf 88' lang='lat' dir='ltr'>inlita,</span> <span class='ocrx_word' id='word_1_123' title='bbox 747 1437 973 1515; x_wconf 88' lang='lat' dir='ltr'>quibuscumque</span> <span class='ocrx_word' id='word_1_124' title='bbox 988 1453 1066 1496; x_wconf 88' lang='lat' dir='ltr'>vero</span> <span class='ocrx_word' id='word_1_125' title='bbox 1076 1431 1162 1510; x_wconf 79' lang='lat' dir='ltr'>Apol·</span> 
     </span>
     <span class='ocr_line' id='line_1_16' title="bbox 179 1515 1185 1600; baseline -0.008 -18"><span class='ocrx_word' id='word_1_126' title='bbox 179 1523 291 1598; x_wconf 90' lang='lat' dir='ltr'>linaris,</span> <span class='ocrx_word' id='word_1_127' title='bbox 319 1521 452 1597; x_wconf 85' lang='lat' dir='ltr'>astragali</span> <span class='ocrx_word' id='word_1_128' title='bbox 468 1521 550 1580; x_wconf 87' lang='lat' dir='ltr'>radix</span> <span class='ocrx_word' id='word_1_129' title='bbox 575 1522 603 1579; x_wconf 94' lang='lat' dir='ltr'>in</span> <span class='ocrx_word' id='word_1_130' title='bbox 627 1522 774 1600; x_wconf 90' lang='lat' dir='ltr'>pulverem</span> <span class='ocrx_word' id='word_1_131' title='bbox 797 1522 861 1581; x_wconf 91' lang='lat' dir='ltr'>trita</span> <span class='ocrx_word' id='word_1_132' title='bbox 888 1519 992 1580; x_wconf 89' lang='lat' dir='ltr'>umidis</span> <span class='ocrx_word' id='word_1_133' title='bbox 1020 1515 1185 1579; x_wconf 87' lang='lat' dir='ltr'>ulceribnsn</span> 
     </span>
     <span class='ocr_line' id='line_1_17' title="bbox 180 1601 1161 1684; baseline -0.008 -20"><span class='ocrx_word' id='word_1_134' title='bbox 180 1605 317 1684; x_wconf 90' lang='lat' dir='ltr'>prodest,</span> <span class='ocrx_word' id='word_1_135' title='bbox 343 1607 409 1664; x_wconf 89' lang='lat' dir='ltr'>item</span> <span class='ocrx_word' id='word_1_136' title='bbox 425 1604 567 1664; x_wconf 83' lang='lat' dir='ltr'>callithrix</span> <span class='ocrx_word' id='word_1_137' title='bbox 584 1605 707 1664; x_wconf 92' lang='lat' dir='ltr'>decocta</span> <span class='ocrx_word' id='word_1_138' title='bbox 727 1606 755 1664; x_wconf 89' lang='lat' dir='ltr'>in</span> <span class='ocrx_word' id='word_1_139' title='bbox 770 1622 861 1683; x_wconf 89' lang='lat' dir='ltr'>aqua,</span> <span class='ocrx_word' id='word_1_140' title='bbox 883 1604 1018 1683; x_wconf 89' lang='lat' dir='ltr'>privatim</span> <span class='ocrx_word' id='word_1_141' title='bbox 1039 1617 1113 1660; x_wconf 89' lang='lat' dir='ltr'>vero</span> <span class='ocrx_word' id='word_1_142' title='bbox 1132 1601 1161 1658; x_wconf 90' lang='lat' dir='ltr'>iis</span> 
     </span>
     <span class='ocr_line' id='line_1_18' title="bbox 179 1684 1160 1767; baseline -0.008 -19"><span class='ocrx_word' id='word_1_143' title='bbox 179 1707 252 1767; x_wconf 90' lang='lat' dir='ltr'>quae</span> <span class='ocrx_word' id='word_1_144' title='bbox 269 1689 455 1748; x_wconf 88' lang='lat' dir='ltr'>calciamento</span> <span class='ocrx_word' id='word_1_145' title='bbox 470 1687 546 1746; x_wconf 87' lang='lat' dir='ltr'>lacta</span> <span class='ocrx_word' id='word_1_146' title='bbox 567 1690 623 1747; x_wconf 92' lang='lat' dir='ltr'>sint</span> <span class='ocrx_word' id='word_1_147' title='bbox 638 1688 819 1762; x_wconf 89' lang='lat' dir='ltr'>verbenaca,</span> <span class='ocrx_word' id='word_1_148' title='bbox 837 1704 967 1746; x_wconf 93' lang='lat' dir='ltr'>necnon</span> <span class='ocrx_word' id='word_1_149' title='bbox 991 1695 1021 1746; x_wconf 91' lang='lat' dir='ltr'>et</span> <span class='ocrx_word' id='word_1_150' title='bbox 1044 1684 1160 1760; x_wconf 85' lang='lat' dir='ltr'>Lysima-</span> 
     </span>
     <span class='ocr_line' id='line_1_19' title="bbox 182 1770 1161 1849; baseline -0.006 -17"><span class='ocrx_word' id='word_1_151' title='bbox 182 1774 245 1832; x_wconf 90' lang='lat' dir='ltr'>chia</span> <span class='ocrx_word' id='word_1_152' title='bbox 262 1775 382 1831; x_wconf 92' lang='lat' dir='ltr'>contrita</span> <span class='ocrx_word' id='word_1_153' title='bbox 402 1789 436 1830; x_wconf 92' lang='lat' dir='ltr'>ac</span> <span class='ocrx_word' id='word_1_154' title='bbox 454 1771 612 1848; x_wconf 90' lang='lat' dir='ltr'>nymphaea</span> <span class='ocrx_word' id='word_1_155' title='bbox 628 1772 707 1832; x_wconf 92' lang='lat' dir='ltr'>arida</span> <span class='ocrx_word' id='word_1_156' title='bbox 723 1771 849 1832; x_wconf 80' lang='lat' dir='ltr'>infriata.</span> <span class='ocrx_word' id='word_1_157' title='bbox 885 1770 1041 1849; x_wconf 75' lang='lat' dir='ltr'>polythrix</span> <span class='ocrx_word' id='word_1_158' title='bbox 1058 1771 1161 1827; x_wconf 85' lang='lat' dir='ltr'>inuete-</span> 
     </span>
     <span class='ocr_line' id='line_1_20' title="bbox 184 1854 548 1917; baseline -0.014 0"><span class='ocrx_word' id='word_1_159' title='bbox 184 1856 253 1917; x_wconf 89' lang='lat' dir='ltr'>ratis</span> <span class='ocrx_word' id='word_1_160' title='bbox 269 1854 369 1913; x_wconf 90' lang='lat' dir='ltr'>iisdem</span> <span class='ocrx_word' id='word_1_161' title='bbox 384 1855 480 1913; x_wconf 91' lang='lat' dir='ltr'>utilior</span> <span class='ocrx_word' id='word_1_162' title='bbox 495 1863 548 1913; x_wconf 86' lang='lat' dir='ltr'>est.</span> 
     </span>
    </p>

    <p class='ocr_par' dir='ltr' id='par_1_7' title="bbox 138 1933 1193 2266">
     <span class='ocr_line' id='line_1_21' title="bbox 138 1933 1193 2014; baseline -0.004 -16"><span class='ocrx_word' id='word_1_163' title='bbox 138 1950 188 2003; x_wconf 80' lang='lat'>148</span> <span class='ocrx_word' id='word_1_164' title='bbox 246 1937 330 2014; x_wconf 82' lang='lat'>(88.)</span> <span class='ocrx_word' id='word_1_165' title='bbox 353 1937 547 2011; x_wconf 86' lang='lat' dir='ltr'>Polycnemon</span> <span class='ocrx_word' id='word_1_166' title='bbox 564 1937 674 1997; x_wconf 90' lang='lat' dir='ltr'>cunilae</span> <span class='ocrx_word' id='word_1_167' title='bbox 698 1936 821 1997; x_wconf 91' lang='lat' dir='ltr'>bubulae</span> <span class='ocrx_word' id='word_1_168' title='bbox 843 1938 944 1997; x_wconf 91' lang='lat' dir='ltr'>similis</span> <span class='ocrx_word' id='word_1_169' title='bbox 966 1946 1033 2011; x_wconf 91' lang='lat' dir='ltr'>est,</span> <span class='ocrx_word' id='word_1_170' title='bbox 1061 1933 1193 1997; x_wconf 74' lang='lat' dir='ltr'>semineci</span> 
     </span>
     <span class='ocr_line' id='line_1_22' title="bbox 178 2015 1159 2098; baseline -0.005 -20"><span class='ocrx_word' id='word_1_171' title='bbox 178 2015 264 2098; x_wconf 91' lang='lat' dir='ltr'>pulei,</span> <span class='ocrx_word' id='word_1_172' title='bbox 280 2020 438 2095; x_wconf 82' lang='lat' dir='ltr'>surculosa,</span> <span class='ocrx_word' id='word_1_173' title='bbox 454 2021 548 2079; x_wconf 91' lang='lat' dir='ltr'>multis</span> <span class='ocrx_word' id='word_1_174' title='bbox 565 2021 722 2098; x_wconf 86' lang='lat' dir='ltr'>geniculis,</span> <span class='ocrx_word' id='word_1_175' title='bbox 739 2020 879 2095; x_wconf 88' lang='lat' dir='ltr'>corymbo</span> <span class='ocrx_word' id='word_1_176' title='bbox 894 2021 1038 2095; x_wconf 91' lang='lat' dir='ltr'>odorato,</span> <span class='ocrx_word' id='word_1_177' title='bbox 1066 2017 1123 2078; x_wconf 88' lang='lat' dir='ltr'>acri</span> <span class='ocrx_word' id='word_1_178' title='bbox 1136 2023 1159 2074; x_wconf 88' lang='lat' dir='ltr'>et</span> 
     </span>
     <span class='ocr_line' id='line_1_23' title="bbox 178 2099 1157 2184; baseline -0.006 -21"><span class='ocrx_word' id='word_1_179' title='bbox 178 2102 254 2163; x_wconf 93' lang='lat' dir='ltr'>dulci</span> <span class='ocrx_word' id='word_1_180' title='bbox 270 2102 371 2177; x_wconf 91' lang='lat' dir='ltr'>odore,</span> <span class='ocrx_word' id='word_1_181' title='bbox 388 2103 466 2162; x_wconf 85' lang='lat' dir='ltr'>ferro</span> <span class='ocrx_word' id='word_1_182' title='bbox 484 2104 567 2163; x_wconf 87' lang='lat' dir='ltr'>lactis</span> <span class='ocrx_word' id='word_1_183' title='bbox 583 2104 805 2163; x_wconf 84' lang='lat' dir='ltr'>conmanducata</span> <span class='ocrx_word' id='word_1_184' title='bbox 825 2105 987 2184; x_wconf 91' lang='lat' dir='ltr'>inponitur,</span> <span class='ocrx_word' id='word_1_185' title='bbox 1006 2104 1107 2182; x_wconf 86' lang='lat' dir='ltr'>quinto</span> <span class='ocrx_word' id='word_1_186' title='bbox 1121 2099 1157 2158; x_wconf 90' lang='lat' dir='ltr'>die</span> 
     </span>
     <span class='ocr_line' id='line_1_24' title="bbox 178 2184 1158 2266; baseline -0.004 -21"><span class='ocrx_word' id='word_1_187' title='bbox 178 2184 308 2245; x_wconf 85' lang='lat' dir='ltr'>solvitur.</span> <span class='ocrx_word' id='word_1_188' title='bbox 342 2186 519 2262; x_wconf 84' lang='lat' dir='ltr'>symphyton</span> <span class='ocrx_word' id='word_1_189' title='bbox 535 2188 571 2256; x_wconf 87' lang='lat' dir='ltr'>ad</span> <span class='ocrx_word' id='word_1_190' title='bbox 587 2189 752 2248; x_wconf 90' lang='lat' dir='ltr'>cicatricem</span> <span class='ocrx_word' id='word_1_191' title='bbox 768 2187 921 2248; x_wconf 89' lang='lat' dir='ltr'>celerrime</span> <span class='ocrx_word' id='word_1_192' title='bbox 937 2187 1085 2266; x_wconf 86' lang='lat' dir='ltr'>perducit,</span> <span class='ocrx_word' id='word_1_193' title='bbox 1101 2185 1158 2244; x_wconf 87' lang='lat' dir='ltr'>item</span> 
     </span>
    </p>

    <p class='ocr_par' dir='ltr' id='par_1_8' title="bbox 136 2267 1174 2827">
     <span class='ocr_line' id='line_1_25' title="bbox 136 2267 1153 2344; baseline -0.001 -18"><span class='ocrx_word' id='word_1_194' title='bbox 136 2279 186 2333; x_wconf 69' lang='grc'>119</span> <span class='ocrx_word' id='word_1_195' title='bbox 198 2267 332 2327; x_wconf 90' lang='lat' dir='ltr'>sideritis.</span> <span class='ocrx_word' id='word_1_196' title='bbox 363 2267 436 2327; x_wconf 93' lang='lat' dir='ltr'>haec</span> <span class='ocrx_word' id='word_1_197' title='bbox 452 2271 595 2344; x_wconf 90' lang='lat' dir='ltr'>inponitur</span> <span class='ocrx_word' id='word_1_198' title='bbox 611 2289 649 2329; x_wconf 90' lang='lat' dir='ltr'>ex</span> <span class='ocrx_word' id='word_1_199' title='bbox 662 2271 757 2330; x_wconf 90' lang='lat' dir='ltr'>melle.</span> <span class='ocrx_word' id='word_1_200' title='bbox 783 2269 927 2331; x_wconf 89' lang='lat' dir='ltr'>Verbasci</span> <span class='ocrx_word' id='word_1_201' title='bbox 942 2272 1056 2330; x_wconf 92' lang='lat' dir='ltr'>semine</span> <span class='ocrx_word' id='word_1_202' title='bbox 1074 2287 1108 2328; x_wconf 90' lang='lat' dir='ltr'>ac</span> <span class='ocrx_word' id='word_1_203' title='bbox 1120 2267 1153 2326; x_wconf 87' lang='lat' dir='ltr'>io·</span> 
     </span>
     <span class='ocr_line' id='line_1_26' title="bbox 177 2351 1174 2432; baseline 0.002 -21"><span class='ocrx_word' id='word_1_204' title='bbox 177 2351 223 2411; x_wconf 92' lang='lat' dir='ltr'>liis</span> <span class='ocrx_word' id='word_1_205' title='bbox 243 2369 279 2410; x_wconf 90' lang='lat' dir='ltr'>ex</span> <span class='ocrx_word' id='word_1_206' title='bbox 296 2352 364 2410; x_wconf 90' lang='lat' dir='ltr'>vino</span> <span class='ocrx_word' id='word_1_207' title='bbox 380 2351 509 2411; x_wconf 89' lang='lat' dir='ltr'>decoctis</span> <span class='ocrx_word' id='word_1_208' title='bbox 527 2370 561 2411; x_wconf 91' lang='lat' dir='ltr'>ac</span> <span class='ocrx_word' id='word_1_209' title='bbox 577 2355 650 2412; x_wconf 89' lang='lat' dir='ltr'>tritis</span> <span class='ocrx_word' id='word_1_210' title='bbox 665 2355 859 2414; x_wconf 83' lang='lat' dir='ltr'>omnia-infixa</span> <span class='ocrx_word' id='word_1_211' title='bbox 876 2355 996 2432; x_wconf 90' lang='lat' dir='ltr'>corpori</span> <span class='ocrx_word' id='word_1_212' title='bbox 1012 2351 1174 2413; x_wconf 80' lang='lat' dir='ltr'>extrahar-a</span> 
     </span>
     <span class='ocr_line' id='line_1_27' title="bbox 176 2434 1151 2515; baseline -0.006 -20"><span class='ocrx_word' id='word_1_213' title='bbox 176 2444 235 2511; x_wconf 91' lang='lat' dir='ltr'>tur,</span> <span class='ocrx_word' id='word_1_214' title='bbox 258 2435 324 2494; x_wconf 89' lang='lat' dir='ltr'>item</span> <span class='ocrx_word' id='word_1_215' title='bbox 346 2434 551 2510; x_wconf 87' lang='lat' dir='ltr'>mandragorae</span> <span class='ocrx_word' id='word_1_216' title='bbox 567 2435 645 2496; x_wconf 87' lang='lat' dir='ltr'>loliis</span> <span class='ocrx_word' id='word_1_217' title='bbox 660 2455 723 2495; x_wconf 90' lang='lat' dir='ltr'>curn</span> <span class='ocrx_word' id='word_1_218' title='bbox 739 2438 871 2515; x_wconf 90' lang='lat' dir='ltr'>polenta,</span> <span class='ocrx_word' id='word_1_219' title='bbox 895 2437 1050 2512; x_wconf 89' lang='lat' dir='ltr'>cyclamini</span> <span class='ocrx_word' id='word_1_220' title='bbox 1065 2434 1151 2497; x_wconf 89' lang='lat' dir='ltr'>radici·</span> 
     </span>
     <span class='ocr_line' id='line_1_28' title="bbox 175 2517 1150 2595; baseline -0.004 -17"><span class='ocrx_word' id='word_1_221' title='bbox 175 2517 228 2578; x_wconf 90' lang='lat' dir='ltr'>bus</span> <span class='ocrx_word' id='word_1_222' title='bbox 250 2537 313 2578; x_wconf 89' lang='lat' dir='ltr'>cum</span> <span class='ocrx_word' id='word_1_223' title='bbox 332 2517 429 2576; x_wconf 90' lang='lat' dir='ltr'>melle.</span> <span class='ocrx_word' id='word_1_224' title='bbox 460 2517 620 2595; x_wconf 83' lang='lat' dir='ltr'>&#39;l&#39;rixaginis</span> <span class='ocrx_word' id='word_1_225' title='bbox 646 2520 717 2586; x_wconf 80' lang='lat' dir='ltr'>dolia</span> <span class='ocrx_word' id='word_1_226' title='bbox 748 2521 776 2580; x_wconf 89' lang='lat' dir='ltr'>in</span> <span class='ocrx_word' id='word_1_227' title='bbox 805 2521 871 2581; x_wconf 91' lang='lat' dir='ltr'>oleo</span> <span class='ocrx_word' id='word_1_228' title='bbox 899 2522 1025 2580; x_wconf 88' lang='lat' dir='ltr'>contrita</span> <span class='ocrx_word' id='word_1_229' title='bbox 1055 2520 1090 2578; x_wconf 89' lang='lat' dir='ltr'>iis</span> <span class='ocrx_word' id='word_1_230' title='bbox 1107 2533 1150 2576; x_wconf 92' lang='lat' dir='ltr'>ma·</span> 
     </span>
     <span class='ocr_line' id='line_1_29' title="bbox 175 2599 1150 2683; baseline -0.003 -22"><span class='ocrx_word' id='word_1_231' title='bbox 175 2620 260 2662; x_wconf 81' lang='lat' dir='ltr'>nume</span> <span class='ocrx_word' id='word_1_232' title='bbox 274 2601 442 2662; x_wconf 91' lang='lat' dir='ltr'>adhibentur</span> <span class='ocrx_word' id='word_1_233' title='bbox 458 2600 603 2661; x_wconf 88' lang='lat' dir='ltr'>ulceribus</span> <span class='ocrx_word' id='word_1_234' title='bbox 624 2620 697 2680; x_wconf 85' lang='lat' dir='ltr'>quae</span> <span class='ocrx_word' id='word_1_235' title='bbox 722 2613 856 2683; x_wconf 90' lang='lat' dir='ltr'>serpunt,</span> <span class='ocrx_word' id='word_1_236' title='bbox 883 2612 913 2664; x_wconf 91' lang='lat' dir='ltr'>et</span> <span class='ocrx_word' id='word_1_237' title='bbox 934 2605 1004 2680; x_wconf 87' lang='lat' dir='ltr'>alga</span> <span class='ocrx_word' id='word_1_238' title='bbox 1026 2605 1056 2661; x_wconf 94' lang='lat' dir='ltr'>in</span> <span class='ocrx_word' id='word_1_239' title='bbox 1079 2599 1150 2660; x_wconf 87' lang='lat' dir='ltr'>melle</span> 
     </span>
     <span class='ocr_line' id='line_1_30' title="bbox 176 2681 1149 2827; baseline -0.001 -85"><span class='ocrx_word' id='word_1_240' title='bbox 176 2685 256 2824; x_wconf 61' lang='lat' dir='ltr'>pita,</span> <span class='ocrx_word' id='word_1_241' title='bbox 282 2681 436 2827; x_wconf 59' lang='lat' dir='ltr'>plettoni&#39;ca</span> <span class='ocrx_word' id='word_1_242' title='bbox 457 2685 492 2744; x_wconf 91' lang='lat' dir='ltr'>ad</span> <span class='ocrx_word' id='word_1_243' title='bbox 513 2686 703 2746; x_wconf 90' lang='lat' dir='ltr'>carcinomata</span> <span class='ocrx_word' id='word_1_244' title='bbox 731 2696 760 2746; x_wconf 92' lang='lat' dir='ltr'>et</span> <span class='ocrx_word' id='word_1_245' title='bbox 778 2687 951 2748; x_wconf 88' lang='lat' dir='ltr'>malandrias</span> <span class='ocrx_word' id='word_1_246' title='bbox 974 2696 1094 2747; x_wconf 89' lang='lat' dir='ltr'>veteres</span> <span class='ocrx_word' id='word_1_247' title='bbox 1113 2682 1149 2742; x_wconf 91' lang='lat' dir='ltr'>ad·</span> 
     </span>
    </p>

    <p class='ocr_par' dir='ltr' id='par_1_9' title="bbox 196 2767 1190 2831">
     <span class='ocr_line' id='line_1_31' title="bbox 196 2767 1190 2831; baseline 0.007 -7"><span class='ocrx_word' id='word_1_248' title='bbox 196 2767 235 2824; x_wconf 91' lang='lat' dir='ltr'>lto</span> <span class='ocrx_word' id='word_1_249' title='bbox 251 2785 281 2826; x_wconf 91' lang='lat' dir='ltr'>sa</span> <span class='ocrx_word' id='word_1_250' title='bbox 297 2787 323 2826; x_wconf 90' lang='lat' dir='ltr'>e.</span> <span class='ocrx_word' id='word_1_251' title='bbox 1154 2789 1190 2831; x_wconf 54' lang='lat' dir='ltr'>tt*</span> 
     </span>
    </p>

    <p class='ocr_par' dir='ltr' id='par_1_10' title="bbox 54 2847 1189 3404">
     <span class='ocr_line' id='line_1_32' title="bbox 54 2847 1149 2928; baseline -0.003 -18"><span class='ocrx_word' id='word_1_252' title='bbox 54 2883 58 2893; x_wconf 95' lang='lat'>·</span> <span class='ocrx_word' id='word_1_253' title='bbox 135 2859 186 2912; x_wconf 81' lang='lat'>150</span> <span class='ocrx_word' id='word_1_254' title='bbox 242 2847 323 2927; x_wconf 81' lang='lat'>(89.)</span> <span class='ocrx_word' id='word_1_255' title='bbox 346 2854 490 2912; x_wconf 84' lang='lat' dir='ltr'>Verrucas</span> <span class='ocrx_word' id='word_1_256' title='bbox 512 2851 586 2911; x_wconf 91' lang='lat' dir='ltr'>tollit</span> <span class='ocrx_word' id='word_1_257' title='bbox 609 2856 774 2928; x_wconf 83' lang='lat' dir='ltr'>argemonia</span> <span class='ocrx_word' id='word_1_258' title='bbox 798 2873 836 2914; x_wconf 90' lang='lat' dir='ltr'>ex</span> <span class='ocrx_word' id='word_1_259' title='bbox 859 2859 944 2914; x_wconf 88' lang='lat' dir='ltr'>aceto</span> <span class='ocrx_word' id='word_1_260' title='bbox 965 2854 1018 2914; x_wconf 89' lang='lat' dir='ltr'>vel</span> <span class='ocrx_word' id='word_1_261' title='bbox 1037 2850 1149 2914; x_wconf 88' lang='lat' dir='ltr'>batrachi</span> 
     </span>
     <span class='ocr_line' id='line_1_33' title="bbox 176 2929 1189 3013; baseline 0.002 -25"><span class='ocrx_word' id='word_1_262' title='bbox 176 2930 265 3007; x_wconf 84' lang='lat' dir='ltr'>radix,</span> <span class='ocrx_word' id='word_1_263' title='bbox 282 2949 355 3007; x_wconf 87' lang='lat' dir='ltr'>quae</span> <span class='ocrx_word' id='word_1_264' title='bbox 371 2944 401 2994; x_wconf 93' lang='lat' dir='ltr'>et</span> <span class='ocrx_word' id='word_1_265' title='bbox 415 2937 516 3012; x_wconf 90' lang='lat' dir='ltr'>unguis</span> <span class='ocrx_word' id='word_1_266' title='bbox 535 2934 656 2995; x_wconf 90' lang='lat' dir='ltr'>scabros</span> <span class='ocrx_word' id='word_1_267' title='bbox 679 2937 786 3013; x_wconf 81' lang='lat' dir='ltr'>aufert,</span> <span class='ocrx_word' id='word_1_268' title='bbox 810 2936 993 2998; x_wconf 80' lang='lat' dir='ltr'>linozostidis</span> <span class='ocrx_word' id='word_1_269' title='bbox 1018 2938 1148 3011; x_wconf 81' lang='lat' dir='ltr'>utriusque</span> <span class='ocrx_word' id='word_1_270' title='bbox 1187 2929 1189 2986; x_wconf 60' lang='lat' dir='ltr'>l</span> 
     </span>
     <span class='ocr_line' id='line_1_34' title="bbox 176 3013 1147 3096; baseline 0.005 -25"><span class='ocrx_word' id='word_1_271' title='bbox 176 3013 245 3072; x_wconf 91' lang='lat' dir='ltr'>lolia</span> <span class='ocrx_word' id='word_1_272' title='bbox 260 3013 308 3072; x_wconf 88' lang='lat' dir='ltr'>vel</span> <span class='ocrx_word' id='word_1_273' title='bbox 332 3034 417 3077; x_wconf 88' lang='lat' dir='ltr'>sucus</span> <span class='ocrx_word' id='word_1_274' title='bbox 432 3020 537 3078; x_wconf 90' lang='lat' dir='ltr'>inlitus.</span> <span class='ocrx_word' id='word_1_275' title='bbox 575 3017 714 3093; x_wconf 90' lang='lat' dir='ltr'>tithymali</span> <span class='ocrx_word' id='word_1_276' title='bbox 734 3038 833 3080; x_wconf 90' lang='lat' dir='ltr'>omues</span> <span class='ocrx_word' id='word_1_277' title='bbox 854 3037 965 3096; x_wconf 89' lang='lat' dir='ltr'>genera</span> <span class='ocrx_word' id='word_1_278' title='bbox 980 3033 1147 3078; x_wconf 83' lang='lat' dir='ltr'>verrucarum</span> 
     </span>
     <span class='ocr_line' id='line_1_35' title="bbox 177 3096 1145 3178; baseline 0.005 -22"><span class='ocrx_word' id='word_1_279' title='bbox 177 3097 283 3173; x_wconf 91' lang='lat' dir='ltr'>omnia,</span> <span class='ocrx_word' id='word_1_280' title='bbox 300 3096 365 3156; x_wconf 89' lang='lat' dir='ltr'>item</span> <span class='ocrx_word' id='word_1_281' title='bbox 383 3100 529 3178; x_wconf 74' lang='lat' dir='ltr'>pterygia,</span> <span class='ocrx_word' id='word_1_282' title='bbox 545 3117 632 3160; x_wconf 84' lang='lat' dir='ltr'>raros</span> <span class='ocrx_word' id='word_1_283' title='bbox 647 3102 759 3164; x_wconf 88' lang='lat' dir='ltr'>tollunt.</span> <span class='ocrx_word' id='word_1_284' title='bbox 792 3103 945 3163; x_wconf 87' lang='lat' dir='ltr'>cicatrices</span> <span class='ocrx_word' id='word_1_285' title='bbox 967 3120 1033 3161; x_wconf 91' lang='lat' dir='ltr'>cum</span> <span class='ocrx_word' id='word_1_286' title='bbox 1049 3103 1145 3176; x_wconf 85' lang='lat' dir='ltr'>elegan-</span> 
     </span>
     <span class='ocr_line' id='line_1_36' title="bbox 175 3179 1166 3246; baseline 0.003 -7"><span class='ocrx_word' id='word_1_287' title='bbox 175 3182 214 3239; x_wconf 94' lang='lat' dir='ltr'>tia</span> <span class='ocrx_word' id='word_1_288' title='bbox 235 3179 270 3239; x_wconf 94' lang='lat' dir='ltr'>ad</span> <span class='ocrx_word' id='word_1_289' title='bbox 292 3179 421 3240; x_wconf 90' lang='lat' dir='ltr'>colorem</span> <span class='ocrx_word' id='word_1_290' title='bbox 441 3184 552 3243; x_wconf 90' lang='lat' dir='ltr'>reducit</span> <span class='ocrx_word' id='word_1_291' title='bbox 576 3184 715 3243; x_wconf 91' lang='lat' dir='ltr'>ladanum.</span> <span class='ocrx_word' id='word_1_292' title='bbox 752 3187 799 3245; x_wconf 87' lang='lat'>15.</span> <span class='ocrx_word' id='word_1_293' title='bbox 823 3185 1010 3246; x_wconf 82' lang='lat' dir='ltr'>Artemisiam</span> <span class='ocrx_word' id='word_1_294' title='bbox 1032 3195 1061 3244; x_wconf 93' lang='lat' dir='ltr'>et</span> <span class='ocrx_word' id='word_1_295' title='bbox 1080 3182 1166 3242; x_wconf 81' lang='lat' dir='ltr'>clelia</span> 
     </span>
     <span class='ocr_line' id='line_1_37' title="bbox 176 3262 1145 3345; baseline 0.003 -24"><span class='ocrx_word' id='word_1_296' title='bbox 176 3262 312 3339; x_wconf 90' lang='lat' dir='ltr'>sphacnm</span> <span class='ocrx_word' id='word_1_297' title='bbox 332 3263 470 3340; x_wconf 83' lang='lat' dir='ltr'>adligatus</span> <span class='ocrx_word' id='word_1_298' title='bbox 494 3267 541 3343; x_wconf 85' lang='lat' dir='ltr'>qui</span> <span class='ocrx_word' id='word_1_299' title='bbox 569 3266 672 3327; x_wconf 88' lang='lat' dir='ltr'>habeat</span> <span class='ocrx_word' id='word_1_300' title='bbox 699 3270 793 3329; x_wconf 88' lang='lat' dir='ltr'>viator</span> <span class='ocrx_word' id='word_1_301' title='bbox 817 3278 940 3345; x_wconf 89' lang='lat' dir='ltr'>negatur</span> <span class='ocrx_word' id='word_1_302' title='bbox 967 3267 1145 3328; x_wconf 85' lang='lat' dir='ltr'>lassitudinem</span> 
     </span>
     <span class='ocr_line' id='line_1_38' title="bbox 175 3347 292 3404; baseline 0.026 -3"><span class='ocrx_word' id='word_1_303' title='bbox 175 3347 292 3404; x_wconf 85' lang='lat' dir='ltr'>sentire.</span> 
     </span>
    </p>

    <p class='ocr_par' dir='ltr' id='par_1_11' title="bbox 135 3427 1143 3506">
     <span class='ocr_line' id='line_1_39' title="bbox 135 3427 1143 3506; baseline 0.008 -22"><span class='ocrx_word' id='word_1_304' title='bbox 135 3435 182 3485; x_wconf 83' lang='lat'>151</span> <span class='ocrx_word' id='word_1_305' title='bbox 241 3428 322 3506; x_wconf 85' lang='lat'><strong>(90.)</strong></span> <span class='ocrx_word' id='word_1_306' title='bbox 345 3427 531 3490; x_wconf 82' lang='lat' dir='ltr'>Muliebribus</span> <span class='ocrx_word' id='word_1_307' title='bbox 543 3431 652 3494; x_wconf 89' lang='lat' dir='ltr'>morbis</span> <span class='ocrx_word' id='word_1_308' title='bbox 666 3433 797 3506; x_wconf 85' lang='lat' dir='ltr'>medetur</span> <span class='ocrx_word' id='word_1_309' title='bbox 810 3452 941 3495; x_wconf 88' lang='lat' dir='ltr'>maxume</span> <span class='ocrx_word' id='word_1_310' title='bbox 954 3435 983 3494; x_wconf 93' lang='lat' dir='ltr'>in</span> <span class='ocrx_word' id='word_1_311' title='bbox 999 3438 1143 3496; x_wconf 79' lang='lat' dir='ltr'>universnm</span> 
     </span>
    </p>
   </div>
   <div class='ocr_carea' id='block_1_5' title="bbox 0 0 1202 3922">
    <p class='ocr_par' dir='ltr' id='par_1_12' title="bbox 0 0 1202 3922">
     <span class='ocr_line' id='line_1_40' title="bbox 0 0 1202 3922; baseline 0 7"><span class='ocrx_word' id='word_1_312' title='bbox 0 0 1202 3922; x_wconf 95' lang='lat' dir='ltr'> </span> 
     </span>
    </p>
   </div>
  </div>
 </body>
</html>
