2508 3924
337 251 417 300 unu.
434 249 525 302 suar.
541 251 637 300 xxrx.
654 252 681 304 1.
702 239 816 320 (ιι-5.)
1008 237 1069 304 207

91 436 96 442 ·
126 405 129 414 '
145 403 209 484 (3.)
232 403 340 466 llorum
352 405 460 484 placita
476 405 656 486 Chrysippus
671 407 780 483 ingenti
797 406 965 484 garrulitate
979 415 1097 472 muta-5

79 489 122 547 vit
138 489 355 567 plurumumque
376 497 406 548 et
426 507 464 548 ex
478 488 642 568 Chrysippo
657 491 817 569 discipulus
836 492 898 551 eius
913 489 1068 550 Erasistra·

78 581 128 631 tus
142 571 308 632 Aristotelis
324 572 382 633 lilia
397 575 521 649 genitus.
558 573 609 634 hic
619 573 765 634 Antiocho
782 592 855 652 rege
870 582 970 636 sanato
988 572 1011 634 (l
1028 584 1069 634 ta-

79 655 168 714 lentis
186 655 307 715 donatus
325 664 370 714 est
385 673 401 716 a
418 671 490 732 rege
505 655 673 718 Ptolemaeo
689 657 748 717 lilio
764 660 836 735 eius,
853 667 884 718 ut
898 658 1068 736 incipiamus

52 747 111 798 set
130 741 259 817 praemia
275 740 344 798 artis
359 741 525 802 ostendere.

143 823 208 901 (4.)
229 821 295 882 Alia
309 822 398 882 factio
413 855 455 868 -
476 823 512 884 ab
532 825 737 902 experimentis
758 825 961 900 cognominant
981 824 1068 902 empi-

76 905 160 965 ricen
173 937 217 953 -
238 907 342 985 coepit·
355 907 384 965 in
402 907 516 984 Sicilia,
536 906 652 966 Acrone
666 907 866 984 Agragantino
881 908 1069 985 Empedoclis

77 989 194 1068 physici
209 991 379 1050 auctoritate
394 990 601 1050 commendato.
625 991 687 1068 (5.)
702 991 939 1069 dissederuntque
954 991 1009 1052 hae
1022 991 1096 1056 diud

78 1072 212 1149 scholae,
225 1082 255 1132 et
269 1073 361 1133 omnis
376 1091 426 1133 eas
445 1073 588 1134 damnavit
601 1073 777 1154 Herophilus
792 1076 819 1134 in
836 1076 962 1134 musicos
977 1073 1068 1152 pedes

39 1173 216 1216 cevenarum
233 1155 316 1235 pulsu
332 1156 479 1235 descripto
494 1165 680 1236 per-aetatum
694 1157 809 1234 gradus.
829 1158 952 1218 Deserta
965 1156 1069 1217 deinde

79 1239 199 1299 ethaeo
214 1248 295 1299 secta
317 1247 373 1316 est,
389 1241 520 1317 quoniam
535 1258 658 1300 necesse
674 1250 737 1301 erat
754 1243 782 1301 in
802 1260 836 1302 ea
852 1241 963 1302 litteras
980 1243 1066 1302 scire.

77 1330 186 1383 mutata
197 1331 226 1383 et
238 1341 320 1401 quam
331 1331 433 1401 postea
444 1323 684 1402 Asclepiades,ut
694 1325 852 1401 retulimus,
864 1326 1022 1386 inuenerat.
1035 1345 1065 1386 sa,
1078 1341 1100 1376 o

77 1405 195 1465 auditor
211 1408 273 1466 eius
286 1405 440 1466 Themison
455 1407 523 1483 luit,
542 1425 633 1485 seque
648 1409 723 1467 iuter
742 1410 819 1468 initia
840 1408 994 1486 adscripsit
1015 1410 1067 1485 illi,

76 1505 157 1564 mox,
173 1489 352 1567 procedente
369 1491 427 1550 uita
446 1508 507 1567 sua,
526 1499 555 1549 et
572 1491 677 1568 placita
692 1493 819 1565 mutauit,
835 1491 932 1551 sedet
948 1491 998 1551 illa
1008 1492 1067 1552 Au·

40 1593 67 1632 ns
77 1574 177 1632 tonius
189 1572 269 1633 hlusa
282 1572 409 1632 eiusdem
426 1575 594 1634 auctoritate
610 1573 667 1633 divi
682 1573 805 1650 Augusti
823 1591 907 1652 quem
924 1577 1067 1635 contraria

76 1656 221 1717 medicina
242 1658 324 1732 graui
340 1657 472 1734 periculo
492 1665 649 1718 exemerat.
681 1655 785 1718 hlultos
808 1667 962 1734 praetereo
981 1657 1094 1719 nediu

78 1756 133 1800 cos
149 1738 416 1817 celeberrimosque
430 1755 470 1799 ex
485 1739 528 1799 his
545 1739 679 1817 Cassios,
697 1739 887 1819 Calpetanos,
903 1741 1066 1816 Arruntios,

76 1823 217 1883 Rubrios.
239 1823 350 1882 ducena
371 1824 572 1900 quinquagena
583 1822 640 1884 HS.
654 1841 755 1884 *annua
769 1825 804 1883 iis
819 1824 970 1886 mercedes
984 1824 1067 1884 luere

78 1906 156 1984 apud
168 1907 326 1984 principes.
350 1904 385 1978 Q.
399 1906 550 1966 Stertinius
568 1907 707 1986 inputavit
723 1907 900 1986 principibus
920 1907 995 1986 quod
1008 1907 1065 1968 HS.

1 2007 3 2074 p
39 2011 69 2054 ao
79 1990 235 2068 quingenis
249 1990 349 2049 annuis
364 1997 514 2050 contentus
530 1998 625 2067 esset,
645 2008 771 2050 sexcena
784 1994 858 2052 enim
875 1990 930 2050 sibi
945 2000 1066 2069 quaestu

1 2081 2 2098 ³
76 2073 159 2132 urbis
180 2073 270 2132 luisse
292 2074 463 2134 enumeratis
486 2072 615 2136 domibus
640 2073 820 2134 ostendebat.
861 2091 914 2152 par
936 2083 965 2134 et
984 2075 1094 2142 iratrie

77 2160 273 2216 eiusmerces
288 2174 304 2216 a
320 2155 439 2216 Claudio
456 2155 582 2217 Caesare
597 2158 690 2216 inlusa
705 2166 760 2232 est,
776 2175 955 2236 censusque,
971 2175 1065 2242 quam-

78 2257 165 2316 quam
184 2238 316 2300 exhausti
338 2239 475 2317 operibus
495 2240 621 2318 Neapoli
643 2241 919 2317 exornata,·heredi
934 2242 991 2303 llS.
1006 2243 1066 2308 Q

78 2323 241 2399 reliquere,
266 2330 398 2399 quantum
420 2331 515 2383 aetate
537 2323 637 2383 eadem
650 2323 803 2384 Arruntius
823 2325 913 2384 solus.
946 2336 1065 2386 exortus
1141 2352 1146 2362 ¹

1 2477 2 2480 Ἴ
38 2425 68 2464 tc
78 2405 185 2465 deinde
205 2413 252 2465 est
267 2405 380 2465 Vettius
398 2403 507 2466 Valens
523 2405 661 2465 adulterio
676 2407 850 2468 Messalinae
875 2407 976 2467 Claudi
992 2409 1064 2468 Gae-

1 2545 2 2552 ,
77 2491 154 2548 saris
169 2489 334 2549 nobilitatus
349 2490 513 2567 puriterque
529 2488 711 2566 eloquentiae
725 2491 900 2550 adsectator.
931 2493 956 2550 is
971 2500 999 2550 et
1013 2510 1064 2569 po-

76 2575 195 2633 tentiam
210 2580 329 2632 nanctus
344 2589 446 2632 novam
466 2573 584 2632 instituit
600 2580 717 2632 sectam.
758 2573 859 2632 eadem
879 2582 959 2632 aetas
972 2573 1092 2637 Nero-9

76 2659 124 2715 nis
139 2657 301 2734 principatu
315 2655 350 2715 ad
369 2654 537 2716 Thessalum
558 2655 708 2714 transilivit
723 2655 865 2716 delentem
887 2665 989 2716 cuncta
1004 2657 1064 2734 pla·

78 2741 136 2799 cita
157 2748 187 2799 et
212 2738 293 2798 rabie
321 2739 441 2816 quadam
463 2741 491 2799 in
511 2741 601 2798 omnis
629 2741 693 2798 aeui
714 2739 844 2798 medicos
870 2749 1063 2817 perorantem,

40 2823 156 2901 aequali
174 2822 324 2900 prudentia
338 2823 511 2900 ingenioque
528 2823 670 2883 aestimari
689 2823 735 2882 vel
756 2839 812 2882 uno
819 2831 1000 2899 argumento
1015 2822 1063 2883 ab·

76 2905 153 2966 unde
167 2914 278 2984 potest,
293 2921 355 2964 cum
372 2908 544 2966 monimento
559 2923 625 2982 suo,
649 2907 726 2983 quod
738 2915 783 2966 est
795 2905 890 2985 Appia
907 2908 963 2983 via,
978 2908 1063 2966 iatro-

75 2991 162 3048 nicen
178 3007 211 3048 se
225 2989 413 3066 inscripserit.
445 2989 550 3049 nullius
570 2989 736 3050 histrionum
752 3006 947 3067 equorumque
963 2993 1063 3067 trigeri

77 3073 242 3134 comitatior
255 3089 396 3148 egressus
408 3073 436 3131 in
451 3072 568 3150 publico
585 3082 659 3148 erat,
681 3091 744 3134 curn
760 3071 860 3134 Crinas
875 3073 1063 3134 Massiliensis

77 3166 140 3216 arte
153 3158 314 3233 geminata,
335 3163 366 3216 ut
387 3158 496 3216 cautior
516 3157 754 3234 religiosiorque,
781 3157 956 3217 adsiderem
969 3167 1064 3217 motus

41 3258 117 3302 snex
144 3239 329 3318 ephemeride
350 3238 547 3300 mathematica
568 3239 651 3300 cibos
673 3241 765 3300 dando
791 3240 935 3319 horasque
962 3239 1061 3300 obser·

77 3323 172 3384 vando
196 3324 366 3383 auctoritate
394 3341 457 3383 eum
481 3327 658 3401 praecessit,
684 3317 833 3403 huperque
855 3327 1017 3384 sestertium
1039 3323 1062 3383 Ο

77 3407 192 3485 reliquit
209 3408 295 3466 muris
317 3409 426 3484 patriae
453 3406 663 3485 moenibusque
683 3407 746 3467 aliis
769 3426 861 3488 paene
882 3425 946 3468 nco.
961 3408 1061 3469 minori

78 3509 185 3552 summa
202 3491 365 3551 exstructis.
397 3489 433 3550 lli
447 3489 587 3567 regebant
600 3491 675 3567 lata,
698 3509 761 3551 cum
775 3500 897 3572 repente
915 3493 1057 3554 ciuitatem
1070 3503 1103 3557 10
