2396 3900
237 275 320 323 nnn.
337 275 429 324 nusn.
446 277 530 323 xum.
551 275 669 326 11—12.
688 265 838 347 (lo—19.)
992 263 1029 324 61

47 438 184 508 exemptas
213 430 372 508 adpareat,
402 449 459 491 uon
482 431 617 506 evolsas,
648 433 713 510 quis
735 428 866 492 dubitet?
907 449 962 510 qua
987 448 1032 490 ra·

46 516 109 573 bone
125 523 155 573 et
171 514 288 593 reliqua
305 514 441 576 confessa
458 517 621 591 omittimus,
639 517 723 576 sicuti
739 525 845 576 terram
862 517 940 575 circa
955 514 1033 575 radi·

45 617 86 658 ces
100 598 249 658 festucato
264 599 461 677 spissandum,
484 599 561 678 quod
578 597 649 659 Cato
666 601 785 678 primum
806 602 833 658 in
850 617 885 660 ea
908 617 941 659 re
963 617 1031 658 esse

45 690 148 758 censet,
173 683 293 761 plagam
310 701 427 762 quoque
445 703 461 744 a
477 693 579 744 trunco
599 684 688 744 oblini
704 685 769 744 bum
789 693 818 744 et
832 683 910 744 loliis
926 682 1032 762 praeli-

29 768 96 843 ugari
108 767 309 844 praecipiens.

97 851 143 910 12.
168 851 257 930 (17.)
287 849 377 911 Huius
397 851 454 912 loci
477 871 545 931 pars
568 853 668 912 estad
690 851 842 912 intervalla
863 853 1076 931 pertinenszbd

44 935 143 1014 qnidam
159 935 285 1014 punicas
301 945 330 994 et
346 945 454 1012 myrtos
470 945 499 996 et
515 937 614 997 lauros
629 936 782 995 densiores
799 937 858 995 seri
877 938 1031 1009 iusserunt,

43 1021 66 1078 in
80 1019 202 1098 pedibus
219 1029 316 1080 tamen
331 1021 471 1098 novenis,
493 1021 585 1081 malos
606 1019 727 1099 amplius
747 1019 852 1098 paulo,
876 1019 924 1080 vel
941 1018 1033 1094 magis

44 1106 116 1162 etiam
143 1105 228 1182 piros
257 1104 410 1184 magisque
439 1105 605 1182 amygdalas
635 1113 664 1163 et
691 1103 782 1180 licos,
814 1104 890 1182 quod
916 1111 1032 1181 optume

20 1187 200 1248 ndiindicabit
221 1204 367 1248 ramorum
395 1189 587 1268 amplitudinis
610 1189 684 1248 ratio
705 1188 894 1266 locorumque
919 1196 949 1246 et
973 1205 1032 1246 um-

44 1271 102 1330 brae
117 1273 260 1351 cuiusque
278 1272 403 1348 arboris,
430 1275 563 1352 quoniam
578 1272 630 1332 has
645 1289 762 1350 quoque
779 1272 930 1332 observari
946 1289 1033 1349 opor-

44 1365 85 1420 tet.
112 1355 223 1415 breves
240 1365 307 1416 snut
322 1358 452 1436 quamvis
467 1375 633 1434 magnarum
648 1357 783 1416 arborum
799 1374 873 1434 quae
888 1357 917 1416 in
931 1356 1033 1415 orbem
1092 1430 1094 1434 Α

44 1457 127 1499 ranos
143 1441 303 1516 circinum,
318 1442 389 1500 utin
404 1442 486 1501 malis
499 1443 639 1521 pirisque.
662 1440 783 1501 eaedem
801 1458 934 1500 enormes
951 1457 1032 1499 cera·

44 1525 85 1598 sis,
102 1523 200 1583 lauris.

20 1620 39 1660 1⁵
97 1608 181 1687 (18.)
209 1607 269 1667 lam
291 1609 432 1686 quaedam
453 1609 615 1668 umbrarum
636 1610 820 1688 proprietas:
856 1606 1029 1686 iuglandium
1040 1614 1075 1670 89

44 1694 130 1768 grauis
149 1701 179 1750 et
192 1693 291 1769 noxia,
309 1694 394 1754 etiarn
409 1695 496 1772 capiti
514 1693 636 1753 humano
654 1693 844 1772 omnibusque
857 1693 935 1752 iuxta
951 1691 1030 1750 satis.

44 1785 118 1834 necat
135 1777 266 1853 gramina
283 1786 312 1836 et
326 1779 421 1856 pinus,
443 1777 495 1838 sed
509 1779 604 1838 ventis
619 1786 741 1856 utraque
757 1778 878 1852 resistit,
901 1775 1033 1856 quoniam

44 1869 68 1918 ct
80 1869 211 1937 protecta
232 1863 382 1921 uinearum
402 1862 513 1922 ratione
535 1871 632 1938 egent.
662 1862 808 1922 stillicidia
825 1862 924 1940 pinus,
948 1876 1031 1938 quer·

45 1961 98 2018 cus,
111 1943 186 2004 ilicis
201 1945 463 2023 ponderosissima,
479 1945 587 2006 nullum
600 1947 743 2025 cupressi,
757 1945 856 2006 umbra
869 1946 990 2004 minuma
1004 1951 1033 2002 et

17 2027 68 2084 ain
79 2045 108 2086 se
123 2029 290 2089 convoluta.
321 2029 441 2090 ficorum
452 2029 536 2105 levis,
550 2031 679 2108 quamvis
691 2047 803 2111 sparsa,
818 2031 944 2107 ideoque
959 2029 1033 2086 inter

45 2113 133 2170 uineas
155 2114 215 2172 seri
236 2129 293 2172 non
321 2122 463 2173 vetantur.
503 2113 644 2174 ulmorum
664 2113 755 2190 lenis,
782 2114 867 2174 etiarn
889 2112 1028 2186 nutriens,
1041 2119 1076 2174 90

45 2213 215 2274 quacumque
236 2207 351 2275 opacat.
383 2197 480 2258 Attico
500 2198 574 2258 haec
594 2215 711 2276 quoque
732 2196 845 2257 videtur
862 2216 878 2257 e
895 2194 1032 2274 gravissi·

44 2279 104 2355 nis,
121 2298 177 2340 uec
192 2279 311 2358 dubito,
330 2283 355 2340 si
370 2283 532 2343 emittantur
545 2282 574 2340 in
586 2299 691 2341 ramos.
728 2283 903 2342 constrictae
918 2280 1033 2359 quidem
1087 2330 1089 2335 .

44 2362 111 2422 illius
128 2365 244 2425 noxiam
262 2384 331 2426 esse
353 2383 410 2426 non
428 2366 562 2426 arbitror.
593 2365 715 2425 iucunda
738 2375 766 2426 et
786 2365 910 2444 platani,
937 2381 1033 2442 quam·

20 2461 120 2525 aquam
140 2467 252 2510 crassa.
292 2450 365 2510 licet
385 2450 505 2528 gramini
529 2449 668 2526 credere,
698 2467 755 2509 non
782 2449 855 2525 soli,
884 2450 953 2509 haut
977 2447 1033 2506 alia

43 2531 138 2592 laetius
155 2536 310 2613 operiente
325 2543 417 2594 toros.
447 2534 557 2614 populo
573 2534 651 2595 nulla
672 2533 834 2594 ludentibus
852 2533 948 2608 loliis,
970 2531 1031 2609 pin-

44 2618 100 2692 guis
113 2618 192 2694 alno,
212 2619 265 2678 sed
281 2637 407 2697 pascens
423 2627 494 2678 sata.
525 2620 592 2678 vitis
615 2618 668 2678 sibi
690 2619 812 2692 suflicit,
836 2616 935 2677 mobili
957 2615 1074 2677 loli091

44 2701 200 2782 iactatuque
217 2702 324 2763 crebro
341 2703 434 2763 solem
447 2702 547 2763 umbra
561 2712 738 2781 temperans,
753 2701 856 2762 eodem
870 2700 951 2779 gravi
966 2715 1032 2778 pro·

45 2791 140 2861 tegens
159 2788 189 2846 in
214 2786 316 2847 imbre.
359 2788 481 2847 omnium
507 2787 570 2846 iere
590 2787 664 2846 levis
688 2786 788 2847 umbra
813 2803 933 2864 quorum
953 2783 1032 2864 pedi·

19 2868 94 2927 sculi
108 2871 197 2948 longi.
229 2889 288 2930 non
304 2871 475 2932 fastidienda
490 2872 564 2932 baec
583 2888 699 2950 quoque
715 2871 846 2947 scientia,
867 2878 953 2948 atque
976 2885 1033 2927 nou

46 2951 69 3009 in
79 2953 181 3014 ultimis
199 2955 351 3035 ponenda,
373 2955 487 3034 quaudo
501 2957 571 3016 satis
587 2956 749 3034 quibusque
762 2955 861 3015 umbra
877 2964 924 3014 aut
938 2953 1033 3013 nutrix

46 3046 85 3095 ant
97 3056 224 3100 noverca
240 3049 296 3100 est.
325 3039 499 3117 iuglandium
513 3038 626 3118 quidem
641 3041 829 3118 pinorumque
843 3048 873 3099 et
886 3039 1032 3117 picearum

1 3155 3 3217 q
46 3128 71 3178 et
84 3121 185 3184 abietis
204 3142 406 3204 quaecumque
422 3125 545 3202 attigere
561 3141 618 3182 non
634 3123 719 3184 dubie
734 3141 877 3184 venenum
894 3132 947 3182 est.

99 3206 163 3284 (19
165 3209 180 3286 )
204 3209 341 3268 Stillicidi
352 3207 450 3270 brevis
462 3208 589 3269 delinitio
602 3215 657 3267 est.
680 3209 802 3268 omnium
815 3225 889 3287 quae
901 3206 1075 3285 proiectubt

19 3285 165 3351 strenuis
158 3302 195 3352 uta
206 3291 401 3353 defenduntur
412 3301 441 3352 ut
454 3311 509 3371 per
520 3295 598 3370 ipsas
611 3309 668 3351 non
681 3292 807 3353 delluant
823 3292 941 3366 imbres,
956 3285 1031 3346 stilla

46 3388 125 3434 saeva
142 3384 195 3436 est.
225 3394 300 3454 ergo
315 3377 494 3454 plurumum
485 3378 617 3437 intererit
627 3377 708 3436 hac
699 3395 728 3435 m
743 3376 936 3454 inquisitione,
953 3380 1032 3431 terra

46 3471 70 3513 ¹11
81 3475 135 3536 qua
150 3479 281 3521 seremus
299 3462 328 3518 in
344 3469 475 3538 quantum
491 3461 613 3521 arbores
628 3478 758 3540 quasque
774 3458 871 3520 alat.
863 3475 916 3517 ram
932 3473 985 3535 per
1000 3467 1033 3510 se

48 3541 131 3602 colles
146 3546 255 3606 minora
272 3554 413 3624 quaerunt
434 3545 595 3605 intervalla.
626 3546 755 3604 ventosis
779 3542 852 3602 locis
867 3540 1034 3601 crebriores
