2504 3930
191 242 256 308 276
539 257 568 304 c.
584 256 845 304 aurursncnuns

191 411 229 472 de
243 411 354 487 stagnis
370 411 541 471 Tarentinus
561 428 596 470 ac
620 409 763 486 Phrygius
779 412 826 488 qui
846 410 981 471 Tattaeus
996 418 1119 470 vocatur.
1146 409 1171 470 hi

191 493 247 555 duo
262 495 355 554 oculis
369 495 464 554 utiles.
498 514 514 553 e
530 493 717 573 Cappadocia
731 497 819 572 quiin
834 494 981 554 laterculis
996 493 1170 554 adiertorcu·

190 579 226 636 tis
241 579 364 637 nitorem
379 577 481 637 dicitur
495 579 605 638 facere.
633 578 725 653 magis
742 587 837 636 tamen
855 579 982 638 extendit
997 579 1022 636 is
1036 595 1119 654 quem
1133 576 1168 636 di·

157 678 180 714 n
190 663 260 720 tium
274 660 498 740 appellavimus,
520 664 616 739 itaque
629 679 645 720 a
659 669 741 739 partu
756 671 886 720 ventrem
902 679 938 722 eo
955 679 1017 720 cnm
1028 660 1168 720 melanthio

147 755 180 810 85
192 745 319 807 inlinunt.
349 745 529 804 Salsissimus
541 744 584 804 sal
597 745 644 821 qui
656 745 848 819 siccissimas,
865 746 1051 804 suavissimus
1064 745 1188 804 omniunt

189 827 359 888 Tarentinus
382 837 468 906 atque
492 827 726 901 candidissimus,
750 836 780 886 et
802 837 903 888 cetero
924 827 1038 906 fragilis
1060 829 1106 905 qui
1125 844 1173 885 ma·

187 928 273 970 xume
289 911 434 970 candidus.
461 912 558 991 pluvia
576 911 718 971 dulcescit
733 913 840 986 omnis,
857 913 1020 971 suaviorem
1030 919 1123 969 tamen
1135 927 1174 970 ro·
1217 901 1224 916 ⁹

186 1013 237 1053 res
254 995 377 1070 iaciunt,
395 996 448 1054 sed
464 996 613 1073 copiosum
627 994 772 1071 aquilonis
789 995 882 1054 llatus.
913 1004 1011 1054 austro
1022 1011 1082 1052 non
1093 994 1174 1052 nasci·

187 1085 242 1136 tur.
277 1077 332 1136 llos
348 1079 417 1137 salis
432 1096 489 1137 non
508 1081 540 1138 fit
555 1079 609 1136 nisi
627 1077 818 1155 aquilonibus.
849 1080 884 1137 In
902 1079 969 1155 igne
984 1095 1042 1136 nec
1064 1077 1177 1154 crepitat

188 1178 243 1220 neo
258 1161 354 1220 ensilit
365 1161 545 1239 Tragasaeus
560 1179 655 1238 neque
668 1160 826 1220 Acanthius
836 1161 873 1222 ab
889 1161 998 1239 oppido
1010 1160 1176 1238 appellatus,
1185 1179 1204 1218 u

190 1261 246 1302 nec
260 1244 335 1303 ullus
355 1263 453 1322 spuma
471 1255 518 1304 aut
539 1254 668 1304 ramento
691 1253 738 1304 aut
753 1247 857 1304 tenuis.
885 1245 1096 1321 Agrigentinus
1113 1243 1177 1319 igni·

188 1345 234 1387 nm
258 1329 370 1404 patiens
395 1347 433 1388 ex
457 1347 531 1406 aqua
551 1329 659 1388 exsilit.
694 1327 765 1387 Sunt
786 1337 815 1387 et
843 1328 973 1388 colorum
996 1327 1178 1388 differentiae.

145 1421 180 1476 86
191 1411 275 1470 rubet
286 1411 429 1489 Memphi,
444 1413 523 1472 ruins
537 1421 582 1471 est
594 1413 672 1471 circa
684 1410 792 1486 Oxum,
806 1410 999 1490 Centumripis
1012 1427 1179 1490 purpureus,

189 1497 267 1554 circa
279 1493 378 1554 Gelam
392 1496 422 1554 in
438 1495 539 1555 eadem
550 1496 649 1555 Sicilia
664 1496 733 1554 tanti
748 1495 914 1572 splendoris
929 1504 959 1554 ut
970 1497 1124 1572 imaginem
1139 1512 1179 1552 re·

188 1579 300 1657 cipiat.·
317 1581 344 1637 in
360 1577 544 1658 Cappadocia
558 1581 691 1638 crocinus
703 1578 851 1654 effoditur,
867 1578 1026 1639 tralucidus
1040 1588 1071 1638 et
1082 1579 1177 1638 odora·
1187 1590 1206 1631 n

186 1663 323 1721 tissimus.
353 1661 399 1721 Ad
410 1663 569 1722 medicinae
583 1681 651 1721 usus
666 1663 772 1739 antiqui
783 1662 965 1724 Tarentinum
979 1679 1113 1722 maxume
1126 1661 1179 1720 lau·

188 1745 308 1822 dabant,
325 1745 359 1805 ab
378 1747 434 1806 hoc
455 1763 695 1825 quamcumquae
713 1747 846 1820 marinis,
872 1763 909 1805 ex
930 1763 967 1806 eo
983 1763 1098 1822 genere
1119 1763 1179 1822 spu·

45 1899 47 1903 Ι
188 1847 282 1887 meum
293 1831 460 1908 praecipue,
472 1831 659 1889 iumentorum
670 1846 742 1888 uero
755 1837 784 1888 et
795 1829 981 1889 boumoculis
989 1830 1181 1906 Tragasaeum

145 1923 178 1978 87
191 1911 386 1972 etBaeticum.
416 1913 462 1973 Ad
477 1915 630 1992 opsonium
646 1921 675 1971 et
689 1913 783 1972 cibum
798 1913 894 1972 utilior
909 1914 1041 1990 quisquis
1053 1913 1139 1972 facile
1151 1911 1179 1970 li·

189 1997 319 2073 quescit,
334 1997 401 2056 item
417 1996 554 2070 umidior,
576 1998 714 2055 minorem
737 1998 809 2055 enim
832 1996 1048 2065 amaritudinem
1072 1995 1207 2067 habenta

186 2089 217 2137 ut
230 2078 345 2138 Atticus
360 2089 388 2139 et
403 2079 559 2140 Euboicus.
587 2078 737 2140 servandis
754 2080 887 2140 carnibus
898 2082 995 2158 aptior
1005 2097 1078 2138 acer
1089 2088 1119 2137 et
1133 2079 1181 2135 sic·

188 2181 254 2236 cus,
276 2170 305 2220 ut
321 2161 495 2239 Megaricus.
529 2162 659 2221 conditur
682 2164 766 2222 etiam
784 2163 921 2223 odoribus
943 2162 1049 2222 additis
1075 2173 1105 2221 et
1127 2159 1181 2238 pul·

186 2245 306 2303 mentori
321 2246 413 2304 vicem
426 2245 516 2323 inplet
531 2246 696 2305 aviditatem
710 2247 832 2306 invitans
849 2247 1042 2323 excitansqne
1058 2247 1088 2305 iu
1100 2243 1182 2305 omni·

186 2327 239 2386 hus
253 2327 340 2402 cibis,
356 2329 394 2388 ita
407 2338 436 2387 ut
452 2329 489 2388 sit
502 2330 658 2405 peculiaris
671 2348 709 2388 ex
723 2347 760 2388 eo
775 2330 940 2390 intellectus
954 2332 1031 2388 inter
1043 2331 1182 2388 innumera

144 2422 178 2477 88
189 2411 368 2472 condimenta
383 2413 495 2471 interim
508 2413 536 2470 in
548 2413 724 2489 mandendo,
740 2415 887 2491 quaesitus
901 2429 984 2489 garo.
1013 2415 1083 2490 quin
1095 2421 1124 2470 et
1138 2427 1172 2488 pe
1188 2415 1209 2456 ²⁵

187 2495 275 2554 codes
292 2505 476 2574 armentaque
500 2503 528 2554 et
549 2497 672 2556 iumenta
699 2497 761 2556 sale
782 2514 915 2557 maxume
936 2495 1132 2556 sollicitantur
1151 2491 1183 2552 ad

186 2587 286 2656 pastus
301 2579 417 2639 multum
432 2579 561 2655 largiore
583 2579 658 2638 lacte
676 2580 823 2657 multoque
840 2581 970 2655 gratiore
986 2579 1075 2638 etiam
1098 2579 1126 2636 in
1141 2593 1181 2635 ca·

185 2679 237 2721 seo
254 2662 332 2722 dote.
363 2681 457 2739 ergo,
477 2662 635 2738 Hercules,
658 2664 715 2722 vita
730 2662 879 2722 humanior
894 2664 957 2720 sine
973 2661 1036 2721 sale
1053 2661 1183 2737 nunquit

185 2745 312 2822 degere,
346 2746 478 2824 adeoque
500 2741 697 2805 necessarium
723 2745 896 2805 clementum
922 2754 1018 2804 estut
1042 2743 1183 2804 transierit

183 2827 351 2888 intellectus
367 2829 401 2888 ad
417 2829 582 2906 uoluptates
608 2830 692 2888 animi
717 2847 842 2907 quoque.
872 2829 1002 2890 nimirum
1023 2827 1120 2887 asale
1138 2843 1181 2903 ap·
1172 2833 1211 2874 -ti

109 2930 111 2936 ’
185 2911 343 2988 pellantur,
362 2913 512 2990 omnisque
531 2915 606 2972 vitae
622 2913 707 2990 lepos
723 2922 753 2971 et
766 2930 872 2972 summa
894 2912 1023 2972 hilaritas
1040 2911 1182 2971 laborum·

142 3006 176 3060 89
189 3012 243 3072 que
266 2998 385 3072 requies
404 3011 462 3054 non
485 2996 543 3056 alio
566 2997 658 3078 magis
680 2995 825 3056 uocabulo
856 3004 978 3056 constat.
1024 2985 1183 3054 honoribus

185 3079 272 3136 etiarn
288 3078 484 3156 militiaeque
475 3079 667 3158 interponitur
686 3078 799 3140 salariis
814 3079 880 3138 inde
895 3079 980 3138 dictis
994 3095 1102 3154 magna
1112 3072 1183 3174 apud

184 3162 316 3238 antiquos
331 3163 518 3239 auctoritate,
541 3165 615 3222 sicut
629 3163 750 3242 adparet
765 3181 802 3222 ex
823 3163 937 3222 nomine
958 3162 1091 3222 Salariae
1110 3162 1181 3233 viae,

184 3245 315 3321 quoniam
336 3245 385 3304 illa
407 3245 545 3305 selamin
568 3245 691 3306 Sabinos
719 3247 829 3324 portari
855 3253 1040 3306 convenerat.
1085 3244 1211 3304 Aucustt

183 3324 309 3386 lllarcius
323 3345 376 3386 rex
392 3328 464 3387 salis
478 3330 593 3389 modios
611 3335 641 3390 Vr
656 3331 685 3390 in
701 3332 851 3406 congiario
869 3329 948 3389 dedit
962 3328 1126 3406 populiset
1140 3341 1180 3384 sa·

183 3409 257 3468 linas
273 3411 379 3487 primus
397 3413 525 3470 instituit.
558 3415 652 3472 Varro
669 3415 752 3472 etiam
769 3413 940 3490 pulmentari
955 3413 1018 3470 vice
1045 3428 1118 3470 usos
1134 3427 1180 3468 ue·

181 3499 261 3550 teres
285 3501 386 3552 auctor
406 3502 468 3571 est,
489 3502 519 3554 et
537 3495 627 3556 salem
646 3513 710 3556 cum
724 3515 800 3577 panc
815 3499 939 3557 esitasse
955 3512 1007 3556 eos
1020 3491 1179 3572 proverbio
