2504 3930
399 261 750 316 summasunmna.
769 253 846 330 (38.)
953 278 956 283 ·
1049 255 1169 328 229,-

110 419 193 478 inlini
210 425 376 478 monstrant.
408 415 523 476 laudant
538 428 567 477 et
583 418 709 496 gallinae
725 418 781 494 iel,
805 427 834 477 et
856 422 1013 501 praecipue
1034 422 1157 488 adi-124

1 567 2 582 ,
113 521 191 582 pern,
210 499 444 580 contra'pusulas
464 503 633 580 inpupillis.
675 502 727 560 bas
744 503 858 562 scilicet
881 505 941 580 eius
962 508 1004 564 rei
1022 509 1114 582 gratia

114 588 256 662 saginant.
294 585 408 644 adiuvat
425 585 546 644 mirifice
569 595 598 645 et
620 595 719 664 ruptas
743 586 891 645 oculorum
909 589 1049 648 tuniculas
1066 591 1115 649 ad·

112 670 209 728 mixtis
225 667 334 727 schisto
357 677 386 726 et
400 667 553 728 haematite
576 668 729 748 lapidibus.
763 671 860 729 limum
872 689 988 750 quoque
1006 691 1113 748 earum,

90 754 258 814 adumtaxat
277 750 436 827 candidum,
453 754 480 810 in
497 754 564 812 oleo
579 762 682 813 vetere
699 756 873 832 corneisque
892 755 1045 831 pyxidibus
1065 757 1112 817 ad-

113 845 233 896 servant
250 835 286 895 ad
301 834 473 914 pupillarum
489 837 655 914 albugines,
676 838 773 914 quain
789 840 934 897 mentione
950 841 1113 916 significan-

112 920 178 979 dum
196 928 241 978 est
256 937 386 997 pavones
402 921 496 978 limum
512 940 591 981 suum
613 920 770 980 resorbere
791 922 863 980 tradi
884 924 1036 982 invidentis
1061 925 1113 983 ho·

111 1006 217 1062 minum
233 1002 410 1063 utilitatibus.
431 1003 581 1084 Accipiter
592 1005 731 1064 decoetus
745 1007 773 1062 in
786 1023 910 1065 rosaceo
923 1007 1092 1066 efficacissi·
1106 1019 1155 1072 125
1215 1060 1219 1069 .

113 1104 175 1146 mus
189 1086 226 1146 ad
249 1088 430 1146 inunctiones
446 1090 567 1147 omnium
590 1090 723 1149 vitiorum
741 1098 873 1166 putator,
896 1091 962 1148 item
980 1093 1037 1150 timi
1052 1091 1114 1150 eius

78 1187 104 1230 ιο
116 1165 186 1230 einis
202 1189 264 1229 curn
281 1170 379 1229 Attico
394 1170 492 1230 melle.
532 1172 664 1232 laudatur
681 1181 710 1230 et
725 1173 802 1231 milvi
818 1175 916 1250 iecur,
933 1175 1028 1234 fimum
1043 1193 1112 1252 quo-

113 1272 171 1332 que
187 1253 381 1313 columbarum
398 1271 435 1315 ex
451 1265 536 1314 aceto
556 1256 590 1315 ad
605 1256 769 1334 aegilopia,
794 1257 926 1316 similiter
950 1258 985 1317 ad
1001 1259 1112 1334 albugi-

111 1355 166 1396 nes
181 1346 209 1397 et
230 1339 400 1413 cicatrices,
426 1337 468 1398 iel
484 1341 664 1415 anserinum,
688 1343 804 1415 sanguis
830 1349 942 1400 anatum
964 1344 1111 1401 contunsis

112 1420 207 1480 oculis
222 1422 261 1480 ita
276 1429 307 1479 ut
323 1431 428 1499 postea
445 1439 559 1500 oesypo
577 1432 606 1482 et
622 1421 709 1482 melle
720 1425 932 1508 inunguantur,
957 1426 997 1486 iel
1015 1426 1111 1504 perdi-

113 1519 176 1564 cum
194 1521 257 1563 cum
272 1505 367 1565 mellis
381 1522 476 1583 aequo
492 1506 640 1584 pondere,
665 1524 718 1585 per
740 1525 772 1565 se
794 1525 866 1587 vero
888 1509 923 1568 ed
940 1509 1109 1569 claritatem.

1 1580 2 1614 ³
76 1608 101 1648 15
111 1607 149 1647 ex
163 1587 350 1666 Hippocratis
372 1598 472 1666 putant
487 1592 658 1650 auctoritate
675 1590 750 1650 adici
766 1591 842 1669 quod
863 1594 890 1650 ln
906 1602 1046 1669 argentea
1060 1611 1111 1670 py-

109 1671 179 1734 xido
187 1673 215 1733 id
225 1672 450 1733 servariiubent.
467 1675 679 1751 ovaperdicom
687 1678 715 1733 in
723 1689 794 1734 vase
804 1693 892 1734 aereo
901 1677 1022 1736 decocta
1032 1694 1093 1735 curn
1103 1681 1157 1741 126'

110 1758 199 1818 melle
216 1757 363 1816 ulceribus
381 1755 531 1816 oculorum
555 1766 584 1816 et
607 1759 798 1839 glaucomatis
813 1759 973 1819 medentur.
1003 1759 1112 1820 colurn-

108 1841 221 1917 barum,
240 1840 423 1920 palumbium,
441 1849 590 1918 torturum,
603 1842 753 1919 perdicum
768 1844 886 1919 sanguis
899 1843 993 1902 oculis
1007 1861 1110 1904 cruore

103 1925 238 1985 subfusis
261 1927 364 1984 eximie
382 1925 512 2003 prodest.
545 1927 574 1984 in
592 1925 734 1987 columbis
749 1920 892 1986 masculae
914 1928 1111 1987 efficaciorem

73 2027 100 2066 uo
111 2018 223 2088 putant,
241 2027 314 2068 vena
330 2019 424 2068 autem
440 2009 492 2068 sub
509 2009 554 2070 ala
570 2010 605 2069 ad
621 2010 696 2070 hunc
712 2029 793 2070 usum
811 2010 958 2086 inciditur,
977 2013 1110 2090 quoniam

1 2104 2 2107 ’
111 2110 164 2152 suo
183 2093 282 2151 calore
303 2093 400 2152 utilior
423 2102 477 2152 est.
512 2089 671 2173 superponi
695 2105 813 2174 oportet
830 2093 1002 2172 spleniume
1022 2094 1110 2155 melle

111 2172 265 2236 decoctum
285 2175 436 2254 lanamque
460 2179 587 2238 sucidam
611 2197 649 2238 ex
673 2179 740 2238 oleo
763 2197 798 2239 ae
820 2180 897 2238 vino.
926 2179 1089 2239 Earundem
1101 2189 1151 2244 127

112 2260 206 2318 avium
229 2263 345 2336 sanguis
360 2261 532 2340 nyctalopas
556 2255 645 2322 sanat'
663 2272 692 2322 et
712 2265 794 2322 ieeur
815 2265 924 2340 ovium,
946 2272 1050 2341 atque,
1081 2272 1110 2322 ut

114 2344 143 2400 in
159 2345 252 2420 capris
268 2343 401 2420 diximus,
420 2344 569 2404 ellicaoius
583 2346 690 2420 fulvae.
724 2346 849 2406 decocto
868 2364 984 2425 quoque
1002 2347 1063 2405 eius
1074 2365 1105 2407 aa,
1118 2365 1152 2400 no

73 2425 215 2485 sacculos
231 2425 349 2486 abluere
370 2426 490 2486 suadent
511 2438 540 2487 et
559 2429 684 2488 medulla
702 2429 820 2489 dolores
843 2439 1030 2507 tumoresque
1046 2429 1108 2487 inli-

110 2527 193 2569 nere.
212 2508 337 2569 Bubonis
350 2510 497 2569 oculorum
510 2513 582 2570 einis
594 2513 718 2586 collyrio
729 2515 833 2583 mixtus
845 2513 1003 2572 claritatem
1016 2511 1109 2571 oeulis

109 2593 212 2653 iacere
228 2594 409 2672 promittitur.
447 2595 565 2655 turturis
580 2595 674 2654 dmum
695 2597 847 2672 albugines
865 2605 1016 2670 extenuat,
1041 2597 1108 2653 item

1 2687 2 2696 ¹
112 2678 279 2738 coclearum
296 2679 385 2753 ciuis,
402 2678 495 2737 limum
512 2679 685 2738 cenchridis.
719 2682 888 2758 accipitrum
902 2681 1019 2755 generis
1034 2676 1109 2737 bane

110 2759 217 2822 Graeci
231 2761 348 2820 iaciunt.
376 2762 503 2838 Argenta
518 2781 556 2822 ex
571 2763 658 2837 melle
674 2763 804 2822 omnibus
821 2780 894 2841 quae
910 2780 997 2840 supra
1015 2764 1151 2825 sori-128

73 2855 161 2924 copta
187 2853 251 2903 sunt
272 2854 395 2905 sanatur.
434 2847 489 2905 mel
505 2847 682 2907 utilissimum
709 2847 801 2906 oeulis
822 2850 851 2906 iu
874 2864 931 2924 quo
955 2863 1026 2924 apes
1053 2845 1108 2903 sint

109 2932 282 2988 inmortuae.
319 2928 456 2990 ciconiae
471 2931 580 3008 pullum
596 2933 642 3010 qui
662 2932 754 2991 ederit
777 2939 898 3007 negatur
919 2931 1000 2989 annis
1018 2929 1107 2989 conti-

1 3070 5 3076 .
109 3015 174 3072 nuis
190 3013 359 3091 lippituros,
381 3015 449 3073 item
468 3017 516 3091 qul
532 3015 666 3075 draconis
682 3024 767 3094 caput
780 3014 895 3074 babeat.
924 3015 1007 3074 buius
1022 3010 1107 3089 adipe

111 3105 143 3156 et
165 3096 253 3156 melle
278 3115 339 3157 com
363 3098 429 3157 oleo
451 3107 551 3158 vetere
572 3100 736 3180 incipientis
759 3099 899 3176 caligines
923 3098 1027 3157 discuti
1050 3103 1105 3153 tra·

111 3180 190 3240 dunt.
226 3180 409 3240 Hirundlnum
425 3181 527 3260 pullos
538 3185 624 3261 plena
638 3184 704 3242 luna
721 3192 896 3260 excaecant,
918 3183 1106 3254 restitutaque

72 3275 213 3322 eteorum
236 3266 299 3323 acie
323 3267 415 3343 capita
438 3266 658 3342 comburuntur,
681 3269 778 3327 cinere
802 3285 866 3327 cum
886 3265 972 3324 melle
993 3269 1107 3322 utuntur

111 3347 148 3406 ad
168 3347 326 3406 claritatem
345 3357 373 3406 et
394 3349 512 3410 dolores
533 3367 568 3411 ae
584 3351 769 3430 lippitudines
790 3359 820 3411 et
834 3353 916 3410 ictus.
950 3347 1149 3408 lamentastis

111 3446 231 3508 qnoque
249 3429 378 3508 pluribus
398 3433 490 3493 modis
505 3434 540 3494 ad
563 3436 713 3495 oculorum
727 3433 853 3494 remedia
868 3433 1026 3494 adsumunt.
1058 3426 1106 3487 alii

109 3513 234 3572 viridem
255 3514 402 3574 includunt
417 3534 492 3576 novo
508 3518 597 3595 fictili,
615 3529 645 3578 et
661 3518 779 3598 lapillos
796 3519 843 3596 qui
856 3524 994 3578 vocantur
1009 3513 1107 3572 cinae-
