2458 3906
161 249 220 309 174
507 253 535 300 c.
555 253 649 300 nurui
665 251 815 300 saeuum

158 415 224 476 solo
248 411 391 490 gaudeat,
415 410 498 486 rigua
520 407 590 468 odit.
614 417 643 467 et
663 415 757 467 tamen
773 406 953 486 proprietate
970 407 1087 486 quadam
1100 407 1152 466 soli

160 505 303 572 constant,
329 493 542 554 laudatissimus
564 492 592 552 in
607 492 762 570 Aegypto,
785 507 853 551 mox
874 489 974 552 Ostiae
994 501 1077 570 atque
1092 490 1152 550 ‘Ari-

160 581 233 644 ciae.
268 579 372 640 sectivi
395 577 453 638 duo
474 590 600 654 genera:
636 574 812 636 herbaceum
839 575 912 636 folio
940 576 1071 636 incisuris
1095 577 1151 636 eius

159 663 342 728 evidentibus
359 674 417 740 quo
433 669 547 720 utuntur
562 661 818 736 medicamentarii,
834 660 957 722 alterum
971 676 1063 738 genus
1078 660 1151 720 davi-

158 750 248 813 dioris
263 747 316 810 ioli
331 745 577 825 rotundiorisque,
597 743 756 805 leuioribus
774 745 916 804 incisuris.
934 738 1027 805 vFama
1042 755 1084 805 est
1092 743 1173 804 lle-s

158 835 215 895 lam
232 831 376 912 equestris
393 830 519 905 ordinis,
544 845 624 888 reum
642 847 679 888 err
695 831 901 907 procuratione
919 847 934 890 a
951 823 1067 890 liberio
1081 830 1153 908 prin»

158 919 225 997 cipe
247 917 437 990 accersitum,
458 915 487 972 in
501 927 610 975 summa
625 914 831 992 desperatione
847 930 918 974 suco
933 914 1014 994 porri
1027 912 1063 974 ad
1074 915 1154 974 trium

159 1001 342 1064 denariorum
357 1007 560 1076 argenteorum
576 996 808 1076 pondus-hausto
824 997 977 1057 confestim
994 999 1156 1076 exspirasse

159 1087 222 1147 sine
239 1085 377 1145 cruciatu.
402 1082 572 1160 ampliorem
587 1081 701 1142 modum
715 1090 823 1158 negant
839 1083 956 1142 noxium
970 1099 1046 1145 esse.

116 1185 163 1237 111
235 1164 319 1248 (34.)
337 1166 432 1226 Alium
441 1166 484 1226 ‘ad
497 1165 585 1226 multa
598 1166 673 1225 ruris
687 1166 846 1245 praecipue
857 1166 1064 1226 medicamenta
1072 1165 1182 1246 prod-u

159 1274 227 1316 esse
252 1252 388 1313 creditur.
418 1251 594 1310 tenuissimis
617 1259 743 1329 atquae
766 1259 937 1329 separantur
954 1252 982 1310 iu
998 1252 1159 1311 universum

159 1339 273 1400 velatur
291 1334 479 1410 membranis,
509 1345 578 1394 mox
590 1333 721 1414 pluribus
741 1342 960 1412 congruentatur
975 1335 1102 1411 nucleis,
1130 1344 1159 1394 et

158 1424 203 1485 his
218 1420 374 1501 separatim
391 1419 512 1479 vestitis.
540 1419 638 1497 asperi
652 1419 766 1498 saporis
781 1431 838 1498 quo
852 1419 952 1498 pluras
967 1419 1062 1480 nuclei
1077 1420 1160 1481 lucre

158 1509 215 1568 hoo
228 1514 273 1566 est
285 1505 426 1584 asperius.
444 1503 568 1564 taedium
579 1502 646 1563 huic
657 1521 775 1582 quoque
786 1503 886 1580 halitu,
902 1513 932 1563 ut
944 1505 1037 1583 cepis,
1053 1504 1160 1564 nullum

118 1602 168 1656 112
179 1600 274 1652 tamen
298 1590 402 1650 coctis.
443 1585 587 1648 Generum
603 1587 764 1648 differentia
781 1589 808 1646 in
824 1597 957 1667 tempore
972 1623 1014 1634 -
1029 1603 1187 1668 praecoma

158 1675 325 1738 maturescit
347 1674 497 1750 sexaginta
518 1673 621 1733 diebus
642 1707 699 1748 —-,
721 1674 827 1732 lumin
849 1673 1055 1750 magnitudine.
1087 1673 1162 1752 ulpi-

159 1773 222 1820 cum
246 1776 362 1838 quoque
386 1760 414 1817 in
438 1757 495 1816 hoe
515 1773 626 1834 genere
651 1755 759 1816 Graeci
781 1757 974 1836 appellavere
996 1758 1081 1818 alium
1106 1755 1164 1834 Cy·

159 1846 260 1924 prium,
279 1841 327 1902 alii
343 1841 566 1917 antiscorodou,
583 1841 742 1921 praecipue
757 1841 875 1902 Africae
892 1841 1072 1902 celebratum
1087 1845 1164 1903 inter

157 1927 345 2008 pulmentaria
362 1926 452 2002 ruris,
475 1927 611 2003 grandius
627 1925 695 1986 alio.
724 1927 819 1985 tritum
837 1927 865 1986 in
879 1926 948 1987 oleo
964 1936 993 1986 et
1010 1936 1097 1988 aceto
1114 1929 1164 1986 mi·

157 2031 219 2072 rum
241 2020 376 2090 quantum
390 2011 528 2070 increscit
546 2027 656 2090 spuma.
701 2008 823 2083 Quidum
838 2010 965 2090 ulpicum
985 2020 1015 2072 et
1028 2012 1121 2072 alium
1137 2013 1192 2070 ina

157 2095 244 2176 plano
265 2096 325 2154 seri
345 2103 444 2155 vetant
465 2095 697 2172 castellatimque
717 2095 856 2172 grumulis
872 2097 970 2175 inponi
988 2096 1166 2157 distantibus

157 2183 232 2241 inter
253 2197 286 2239 se
309 2179 400 2258 pedes
423 2189 533 2240 ternos.
572 2181 648 2238 inter
669 2195 759 2256 grana
780 2180 861 2256 digiti
881 2193 937 2241 1111
951 2182 1100 2242 interesse
1116 2182 1166 2242 de-

156 2265 243 2340 hent,
269 2264 353 2324 slmul
374 2273 460 2342 atque
481 2267 537 2325 tria
556 2263 627 2324 lolia
648 2273 820 2343 eruperunt,
843 2266 935 2325 sariri.
965 2266 1169 2344 grandescunt

114 2359 165 2413 113
177 2365 235 2429 quo
257 2350 374 2428 saepius
394 2351 547 2409 sariuntur.
592 2347 845 2408 Maturescentium
867 2348 966 2411 caules
983 2348 1126 2429 depressi
1141 2352 1169 2410 in

155 2443 262 2492 terram
284 2432 451 2493 obruuntur.
480 2434 519 2493 ita
540 2441 659 2492 cavetur
679 2449 716 2492 ne
736 2433 765 2492 in
780 2434 912 2495 frondem
930 2434 1088 2495 luxurient.
1136 2434 1199 2495 lun

156 2517 269 2594 frigidis
291 2517 388 2577 utilius
408 2535 480 2577 vere
501 2518 560 2577 seri
576 2535 660 2596 quam
676 2527 818 2578 autumno.
843 2528 944 2578 cetero
961 2527 991 2579 ut
1005 2519 1105 2579 odore
1121 2535 1170 2580 ca·

155 2611 253 2677 ream,
270 2603 363 2662 omnia
380 2600 455 2660 haec
472 2601 606 2662 iubentur
624 2603 693 2678 seri,
710 2619 773 2660 cum
789 2603 856 2663 luna
872 2602 924 2662 sub
940 2613 1019 2664 terra
1034 2604 1086 2679 sit,
1106 2603 1170 2664 col·

155 2685 225 2762 ligi,
248 2703 311 2746 cum
333 2687 361 2744 in
387 2685 474 2744 coitu.
505 2686 568 2744 sine
589 2685 633 2745 his
648 2685 806 2746 lienander
823 2706 840 2747 e
859 2686 978 2748 Graecis
993 2697 1106 2748 auctor
1125 2697 1174 2748 est

156 2769 241 2830 alium
260 2769 427 2849 edentibus,
449 2770 475 2828 si
489 2770 617 2830 radicem
631 2770 717 2830 betae
730 2771 759 2829 in
774 2788 865 2850 pruna
880 2781 986 2833 tostam
1001 2773 1171 2852 superede-

114 2865 165 2918 114
174 2856 246 2930 rint,
264 2853 384 2914 odorem
401 2856 555 2932 exstingui.
601 2855 672 2915 Sunt
687 2856 736 2934 qui
752 2865 781 2915 et
796 2856 881 2916 alium
898 2865 928 2917 et
942 2856 1074 2935 ulpicum
1092 2847 1199 2918 interd

156 2937 319 3018 Compitalia
342 2957 377 2998 ac
398 2939 559 2999 Saturnalia
581 2941 640 2998 seri
660 2940 808 3018 aptissime
825 2949 935 3018 putent.
962 2941 1052 3002 alium
1072 2951 1107 3002 et
1124 2961 1174 3002 se·

154 3027 229 3083 mine
245 3025 395 3103 provenit,
418 3023 471 3084 sed
487 3024 579 3084 tarde.
607 3025 699 3102 primo
716 3025 790 3084 enim
805 3041 880 3086 anno
894 3026 976 3104 porri
992 3027 1175 3087 crassitudi-

154 3125 220 3167 nem
242 3108 337 3186 capite
362 3107 469 3183 elficit,
496 3110 630 3187 sequenti
654 3109 804 3186 dividitur,
831 3112 917 3170 tertio
934 3121 1176 3188 consummatur,

155 3192 362 3270 pulchriusque
377 3192 436 3252 tale
453 3192 615 3252 existimant
630 3193 753 3274 quidam.
776 3195 804 3253 in
820 3211 920 3254 semen
936 3196 1018 3256 exire
1034 3213 1101 3255 non
1120 3196 1177 3256 de·

154 3274 221 3351 het,
238 3276 291 3336 sed
306 3277 466 3354 intorqueri
481 3277 571 3337 caulis
586 3286 664 3338 satus
679 3279 782 3356 gratia,
798 3281 838 3338 uti
857 3289 942 3358 caput
958 3280 1090 3341 validius
1108 3275 1199 3344 nard

111 3369 162 3424 115
172 3359 256 3432 Quod
273 3361 296 3420 si
313 3360 416 3421 diutius
428 3361 512 3420 alium
524 3377 685 3441 ‘cepamque
699 3363 863 3424 inveterare
875 3363 975 3445 libeat,
992 3379 1073 3443 aqua
1086 3364 1179 3424 salsa

153 3444 252 3521 tepida
268 3445 363 3522 capita
376 3445 529 3522 unguenda
543 3456 618 3506 suut.
642 3448 683 3506 ita
699 3445 874 3510 diuturniora
890 3448 1182 3528 innumeramque

154 3529 218 3586 usui
240 3537 269 3587 et
288 3530 317 3587 in
340 3537 403 3588 satu
429 3529 549 3594 sterilia.
580 3531 633 3591 'aiii
650 3532 777 3592 contenti
789 3542 857 3593 *sunt
871 3533 963 3613 primo
975 3550 1075 3614 super
1098 3551 1181 3614 pru-
