<?xml version="1.0" encoding="UTF-8"?>
<!DOCTYPE html PUBLIC "-//W3C//DTD XHTML 1.0 Transitional//EN"
    "http://www.w3.org/TR/xhtml1/DTD/xhtml1-transitional.dtd">
<html xmlns="http://www.w3.org/1999/xhtml" xml:lang="en" lang="en">
 <head>
  <title>
</title>
<meta http-equiv="Content-Type" content="text/html;charset=utf-8" />
  <meta name='ocr-system' content='tesseract 3.04.00' />
  <meta name='ocr-capabilities' content='ocr_page ocr_carea ocr_par ocr_line ocrx_word'/>
</head>
<body>
  <div class='ocr_page' id='page_1' title='image "./naturalishistor00plingoog_0679.png"; bbox 0 0 2504 3930; ppageno 0'>
   <div class='ocr_carea' id='block_1_1' title="bbox 337 275 1084 355">
    <p class='ocr_par' dir='ltr' id='par_1_1' title="bbox 337 275 1084 355">
     <span class='ocr_line' id='line_1_1' title="bbox 337 275 1084 355; baseline 0.003 -19"><span class='ocrx_word' id='word_1_1' title='bbox 337 288 417 337; x_wconf 76' lang='lat' dir='ltr'>uun.</span> <span class='ocrx_word' id='word_1_2' title='bbox 431 287 521 335; x_wconf 78' lang='lat' dir='ltr'>mss.</span> <span class='ocrx_word' id='word_1_3' title='bbox 536 288 633 336; x_wconf 82' lang='lat' dir='ltr'>xm.</span> <span class='ocrx_word' id='word_1_4' title='bbox 649 287 675 340; x_wconf 80' lang='lat' dir='ltr'>a.</span> <span class='ocrx_word' id='word_1_5' title='bbox 691 275 839 355; x_wconf 77' lang='lat' dir='ltr'>(ar-aa.)</span> <span class='ocrx_word' id='word_1_6' title='bbox 1021 275 1084 338; x_wconf 83' lang='lat'>267</span> 
     </span>
    </p>
   </div>
   <div class='ocr_carea' id='block_1_2' title="bbox 4 441 1128 3592">
    <p class='ocr_par' dir='ltr' id='par_1_2' title="bbox 8 441 1084 522">
     <span class='ocr_line' id='line_1_2' title="bbox 8 441 1084 522; baseline 0 -20"><span class='ocrx_word' id='word_1_7' title='bbox 8 482 15 495; x_wconf 78' lang='lat'><strong>·</strong></span> <span class='ocrx_word' id='word_1_8' title='bbox 92 460 179 502; x_wconf 93' lang='lat' dir='ltr'>aerea</span> <span class='ocrx_word' id='word_1_9' title='bbox 196 441 323 500; x_wconf 90' lang='lat' dir='ltr'>inliciunt</span> <span class='ocrx_word' id='word_1_10' title='bbox 338 449 386 500; x_wconf 94' lang='lat' dir='ltr'>aut</span> <span class='ocrx_word' id='word_1_11' title='bbox 403 442 426 499; x_wconf 87' lang='lat' dir='ltr'>si</span> <span class='ocrx_word' id='word_1_12' title='bbox 446 441 591 518; x_wconf 82' lang='lat' dir='ltr'>legumina</span> <span class='ocrx_word' id='word_1_13' title='bbox 609 442 691 501; x_wconf 87' lang='lat' dir='ltr'>tarde</span> <span class='ocrx_word' id='word_1_14' title='bbox 712 451 885 522; x_wconf 70' lang='lat' dir='ltr'><strong>perennant,</strong></span> <span class='ocrx_word' id='word_1_15' title='bbox 910 444 933 501; x_wconf 90' lang='lat' dir='ltr'>si</span> <span class='ocrx_word' id='word_1_16' title='bbox 957 443 1084 520; x_wconf 76' lang='lat' dir='ltr'>liquatae</span> 
     </span>
    </p>

    <p class='ocr_par' dir='ltr' id='par_1_3' title="bbox 8 524 1126 771">
     <span class='ocr_line' id='line_1_3' title="bbox 8 524 1084 604; baseline -0.001 -19"><span class='ocrx_word' id='word_1_17' title='bbox 8 537 9 554; x_wconf 66' lang='lat'>¹</span> <span class='ocrx_word' id='word_1_18' title='bbox 92 527 196 586; x_wconf 92' lang='lat' dir='ltr'>leniter</span> <span class='ocrx_word' id='word_1_19' title='bbox 213 533 318 584; x_wconf 87' lang='lat' dir='ltr'>terram</span> <span class='ocrx_word' id='word_1_20' title='bbox 334 524 475 582; x_wconf 88' lang='lat' dir='ltr'>relincunt</span> <span class='ocrx_word' id='word_1_21' title='bbox 497 525 696 604; x_wconf 79' lang='lat' dir='ltr'><strong>decoctaeque</strong></span> <span class='ocrx_word' id='word_1_22' title='bbox 719 529 824 586; x_wconf 90' lang='lat' dir='ltr'>crassis</span> <span class='ocrx_word' id='word_1_23' title='bbox 846 525 991 585; x_wconf 88' lang='lat' dir='ltr'>obducunt</span> <span class='ocrx_word' id='word_1_24' title='bbox 1014 543 1084 585; x_wconf 86' lang='lat' dir='ltr'>vasa</span> 
     </span>
     <span class='ocr_line' id='line_1_4' title="bbox 94 608 1126 673; baseline 0.007 -6"><span class='ocrx_word' id='word_1_25' title='bbox 94 609 205 668; x_wconf 89' lang='lat' dir='ltr'>crustis.</span> <span class='ocrx_word' id='word_1_26' title='bbox 226 615 270 667; x_wconf 87' lang='lat' dir='ltr'>est</span> <span class='ocrx_word' id='word_1_27' title='bbox 282 608 432 666; x_wconf 79' lang='lat' dir='ltr'>etiamnum</span> <span class='ocrx_word' id='word_1_28' title='bbox 443 608 541 666; x_wconf 85' lang='lat' dir='ltr'>vitium</span> <span class='ocrx_word' id='word_1_29' title='bbox 549 626 604 667; x_wconf 93' lang='lat' dir='ltr'>non</span> <span class='ocrx_word' id='word_1_30' title='bbox 617 608 743 668; x_wconf 90' lang='lat' dir='ltr'>iaetidae</span> <span class='ocrx_word' id='word_1_31' title='bbox 753 608 839 670; x_wconf 89' lang='lat' dir='ltr'>modo</span> <span class='ocrx_word' id='word_1_32' title='bbox 852 627 952 669; x_wconf 84' lang='lat' dir='ltr'>verum</span> <span class='ocrx_word' id='word_1_33' title='bbox 964 610 1079 668; x_wconf 91' lang='lat' dir='ltr'>omniuo</span> <span class='ocrx_word' id='word_1_34' title='bbox 1091 617 1126 673; x_wconf 78' lang='grc'>37</span> 
     </span>
     <span class='ocr_line' id='line_1_5' title="bbox 93 691 1085 771; baseline 0.001 -22"><span class='ocrx_word' id='word_1_35' title='bbox 93 692 243 771; x_wconf 92' lang='lat' dir='ltr'>quicquam</span> <span class='ocrx_word' id='word_1_36' title='bbox 271 691 452 767; x_wconf 78' lang='lat' dir='ltr'>recipientis,</span> <span class='ocrx_word' id='word_1_37' title='bbox 484 691 635 750; x_wconf 90' lang='lat' dir='ltr'>iucundum</span> <span class='ocrx_word' id='word_1_38' title='bbox 661 692 697 750; x_wconf 91' lang='lat' dir='ltr'>sit</span> <span class='ocrx_word' id='word_1_39' title='bbox 725 692 795 752; x_wconf 90' lang='lat' dir='ltr'>illud</span> <span class='ocrx_word' id='word_1_40' title='bbox 819 692 888 751; x_wconf 90' lang='lat' dir='ltr'>licet</span> <span class='ocrx_word' id='word_1_41' title='bbox 913 701 1085 770; x_wconf 78' lang='lat' dir='ltr'>gratumque</span> 
     </span>
    </p>

    <p class='ocr_par' dir='ltr' id='par_1_4' title="bbox 7 767 1122 1018">
     <span class='ocr_line' id='line_1_6' title="bbox 7 767 1085 900; baseline -0.001 -67"><span class='ocrx_word' id='word_1_42' title='bbox 7 767 9 900; x_wconf 58' lang='lat' dir='ltr'>q</span> <span class='ocrx_word' id='word_1_43' title='bbox 70 783 121 840; x_wconf 69' lang='lat' dir='ltr'>eet</span> <span class='ocrx_word' id='word_1_44' title='bbox 136 783 166 832; x_wconf 91' lang='lat' dir='ltr'>ut</span> <span class='ocrx_word' id='word_1_45' title='bbox 179 791 268 850; x_wconf 85' lang='lat' dir='ltr'>saepe</span> <span class='ocrx_word' id='word_1_46' title='bbox 286 772 321 832; x_wconf 93' lang='lat' dir='ltr'>ad</span> <span class='ocrx_word' id='word_1_47' title='bbox 336 773 466 832; x_wconf 89' lang='lat' dir='ltr'>viciniam</span> <span class='ocrx_word' id='word_1_48' title='bbox 481 773 564 832; x_wconf 90' lang='lat' dir='ltr'>lactis</span> <span class='ocrx_word' id='word_1_49' title='bbox 576 774 729 834; x_wconf 79' lang='lat' dir='ltr'>accedens.</span> <span class='ocrx_word' id='word_1_50' title='bbox 757 793 858 854; x_wconf 91' lang='lat' dir='ltr'>aquam</span> <span class='ocrx_word' id='word_1_51' title='bbox 869 774 1012 835; x_wconf 87' lang='lat' dir='ltr'>salubrem</span> <span class='ocrx_word' id='word_1_52' title='bbox 1024 777 1085 834; x_wconf 89' lang='lat' dir='ltr'>aeri</span> 
     </span>
     <span class='ocr_line' id='line_1_7' title="bbox 92 856 1085 936; baseline 0.001 -20"><span class='ocrx_word' id='word_1_53' title='bbox 92 873 175 936; x_wconf 90' lang='lat' dir='ltr'>quam</span> <span class='ocrx_word' id='word_1_54' title='bbox 190 856 359 916; x_wconf 81' lang='lat' dir='ltr'>simillimam</span> <span class='ocrx_word' id='word_1_55' title='bbox 370 873 437 915; x_wconf 86' lang='lat' dir='ltr'>esse</span> <span class='ocrx_word' id='word_1_56' title='bbox 452 865 576 934; x_wconf 84' lang='lat' dir='ltr'><strong>oportet.</strong></span> <span class='ocrx_word' id='word_1_57' title='bbox 607 875 679 916; x_wconf 87' lang='lat' dir='ltr'>unus</span> <span class='ocrx_word' id='word_1_58' title='bbox 692 860 720 917; x_wconf 92' lang='lat' dir='ltr'>in</span> <span class='ocrx_word' id='word_1_59' title='bbox 732 866 793 917; x_wconf 92' lang='lat' dir='ltr'><strong>toto</strong></span> <span class='ocrx_word' id='word_1_60' title='bbox 805 858 877 917; x_wconf 90' lang='lat' dir='ltr'>orbe</span> <span class='ocrx_word' id='word_1_61' title='bbox 890 858 1008 918; x_wconf 81' lang='lat' dir='ltr'>traditur</span> <span class='ocrx_word' id='word_1_62' title='bbox 1018 859 1085 917; x_wconf 84' lang='lat' dir='ltr'>lons</span> 
     </span>
     <span class='ocr_line' id='line_1_8' title="bbox 92 938 1122 1018; baseline 0.001 -19"><span class='ocrx_word' id='word_1_63' title='bbox 92 957 183 1018; x_wconf 88' lang='lat' dir='ltr'>aquae</span> <span class='ocrx_word' id='word_1_64' title='bbox 201 938 325 999; x_wconf 90' lang='lat' dir='ltr'>iucunde</span> <span class='ocrx_word' id='word_1_65' title='bbox 341 939 444 998; x_wconf 88' lang='lat' dir='ltr'>olentis</span> <span class='ocrx_word' id='word_1_66' title='bbox 465 941 494 997; x_wconf 90' lang='lat' dir='ltr'>in</span> <span class='ocrx_word' id='word_1_67' title='bbox 508 940 716 1018; x_wconf 80' lang='lat' dir='ltr'>Mesopotamia</span> <span class='ocrx_word' id='word_1_68' title='bbox 737 940 878 1001; x_wconf 83' lang='lat' dir='ltr'>Chabura.</span> <span class='ocrx_word' id='word_1_69' title='bbox 908 940 1024 1000; x_wconf 82' lang='lat' dir='ltr'>fabulae</span> <span class='ocrx_word' id='word_1_70' title='bbox 1038 959 1083 1000; x_wconf 89' lang='lat' dir='ltr'>ra·</span> <span class='ocrx_word' id='word_1_71' title='bbox 1117 961 1122 972; x_wconf 48' lang='lat'>⁸</span> 
     </span>
    </p>

    <p class='ocr_par' dir='ltr' id='par_1_5' title="bbox 7 1023 1084 1108">
     <span class='ocr_line' id='line_1_9' title="bbox 7 1023 1084 1108; baseline -0.001 -25"><span class='ocrx_word' id='word_1_72' title='bbox 7 1041 8 1108; x_wconf 26' lang='grc' dir='ltr'>ᾗ</span> <span class='ocrx_word' id='word_1_73' title='bbox 92 1025 197 1083; x_wconf 90' lang='lat' dir='ltr'>tionem</span> <span class='ocrx_word' id='word_1_74' title='bbox 209 1023 350 1097; x_wconf 88' lang='lat' dir='ltr'>adierunt,</span> <span class='ocrx_word' id='word_1_75' title='bbox 364 1023 498 1100; x_wconf 91' lang='lat' dir='ltr'>quoniam</span> <span class='ocrx_word' id='word_1_76' title='bbox 510 1041 547 1082; x_wconf 95' lang='lat' dir='ltr'>eo</span> <span class='ocrx_word' id='word_1_77' title='bbox 560 1023 630 1083; x_wconf 88' lang='lat' dir='ltr'>luno</span> <span class='ocrx_word' id='word_1_78' title='bbox 643 1025 759 1103; x_wconf 88' lang='lat' dir='ltr'>perlusa</span> <span class='ocrx_word' id='word_1_79' title='bbox 772 1026 817 1084; x_wconf 92' lang='lat' dir='ltr'>sit.</span> <span class='ocrx_word' id='word_1_80' title='bbox 836 1025 873 1083; x_wconf 90' lang='lat' dir='ltr'>de</span> <span class='ocrx_word' id='word_1_81' title='bbox 885 1033 984 1084; x_wconf 92' lang='lat' dir='ltr'>cetero</span> <span class='ocrx_word' id='word_1_82' title='bbox 997 1041 1084 1102; x_wconf 90' lang='lat' dir='ltr'>aqua-</span> 
     </span>
    </p>

    <p class='ocr_par' dir='ltr' id='par_1_6' title="bbox 6 1105 851 1182">
     <span class='ocr_line' id='line_1_10' title="bbox 6 1105 851 1182; baseline 0.004 -19"><span class='ocrx_word' id='word_1_83' title='bbox 6 1127 8 1176; x_wconf 67' lang='lat'>,</span> <span class='ocrx_word' id='word_1_84' title='bbox 92 1123 151 1164; x_wconf 89' lang='lat' dir='ltr'>rum</span> <span class='ocrx_word' id='word_1_85' title='bbox 168 1105 321 1164; x_wconf 90' lang='lat' dir='ltr'>salubrium</span> <span class='ocrx_word' id='word_1_86' title='bbox 337 1121 425 1182; x_wconf 89' lang='lat' dir='ltr'>sapor</span> <span class='ocrx_word' id='word_1_87' title='bbox 441 1105 551 1165; x_wconf 88' lang='lat' dir='ltr'>odorve</span> <span class='ocrx_word' id='word_1_88' title='bbox 565 1107 657 1166; x_wconf 89' lang='lat' dir='ltr'>nullus</span> <span class='ocrx_word' id='word_1_89' title='bbox 673 1126 740 1167; x_wconf 89' lang='lat' dir='ltr'>esse</span> <span class='ocrx_word' id='word_1_90' title='bbox 755 1107 851 1169; x_wconf 91' lang='lat' dir='ltr'>debet.</span> 
     </span>
    </p>

    <p class='ocr_par' dir='ltr' id='par_1_7' title="bbox 62 1187 1128 1600">
     <span class='ocr_line' id='line_1_11' title="bbox 62 1187 1128 1266; baseline 0.007 -21"><span class='ocrx_word' id='word_1_91' title='bbox 62 1205 86 1246; x_wconf 88' lang='lat' dir='ltr'>ro</span> <span class='ocrx_word' id='word_1_92' title='bbox 155 1188 239 1266; x_wconf 83' lang='lat'>(23.)</span> <span class='ocrx_word' id='word_1_93' title='bbox 262 1187 383 1260; x_wconf 81' lang='lat' dir='ltr'>Quidam</span> <span class='ocrx_word' id='word_1_94' title='bbox 399 1196 504 1247; x_wconf 89' lang='lat' dir='ltr'>statera</span> <span class='ocrx_word' id='word_1_95' title='bbox 520 1188 644 1249; x_wconf 89' lang='lat' dir='ltr'>iudicant</span> <span class='ocrx_word' id='word_1_96' title='bbox 664 1190 700 1250; x_wconf 91' lang='lat' dir='ltr'>de</span> <span class='ocrx_word' id='word_1_97' title='bbox 721 1191 901 1266; x_wconf 85' lang='lat' dir='ltr'>salubritate,</span> <span class='ocrx_word' id='word_1_98' title='bbox 923 1190 1128 1252; x_wconf 67' lang='lat' dir='ltr'>frustrante-‘ts</span> 
     </span>
     <span class='ocr_line' id='line_1_12' title="bbox 96 1270 1086 1351; baseline 0.001 -23"><span class='ocrx_word' id='word_1_99' title='bbox 96 1271 256 1347; x_wconf 79' lang='lat' dir='ltr'>diligentia,</span> <span class='ocrx_word' id='word_1_100' title='bbox 280 1270 392 1348; x_wconf 92' lang='lat' dir='ltr'>quando</span> <span class='ocrx_word' id='word_1_101' title='bbox 410 1287 559 1349; x_wconf 90' lang='lat' dir='ltr'>perrarum</span> <span class='ocrx_word' id='word_1_102' title='bbox 574 1283 618 1331; x_wconf 90' lang='lat' dir='ltr'>est</span> <span class='ocrx_word' id='word_1_103' title='bbox 637 1283 667 1332; x_wconf 93' lang='lat' dir='ltr'>ut</span> <span class='ocrx_word' id='word_1_104' title='bbox 682 1275 775 1333; x_wconf 92' lang='lat' dir='ltr'>levior</span> <span class='ocrx_word' id='word_1_105' title='bbox 790 1275 826 1333; x_wconf 91' lang='lat' dir='ltr'>sit</span> <span class='ocrx_word' id='word_1_106' title='bbox 841 1275 945 1351; x_wconf 91' lang='lat' dir='ltr'>aliqua.</span> <span class='ocrx_word' id='word_1_107' title='bbox 977 1273 1086 1332; x_wconf 87' lang='lat' dir='ltr'><strong>certior</strong></span> 
     </span>
     <span class='ocr_line' id='line_1_13' title="bbox 94 1353 1085 1434; baseline 0 -22"><span class='ocrx_word' id='word_1_108' title='bbox 94 1353 234 1413; x_wconf 85' lang='lat' dir='ltr'>subtilitas</span> <span class='ocrx_word' id='word_1_109' title='bbox 248 1355 321 1412; x_wconf 89' lang='lat' dir='ltr'>inter</span> <span class='ocrx_word' id='word_1_110' title='bbox 336 1354 414 1431; x_wconf 90' lang='lat' dir='ltr'>paris</span> <span class='ocrx_word' id='word_1_111' title='bbox 438 1354 586 1414; x_wconf 89' lang='lat' dir='ltr'>meliorem</span> <span class='ocrx_word' id='word_1_112' title='bbox 609 1373 676 1414; x_wconf 89' lang='lat' dir='ltr'>esse</span> <span class='ocrx_word' id='word_1_113' title='bbox 699 1373 772 1434; x_wconf 92' lang='lat' dir='ltr'>quae</span> <span class='ocrx_word' id='word_1_114' title='bbox 794 1356 908 1417; x_wconf 90' lang='lat' dir='ltr'>caleiiat</span> <span class='ocrx_word' id='word_1_115' title='bbox 927 1355 1085 1430; x_wconf 82' lang='lat' dir='ltr'>refrigere·</span> 
     </span>
     <span class='ocr_line' id='line_1_14' title="bbox 91 1436 1084 1518; baseline 0 -24"><span class='ocrx_word' id='word_1_116' title='bbox 91 1445 193 1515; x_wconf 86' lang='lat' dir='ltr'>turque</span> <span class='ocrx_word' id='word_1_117' title='bbox 209 1436 343 1495; x_wconf 87' lang='lat' dir='ltr'>celerius.</span> <span class='ocrx_word' id='word_1_118' title='bbox 373 1437 439 1514; x_wconf 90' lang='lat' dir='ltr'>quin</span> <span class='ocrx_word' id='word_1_119' title='bbox 455 1446 483 1496; x_wconf 93' lang='lat' dir='ltr'>et</span> <span class='ocrx_word' id='word_1_120' title='bbox 502 1436 630 1497; x_wconf 87' lang='lat' dir='ltr'>haustam</span> <span class='ocrx_word' id='word_1_121' title='bbox 645 1441 741 1513; x_wconf 86' lang='lat' dir='ltr'>vasis,</span> <span class='ocrx_word' id='word_1_122' title='bbox 764 1457 801 1498; x_wconf 91' lang='lat' dir='ltr'>ne</span> <span class='ocrx_word' id='word_1_123' title='bbox 816 1457 914 1499; x_wconf 90' lang='lat' dir='ltr'>manus</span> <span class='ocrx_word' id='word_1_124' title='bbox 929 1438 1084 1518; x_wconf 79' lang='lat' dir='ltr'>pendeant,</span> 
     </span>
     <span class='ocr_line' id='line_1_15' title="bbox 91 1518 1084 1600; baseline -0.001 -21"><span class='ocrx_word' id='word_1_125' title='bbox 91 1520 289 1597; x_wconf 86' lang='lat' dir='ltr'>depositisque</span> <span class='ocrx_word' id='word_1_126' title='bbox 305 1520 332 1577; x_wconf 93' lang='lat' dir='ltr'>in</span> <span class='ocrx_word' id='word_1_127' title='bbox 348 1518 460 1578; x_wconf 88' lang='lat' dir='ltr'>humum</span> <span class='ocrx_word' id='word_1_128' title='bbox 476 1529 630 1598; x_wconf 85' lang='lat' dir='ltr'>tepescere</span> <span class='ocrx_word' id='word_1_129' title='bbox 643 1521 800 1582; x_wconf 84' lang='lat' dir='ltr'>adfirmant.</span> <span class='ocrx_word' id='word_1_130' title='bbox 829 1541 865 1581; x_wconf 91' lang='lat' dir='ltr'>ex</span> <span class='ocrx_word' id='word_1_131' title='bbox 877 1537 999 1600; x_wconf 89' lang='lat' dir='ltr'>quonam</span> <span class='ocrx_word' id='word_1_132' title='bbox 1011 1537 1084 1596; x_wconf 80' lang='lat' dir='ltr'>ergo</span> 
     </span>
    </p>

    <p class='ocr_par' dir='ltr' id='par_1_8' title="bbox 59 1602 1126 1931">
     <span class='ocr_line' id='line_1_16' title="bbox 59 1602 1084 1682; baseline -0.003 -20"><span class='ocrx_word' id='word_1_133' title='bbox 59 1620 200 1681; x_wconf 76' lang='lat' dir='ltr'>regenero</span> <span class='ocrx_word' id='word_1_134' title='bbox 219 1617 350 1661; x_wconf 77' lang='lat' dir='ltr'>maxumae</span> <span class='ocrx_word' id='word_1_135' title='bbox 367 1602 525 1682; x_wconf 90' lang='lat' dir='ltr'>probabilis</span> <span class='ocrx_word' id='word_1_136' title='bbox 544 1602 713 1680; x_wconf 84' lang='lat' dir='ltr'>continget?</span> <span class='ocrx_word' id='word_1_137' title='bbox 742 1607 836 1682; x_wconf 89' lang='lat' dir='ltr'>puteis</span> <span class='ocrx_word' id='word_1_138' title='bbox 851 1606 995 1676; x_wconf 90' lang='lat' dir='ltr'>nimirum,</span> <span class='ocrx_word' id='word_1_139' title='bbox 1011 1609 1041 1660; x_wconf 90' lang='lat' dir='ltr'>ut</span> <span class='ocrx_word' id='word_1_140' title='bbox 1056 1604 1084 1660; x_wconf 89' lang='lat' dir='ltr'>in</span> 
     </span>
     <span class='ocr_line' id='line_1_17' title="bbox 91 1685 1084 1766; baseline -0.002 -20"><span class='ocrx_word' id='word_1_141' title='bbox 91 1685 206 1766; x_wconf 92' lang='lat' dir='ltr'>oppidis</span> <span class='ocrx_word' id='word_1_142' title='bbox 217 1685 302 1746; x_wconf 88' lang='lat' dir='ltr'>video</span> <span class='ocrx_word' id='word_1_143' title='bbox 316 1695 462 1762; x_wconf 89' lang='lat' dir='ltr'>constare,</span> <span class='ocrx_word' id='word_1_144' title='bbox 473 1686 524 1746; x_wconf 90' lang='lat' dir='ltr'>sed</span> <span class='ocrx_word' id='word_1_145' title='bbox 535 1686 579 1746; x_wconf 92' lang='lat' dir='ltr'>bis</span> <span class='ocrx_word' id='word_1_146' title='bbox 595 1687 697 1764; x_wconf 87' lang='lat' dir='ltr'>quibus</span> <span class='ocrx_word' id='word_1_147' title='bbox 709 1688 924 1747; x_wconf 83' lang='lat' dir='ltr'>exercitationis</span> <span class='ocrx_word' id='word_1_148' title='bbox 937 1687 1010 1745; x_wconf 92' lang='lat' dir='ltr'>ratio</span> <span class='ocrx_word' id='word_1_149' title='bbox 1022 1699 1084 1744; x_wconf 89' lang='lat' dir='ltr'>cre·</span> 
     </span>
     <span class='ocr_line' id='line_1_18' title="bbox 90 1768 1126 1846; baseline -0.005 -16"><span class='ocrx_word' id='word_1_150' title='bbox 90 1771 143 1830; x_wconf 88' lang='lat' dir='ltr'>bro</span> <span class='ocrx_word' id='word_1_151' title='bbox 157 1771 260 1829; x_wconf 90' lang='lat' dir='ltr'>baustu</span> <span class='ocrx_word' id='word_1_152' title='bbox 276 1771 415 1846; x_wconf 81' lang='lat' dir='ltr'>contingit</span> <span class='ocrx_word' id='word_1_153' title='bbox 426 1778 455 1828; x_wconf 92' lang='lat' dir='ltr'>et</span> <span class='ocrx_word' id='word_1_154' title='bbox 469 1769 518 1828; x_wconf 89' lang='lat' dir='ltr'>illa</span> <span class='ocrx_word' id='word_1_155' title='bbox 536 1773 658 1830; x_wconf 88' lang='lat' dir='ltr'>tenuitas</span> <span class='ocrx_word' id='word_1_156' title='bbox 670 1769 784 1830; x_wconf 87' lang='lat' dir='ltr'>colante</span> <span class='ocrx_word' id='word_1_157' title='bbox 802 1779 888 1829; x_wconf 90' lang='lat' dir='ltr'>terra.</span> <span class='ocrx_word' id='word_1_158' title='bbox 914 1768 1081 1828; x_wconf 80' lang='lat' dir='ltr'>salubritati</span> <span class='ocrx_word' id='word_1_159' title='bbox 1092 1778 1126 1832; x_wconf 81' lang='lat'>39</span> 
     </span>
     <span class='ocr_line' id='line_1_19' title="bbox 89 1850 1084 1931; baseline -0.006 -17"><span class='ocrx_word' id='word_1_160' title='bbox 89 1855 164 1914; x_wconf 87' lang='lat' dir='ltr'>haec</span> <span class='ocrx_word' id='word_1_161' title='bbox 182 1855 251 1912; x_wconf 89' lang='lat' dir='ltr'>satis</span> <span class='ocrx_word' id='word_1_162' title='bbox 268 1862 342 1913; x_wconf 82' lang='lat' dir='ltr'>sunt.</span> <span class='ocrx_word' id='word_1_163' title='bbox 374 1853 475 1930; x_wconf 83' lang='lat' dir='ltr'>irigori</span> <span class='ocrx_word' id='word_1_164' title='bbox 491 1861 519 1911; x_wconf 82' lang='lat' dir='ltr'>et</span> <span class='ocrx_word' id='word_1_165' title='bbox 534 1850 663 1931; x_wconf 84' lang='lat' dir='ltr'>opacita&#39;s</span> <span class='ocrx_word' id='word_1_166' title='bbox 680 1855 845 1912; x_wconf 90' lang='lat' dir='ltr'>necessaria</span> <span class='ocrx_word' id='word_1_167' title='bbox 867 1862 954 1931; x_wconf 88' lang='lat' dir='ltr'>utque</span> <span class='ocrx_word' id='word_1_168' title='bbox 972 1850 1084 1910; x_wconf 90' lang='lat' dir='ltr'>caelum</span> 
     </span>
    </p>

    <p class='ocr_par' dir='ltr' id='par_1_9' title="bbox 4 1926 1083 2046">
     <span class='ocr_line' id='line_1_20' title="bbox 4 1926 1083 2046; baseline -0.006 -49"><span class='ocrx_word' id='word_1_169' title='bbox 4 1926 7 2046; x_wconf 56' lang='lat' dir='ltr'>q</span> <span class='ocrx_word' id='word_1_170' title='bbox 90 1937 216 1997; x_wconf 85' lang='lat' dir='ltr'>videant.</span> <span class='ocrx_word' id='word_1_171' title='bbox 244 1938 500 2014; x_wconf 88' lang='lat' dir='ltr'>superomniauna</span> <span class='ocrx_word' id='word_1_172' title='bbox 513 1936 731 1995; x_wconf 75' lang='lat' dir='ltr'>observatio-</span> <span class='ocrx_word' id='word_1_173' title='bbox 746 1936 846 1996; x_wconf 90' lang='lat' dir='ltr'>eadem</span> <span class='ocrx_word' id='word_1_174' title='bbox 860 1944 889 1995; x_wconf 94' lang='lat' dir='ltr'>et</span> <span class='ocrx_word' id='word_1_175' title='bbox 901 1935 936 1995; x_wconf 90' lang='lat' dir='ltr'>ad</span> <span class='ocrx_word' id='word_1_176' title='bbox 951 1935 1083 2013; x_wconf 91' lang='lat' dir='ltr'>perenni·</span> 
     </span>
    </p>

    <p class='ocr_par' dir='ltr' id='par_1_10' title="bbox 4 2018 1082 2098">
     <span class='ocr_line' id='line_1_21' title="bbox 4 2018 1082 2098; baseline -0.006 -18"><span class='ocrx_word' id='word_1_177' title='bbox 4 2049 6 2088; x_wconf 58' lang='lat' dir='ltr'>a</span> <span class='ocrx_word' id='word_1_178' title='bbox 55 2039 80 2080; x_wconf 80' lang='lat' dir='ltr'>ro</span> <span class='ocrx_word' id='word_1_179' title='bbox 89 2029 175 2080; x_wconf 90' lang='lat' dir='ltr'>tatem</span> <span class='ocrx_word' id='word_1_180' title='bbox 191 2021 315 2098; x_wconf 90' lang='lat' dir='ltr'>pertinet</span> <span class='ocrx_word' id='word_1_181' title='bbox 324 2051 377 2094; x_wconf 89' lang='lat'>·-,</span> <span class='ocrx_word' id='word_1_182' title='bbox 389 2021 446 2078; x_wconf 90' lang='lat' dir='ltr'>imo</span> <span class='ocrx_word' id='word_1_183' title='bbox 462 2028 491 2077; x_wconf 90' lang='lat' dir='ltr'>ut</span> <span class='ocrx_word' id='word_1_184' title='bbox 506 2019 554 2078; x_wconf 93' lang='lat' dir='ltr'>illa</span> <span class='ocrx_word' id='word_1_185' title='bbox 566 2039 582 2078; x_wconf 98' lang='lat' dir='ltr'>e</span> <span class='ocrx_word' id='word_1_186' title='bbox 595 2021 668 2079; x_wconf 90' lang='lat' dir='ltr'>vado</span> <span class='ocrx_word' id='word_1_187' title='bbox 681 2020 796 2083; x_wconf 83' lang='lat' dir='ltr'>exsiliat</span> <span class='ocrx_word' id='word_1_188' title='bbox 806 2037 890 2094; x_wconf 85' lang='lat' dir='ltr'>vena,</span> <span class='ocrx_word' id='word_1_189' title='bbox 906 2036 964 2078; x_wconf 90' lang='lat' dir='ltr'>non</span> <span class='ocrx_word' id='word_1_190' title='bbox 979 2035 996 2076; x_wconf 88' lang='lat' dir='ltr'>e</span> <span class='ocrx_word' id='word_1_191' title='bbox 1011 2018 1082 2076; x_wconf 91' lang='lat' dir='ltr'>late·</span> 
     </span>
    </p>

    <p class='ocr_par' dir='ltr' id='par_1_11' title="bbox 4 2097 1084 2178">
     <span class='ocr_line' id='line_1_22' title="bbox 4 2097 1084 2178; baseline -0.004 -16"><span class='ocrx_word' id='word_1_192' title='bbox 4 2097 8 2162; x_wconf 84' lang='lat' dir='ltr'>i</span> <span class='ocrx_word' id='word_1_193' title='bbox 88 2104 178 2162; x_wconf 90' lang='lat' dir='ltr'>ribus.</span> <span class='ocrx_word' id='word_1_194' title='bbox 211 2120 275 2161; x_wconf 91' lang='lat' dir='ltr'>nam</span> <span class='ocrx_word' id='word_1_195' title='bbox 287 2111 316 2161; x_wconf 92' lang='lat' dir='ltr'>ut</span> <span class='ocrx_word' id='word_1_196' title='bbox 328 2111 404 2162; x_wconf 92' lang='lat' dir='ltr'>tactu</span> <span class='ocrx_word' id='word_1_197' title='bbox 415 2102 510 2178; x_wconf 84' lang='lat' dir='ltr'>gelida</span> <span class='ocrx_word' id='word_1_198' title='bbox 522 2104 557 2160; x_wconf 90' lang='lat' dir='ltr'>sit</span> <span class='ocrx_word' id='word_1_199' title='bbox 572 2106 656 2162; x_wconf 89' lang='lat' dir='ltr'>etiam</span> <span class='ocrx_word' id='word_1_200' title='bbox 668 2111 730 2162; x_wconf 91' lang='lat' dir='ltr'>arte</span> <span class='ocrx_word' id='word_1_201' title='bbox 743 2105 892 2178; x_wconf 79' lang='lat' dir='ltr'>contingit,</span> <span class='ocrx_word' id='word_1_202' title='bbox 905 2103 930 2160; x_wconf 88' lang='lat' dir='ltr'>si</span> <span class='ocrx_word' id='word_1_203' title='bbox 942 2117 1084 2178; x_wconf 82' lang='lat' dir='ltr'>expressa</span> 
     </span>
    </p>

    <p class='ocr_par' dir='ltr' id='par_1_12' title="bbox 4 2183 1082 2262">
     <span class='ocr_line' id='line_1_23' title="bbox 4 2183 1082 2262; baseline -0.003 -18"><span class='ocrx_word' id='word_1_204' title='bbox 4 2183 6 2262; x_wconf 66' lang='grc' dir='ltr'><strong>ι</strong></span> <span class='ocrx_word' id='word_1_205' title='bbox 88 2188 117 2244; x_wconf 91' lang='lat' dir='ltr'>in</span> <span class='ocrx_word' id='word_1_206' title='bbox 139 2186 226 2245; x_wconf 89' lang='lat' dir='ltr'>altum</span> <span class='ocrx_word' id='word_1_207' title='bbox 242 2193 289 2244; x_wconf 90' lang='lat' dir='ltr'>aut</span> <span class='ocrx_word' id='word_1_208' title='bbox 305 2204 321 2243; x_wconf 90' lang='lat' dir='ltr'>e</span> <span class='ocrx_word' id='word_1_209' title='bbox 339 2185 449 2244; x_wconf 88' lang='lat' dir='ltr'>sublimi</span> <span class='ocrx_word' id='word_1_210' title='bbox 466 2185 578 2244; x_wconf 89' lang='lat' dir='ltr'>deiecta</span> <span class='ocrx_word' id='word_1_211' title='bbox 593 2185 775 2245; x_wconf 91' lang='lat' dir='ltr'>verberatum</span> <span class='ocrx_word' id='word_1_212' title='bbox 788 2187 928 2262; x_wconf 89' lang='lat' dir='ltr'>conripiat</span> <span class='ocrx_word' id='word_1_213' title='bbox 946 2201 1024 2243; x_wconf 90' lang='lat' dir='ltr'>aera.</span> <span class='ocrx_word' id='word_1_214' title='bbox 1053 2184 1082 2241; x_wconf 91' lang='lat' dir='ltr'>in</span> 
     </span>
    </p>

    <p class='ocr_par' dir='ltr' id='par_1_13' title="bbox 4 2265 1126 2429">
     <span class='ocr_line' id='line_1_24' title="bbox 4 2265 1081 2346; baseline -0.006 -18"><span class='ocrx_word' id='word_1_215' title='bbox 4 2265 5 2272; x_wconf 65' lang='lat'><em>&#39;</em></span> <span class='ocrx_word' id='word_1_216' title='bbox 88 2268 213 2328; x_wconf 89' lang='lat' dir='ltr'>natando</span> <span class='ocrx_word' id='word_1_217' title='bbox 228 2267 340 2344; x_wconf 89' lang='lat' dir='ltr'>quidem</span> <span class='ocrx_word' id='word_1_218' title='bbox 350 2266 1081 2346; x_wconf 84' lang='lat' dir='ltr'>spiritumcontinentibusirigidiorsentitureadem.</span> 
     </span>
     <span class='ocr_line' id='line_1_25' title="bbox 88 2351 1126 2429; baseline 0.001 -19"><span class='ocrx_word' id='word_1_219' title='bbox 88 2351 215 2410; x_wconf 87' lang='lat' dir='ltr'>Neronis</span> <span class='ocrx_word' id='word_1_220' title='bbox 238 2352 375 2428; x_wconf 90' lang='lat' dir='ltr'>principis</span> <span class='ocrx_word' id='word_1_221' title='bbox 399 2352 543 2410; x_wconf 88' lang='lat' dir='ltr'>inventum</span> <span class='ocrx_word' id='word_1_222' title='bbox 564 2360 608 2411; x_wconf 86' lang='lat' dir='ltr'>est</span> <span class='ocrx_word' id='word_1_223' title='bbox 634 2352 800 2429; x_wconf 88' lang='lat' dir='ltr'>decoquere</span> <span class='ocrx_word' id='word_1_224' title='bbox 821 2367 924 2428; x_wconf 89' lang='lat' dir='ltr'>aquam</span> <span class='ocrx_word' id='word_1_225' title='bbox 947 2352 1126 2426; x_wconf 77' lang='lat' dir='ltr'>vitroquelo</span> 
     </span>
    </p>

    <p class='ocr_par' dir='ltr' id='par_1_14' title="bbox 55 2433 1082 2512">
     <span class='ocr_line' id='line_1_26' title="bbox 55 2433 1082 2512; baseline -0.006 -18"><span class='ocrx_word' id='word_1_226' title='bbox 55 2436 245 2494; x_wconf 80' lang='lat' dir='ltr'>aedemissam</span> <span class='ocrx_word' id='word_1_227' title='bbox 267 2435 295 2491; x_wconf 94' lang='lat' dir='ltr'>in</span> <span class='ocrx_word' id='word_1_228' title='bbox 312 2436 385 2492; x_wconf 88' lang='lat' dir='ltr'>nivis</span> <span class='ocrx_word' id='word_1_229' title='bbox 404 2435 591 2509; x_wconf 79' lang='lat' dir='ltr'>refrigerare.</span> <span class='ocrx_word' id='word_1_230' title='bbox 632 2437 669 2493; x_wconf 95' lang='lat' dir='ltr'>ita</span> <span class='ocrx_word' id='word_1_231' title='bbox 688 2435 821 2512; x_wconf 89' lang='lat' dir='ltr'>voluptas</span> <span class='ocrx_word' id='word_1_232' title='bbox 839 2434 958 2508; x_wconf 82' lang='lat' dir='ltr'>frigoris</span> <span class='ocrx_word' id='word_1_233' title='bbox 974 2433 1082 2490; x_wconf 90' lang='lat' dir='ltr'>contin·</span> 
     </span>
    </p>

    <p class='ocr_par' dir='ltr' id='par_1_15' title="bbox 4 2475 1082 2624">
     <span class='ocr_line' id='line_1_27' title="bbox 4 2475 1082 2624; baseline -0.005 -48"><span class='ocrx_word' id='word_1_234' title='bbox 4 2475 6 2624; x_wconf 58' lang='grc' dir='ltr'><strong>ι</strong></span> <span class='ocrx_word' id='word_1_235' title='bbox 88 2522 130 2594; x_wconf 83' lang='lat' dir='ltr'>git</span> <span class='ocrx_word' id='word_1_236' title='bbox 146 2520 208 2576; x_wconf 89' lang='lat' dir='ltr'>sine</span> <span class='ocrx_word' id='word_1_237' title='bbox 227 2518 302 2576; x_wconf 90' lang='lat' dir='ltr'>vitiis</span> <span class='ocrx_word' id='word_1_238' title='bbox 318 2519 401 2576; x_wconf 89' lang='lat' dir='ltr'>nivis.</span> <span class='ocrx_word' id='word_1_239' title='bbox 431 2534 542 2576; x_wconf 91' lang='lat' dir='ltr'>omnem</span> <span class='ocrx_word' id='word_1_240' title='bbox 560 2519 657 2595; x_wconf 90' lang='lat' dir='ltr'>utique</span> <span class='ocrx_word' id='word_1_241' title='bbox 678 2517 828 2576; x_wconf 88' lang='lat' dir='ltr'>decoctam</span> <span class='ocrx_word' id='word_1_242' title='bbox 850 2517 993 2574; x_wconf 88' lang='lat' dir='ltr'>utiliorem</span> <span class='ocrx_word' id='word_1_243' title='bbox 1015 2531 1082 2572; x_wconf 87' lang='lat' dir='ltr'>esse</span> 
     </span>
    </p>

    <p class='ocr_par' dir='ltr' id='par_1_16' title="bbox 4 2597 1082 2677">
     <span class='ocr_line' id='line_1_28' title="bbox 4 2597 1082 2677; baseline -0.007 -17"><span class='ocrx_word' id='word_1_244' title='bbox 4 2625 15 2671; x_wconf 74' lang='lat'>1,</span> <span class='ocrx_word' id='word_1_245' title='bbox 89 2602 243 2677; x_wconf 89' lang='lat' dir='ltr'>convenit,</span> <span class='ocrx_word' id='word_1_246' title='bbox 258 2602 326 2660; x_wconf 91' lang='lat' dir='ltr'>item</span> <span class='ocrx_word' id='word_1_247' title='bbox 341 2600 510 2660; x_wconf 82' lang='lat' dir='ltr'>calefactam</span> <span class='ocrx_word' id='word_1_248' title='bbox 525 2603 618 2676; x_wconf 83' lang='lat' dir='ltr'>magis</span> <span class='ocrx_word' id='word_1_249' title='bbox 633 2601 813 2676; x_wconf 80' lang='lat' dir='ltr'>refrigerari,</span> <span class='ocrx_word' id='word_1_250' title='bbox 835 2597 1020 2658; x_wconf 87' lang='lat' dir='ltr'>subtilissimo</span> <span class='ocrx_word' id='word_1_251' title='bbox 1041 2597 1082 2653; x_wconf 89' lang='lat' dir='ltr'>in-</span> 
     </span>
    </p>

    <p class='ocr_par' dir='ltr' id='par_1_17' title="bbox 6 2678 1081 2760">
     <span class='ocr_line' id='line_1_29' title="bbox 6 2678 1081 2760; baseline -0.006 -18"><span class='ocrx_word' id='word_1_252' title='bbox 6 2740 12 2754; x_wconf 74' lang='lat'>,</span> <span class='ocrx_word' id='word_1_253' title='bbox 86 2694 186 2744; x_wconf 84' lang='lat' dir='ltr'>vento.</span> <span class='ocrx_word' id='word_1_254' title='bbox 218 2685 345 2742; x_wconf 57' lang='lat' dir='ltr'>‘vitiosae</span> <span class='ocrx_word' id='word_1_255' title='bbox 359 2701 452 2760; x_wconf 91' lang='lat' dir='ltr'>aquae</span> <span class='ocrx_word' id='word_1_256' title='bbox 465 2683 621 2743; x_wconf 88' lang='lat' dir='ltr'>remedium</span> <span class='ocrx_word' id='word_1_257' title='bbox 635 2692 695 2757; x_wconf 90' lang='lat' dir='ltr'>est,</span> <span class='ocrx_word' id='word_1_258' title='bbox 712 2684 736 2741; x_wconf 88' lang='lat' dir='ltr'>si</span> <span class='ocrx_word' id='word_1_259' title='bbox 755 2682 933 2759; x_wconf 89' lang='lat' dir='ltr'>decoquatur</span> <span class='ocrx_word' id='word_1_260' title='bbox 949 2679 984 2739; x_wconf 96' lang='lat' dir='ltr'>ad</span> <span class='ocrx_word' id='word_1_261' title='bbox 1002 2678 1081 2738; x_wconf 90' lang='lat' dir='ltr'>dimi·</span> 
     </span>
    </p>

    <p class='ocr_par' dir='ltr' id='par_1_18' title="bbox 4 2764 1082 2844">
     <span class='ocr_line' id='line_1_30' title="bbox 4 2764 1082 2844; baseline -0.007 -17"><span class='ocrx_word' id='word_1_262' title='bbox 4 2789 6 2798; x_wconf 67' lang='grc'>’</span> <span class='ocrx_word' id='word_1_263' title='bbox 87 2767 151 2828; x_wconf 90' lang='lat' dir='ltr'>dias</span> <span class='ocrx_word' id='word_1_264' title='bbox 170 2769 269 2844; x_wconf 89' lang='lat' dir='ltr'>partis.</span> <span class='ocrx_word' id='word_1_265' title='bbox 300 2765 383 2844; x_wconf 82' lang='lat' dir='ltr'>Aqua</span> <span class='ocrx_word' id='word_1_266' title='bbox 399 2767 503 2842; x_wconf 82' lang='lat' dir='ltr'>irigida</span> <span class='ocrx_word' id='word_1_267' title='bbox 520 2768 633 2842; x_wconf 83' lang='lat' dir='ltr'>ingesta</span> <span class='ocrx_word' id='word_1_268' title='bbox 656 2767 763 2825; x_wconf 88' lang='lat' dir='ltr'>sistitur</span> <span class='ocrx_word' id='word_1_269' title='bbox 784 2765 909 2840; x_wconf 79' lang='lat' dir='ltr'>sanguis.</span> <span class='ocrx_word' id='word_1_270' title='bbox 939 2772 1037 2822; x_wconf 88' lang='lat' dir='ltr'>aestus</span> <span class='ocrx_word' id='word_1_271' title='bbox 1052 2764 1082 2820; x_wconf 92' lang='lat' dir='ltr'>in</span> 
     </span>
    </p>

    <p class='ocr_par' dir='ltr' id='par_1_19' title="bbox 4 2845 1081 2934">
     <span class='ocr_line' id='line_1_31' title="bbox 4 2845 1081 2934; baseline -0.008 -21"><span class='ocrx_word' id='word_1_272' title='bbox 4 2883 12 2934; x_wconf 56' lang='lat' dir='ltr'>q</span> <span class='ocrx_word' id='word_1_273' title='bbox 54 2850 211 2913; x_wconf 82' lang='lat' dir='ltr'>acbalineis</span> <span class='ocrx_word' id='word_1_274' title='bbox 228 2858 357 2927; x_wconf 86' lang='lat' dir='ltr'>arcetur,</span> <span class='ocrx_word' id='word_1_275' title='bbox 374 2852 397 2908; x_wconf 90' lang='lat' dir='ltr'>si</span> <span class='ocrx_word' id='word_1_276' title='bbox 416 2852 480 2928; x_wconf 91' lang='lat' dir='ltr'>quis</span> <span class='ocrx_word' id='word_1_277' title='bbox 496 2869 547 2910; x_wconf 93' lang='lat' dir='ltr'>ore</span> <span class='ocrx_word' id='word_1_278' title='bbox 563 2857 669 2909; x_wconf 90' lang='lat' dir='ltr'>teneat.</span> <span class='ocrx_word' id='word_1_279' title='bbox 697 2865 770 2925; x_wconf 91' lang='lat' dir='ltr'>quae</span> <span class='ocrx_word' id='word_1_280' title='bbox 793 2857 856 2906; x_wconf 90' lang='lat' dir='ltr'>sunt</span> <span class='ocrx_word' id='word_1_281' title='bbox 876 2847 980 2906; x_wconf 86' lang='lat' dir='ltr'>liaustu</span> <span class='ocrx_word' id='word_1_282' title='bbox 999 2845 1081 2921; x_wconf 78' lang='lat' dir='ltr'>frigi·</span> 
     </span>
    </p>

    <p class='ocr_par' dir='ltr' id='par_1_20' title="bbox 4 2928 1081 3011">
     <span class='ocr_line' id='line_1_32' title="bbox 4 2928 1081 3011; baseline -0.007 -17"><span class='ocrx_word' id='word_1_283' title='bbox 4 2945 5 2964; x_wconf 60' lang='lat'>³</span> <span class='ocrx_word' id='word_1_284' title='bbox 88 2935 226 2994; x_wconf 91' lang='lat' dir='ltr'>dissimae</span> <span class='ocrx_word' id='word_1_285' title='bbox 247 2951 303 2992; x_wconf 91' lang='lat' dir='ltr'>non</span> <span class='ocrx_word' id='word_1_286' title='bbox 323 2933 441 3011; x_wconf 88' lang='lat' dir='ltr'>perinde</span> <span class='ocrx_word' id='word_1_287' title='bbox 464 2942 493 2992; x_wconf 86' lang='lat' dir='ltr'>ct</span> <span class='ocrx_word' id='word_1_288' title='bbox 514 2941 591 2992; x_wconf 92' lang='lat' dir='ltr'>tactu</span> <span class='ocrx_word' id='word_1_289' title='bbox 616 2949 700 3005; x_wconf 87' lang='lat' dir='ltr'>esse,</span> <span class='ocrx_word' id='word_1_290' title='bbox 727 2931 886 2989; x_wconf 89' lang='lat' dir='ltr'>alternante</span> <span class='ocrx_word' id='word_1_291' title='bbox 912 2929 970 2988; x_wconf 91' lang='lat' dir='ltr'>boc</span> <span class='ocrx_word' id='word_1_292' title='bbox 994 2928 1081 3003; x_wconf 92' lang='lat' dir='ltr'>bono,</span> 
     </span>
    </p>

    <p class='ocr_par' dir='ltr' id='par_1_21' title="bbox 4 3007 633 3094">
     <span class='ocr_line' id='line_1_33' title="bbox 4 3007 633 3094; baseline -0.01 -17"><span class='ocrx_word' id='word_1_293' title='bbox 4 3007 5 3050; x_wconf 64' lang='lat'><em>³</em></span> <span class='ocrx_word' id='word_1_294' title='bbox 86 3017 168 3076; x_wconf 89' lang='lat' dir='ltr'>multi</span> <span class='ocrx_word' id='word_1_295' title='bbox 186 3016 318 3074; x_wconf 89' lang='lat' dir='ltr'>iamiliari</span> <span class='ocrx_word' id='word_1_296' title='bbox 334 3016 468 3094; x_wconf 88' lang='lat' dir='ltr'>exemplo</span> <span class='ocrx_word' id='word_1_297' title='bbox 485 3015 633 3091; x_wconf 81' lang='lat' dir='ltr'>colligunt.</span> 
     </span>
    </p>

    <p class='ocr_par' dir='ltr' id='par_1_22' title="bbox 85 3095 1121 3260">
     <span class='ocr_line' id='line_1_34' title="bbox 152 3095 1121 3178; baseline 0 -20"><span class='ocrx_word' id='word_1_298' title='bbox 152 3098 237 3178; x_wconf 80' lang='lat'>(24.)</span> <span class='ocrx_word' id='word_1_299' title='bbox 262 3097 426 3158; x_wconf 79' lang='lat' dir='ltr'>Clarissima</span> <span class='ocrx_word' id='word_1_300' title='bbox 441 3116 576 3176; x_wconf 90' lang='lat' dir='ltr'>aquarum</span> <span class='ocrx_word' id='word_1_301' title='bbox 592 3098 712 3155; x_wconf 92' lang='lat' dir='ltr'>omnium</span> <span class='ocrx_word' id='word_1_302' title='bbox 727 3097 756 3155; x_wconf 91' lang='lat' dir='ltr'>in</span> <span class='ocrx_word' id='word_1_303' title='bbox 767 3102 828 3154; x_wconf 92' lang='lat' dir='ltr'><strong>toto</strong></span> <span class='ocrx_word' id='word_1_304' title='bbox 845 3095 933 3170; x_wconf 88' lang='lat' dir='ltr'>orbe,</span> <span class='ocrx_word' id='word_1_305' title='bbox 956 3095 1073 3170; x_wconf 79' lang='lat' dir='ltr'>frigoris</span> <span class='ocrx_word' id='word_1_306' title='bbox 1088 3104 1121 3158; x_wconf 80' lang='lat'>41</span> 
     </span>
     <span class='ocr_line' id='line_1_35' title="bbox 85 3177 1080 3260; baseline -0.005 -20"><span class='ocrx_word' id='word_1_307' title='bbox 85 3182 322 3260; x_wconf 89' lang='lat' dir='ltr'>salubritatisque</span> <span class='ocrx_word' id='word_1_308' title='bbox 344 3183 436 3260; x_wconf 90' lang='lat' dir='ltr'>palma</span> <span class='ocrx_word' id='word_1_309' title='bbox 459 3183 615 3259; x_wconf 90' lang='lat' dir='ltr'>praeconio</span> <span class='ocrx_word' id='word_1_310' title='bbox 636 3179 715 3238; x_wconf 89' lang='lat' dir='ltr'>urbis</span> <span class='ocrx_word' id='word_1_311' title='bbox 732 3179 838 3239; x_wconf 87' lang='lat' dir='ltr'>Marcia</span> <span class='ocrx_word' id='word_1_312' title='bbox 857 3188 901 3237; x_wconf 90' lang='lat' dir='ltr'>est</span> <span class='ocrx_word' id='word_1_313' title='bbox 924 3179 998 3236; x_wconf 90' lang='lat' dir='ltr'>inter</span> <span class='ocrx_word' id='word_1_314' title='bbox 1012 3177 1080 3236; x_wconf 93' lang='lat' dir='ltr'>reli·</span> 
     </span>
    </p>

    <p class='ocr_par' dir='ltr' id='par_1_23' title="bbox 5 3260 1082 3592">
     <span class='ocr_line' id='line_1_36' title="bbox 5 3260 1082 3348; baseline -0.006 -24"><span class='ocrx_word' id='word_1_315' title='bbox 5 3341 6 3348; x_wconf 8' lang='grc' dir='ltr'>ἵ</span> <span class='ocrx_word' id='word_1_316' title='bbox 52 3283 145 3343; x_wconf 79' lang='lat' dir='ltr'>acqua</span> <span class='ocrx_word' id='word_1_317' title='bbox 165 3265 247 3324; x_wconf 92' lang='lat' dir='ltr'>deum</span> <span class='ocrx_word' id='word_1_318' title='bbox 274 3282 393 3324; x_wconf 91' lang='lat' dir='ltr'>munera</span> <span class='ocrx_word' id='word_1_319' title='bbox 421 3263 483 3323; x_wconf 92' lang='lat' dir='ltr'>urbi</span> <span class='ocrx_word' id='word_1_320' title='bbox 508 3264 621 3323; x_wconf 89' lang='lat' dir='ltr'>tributa.</span> <span class='ocrx_word' id='word_1_321' title='bbox 656 3262 815 3322; x_wconf 84' lang='lat' dir='ltr'>vocabatur</span> <span class='ocrx_word' id='word_1_322' title='bbox 840 3260 913 3320; x_wconf 89' lang='lat' dir='ltr'>haec</span> <span class='ocrx_word' id='word_1_323' title='bbox 939 3261 1082 3338; x_wconf 89' lang='lat' dir='ltr'>quondam</span> 
     </span>
     <span class='ocr_line' id='line_1_37' title="bbox 84 3343 1080 3424; baseline -0.005 -17"><span class='ocrx_word' id='word_1_324' title='bbox 84 3349 209 3423; x_wconf 75' lang='lat' dir='ltr'>Aufeia,</span> <span class='ocrx_word' id='word_1_325' title='bbox 231 3349 296 3406; x_wconf 91' lang='lat' dir='ltr'>lons</span> <span class='ocrx_word' id='word_1_326' title='bbox 312 3358 406 3407; x_wconf 88' lang='lat' dir='ltr'>autem</span> <span class='ocrx_word' id='word_1_327' title='bbox 420 3349 484 3424; x_wconf 90' lang='lat' dir='ltr'>ipse</span> <span class='ocrx_word' id='word_1_328' title='bbox 499 3348 615 3406; x_wconf 86' lang='lat' dir='ltr'>Pitonia.</span> <span class='ocrx_word' id='word_1_329' title='bbox 646 3347 735 3405; x_wconf 93' lang='lat' dir='ltr'>oritur</span> <span class='ocrx_word' id='word_1_330' title='bbox 752 3347 780 3403; x_wconf 92' lang='lat' dir='ltr'>in</span> <span class='ocrx_word' id='word_1_331' title='bbox 802 3345 917 3402; x_wconf 86' lang='lat' dir='ltr'>ultumis</span> <span class='ocrx_word' id='word_1_332' title='bbox 938 3343 1080 3402; x_wconf 89' lang='lat' dir='ltr'>montibus</span> 
     </span>
     <span class='ocr_line' id='line_1_38' title="bbox 85 3426 1080 3508; baseline -0.007 -17"><span class='ocrx_word' id='word_1_333' title='bbox 85 3431 288 3508; x_wconf 84' lang='lat' dir='ltr'>Pelignorum,</span> <span class='ocrx_word' id='word_1_334' title='bbox 303 3433 404 3490; x_wconf 84' lang='lat' dir='ltr'>transit</span> <span class='ocrx_word' id='word_1_335' title='bbox 418 3429 529 3490; x_wconf 88' lang='lat' dir='ltr'>lilarsos</span> <span class='ocrx_word' id='word_1_336' title='bbox 551 3440 578 3489; x_wconf 90' lang='lat' dir='ltr'>et</span> <span class='ocrx_word' id='word_1_337' title='bbox 593 3429 728 3489; x_wconf 84' lang='lat' dir='ltr'>Fucinum</span> <span class='ocrx_word' id='word_1_338' title='bbox 749 3429 859 3498; x_wconf 91' lang='lat' dir='ltr'>lacum,</span> <span class='ocrx_word' id='word_1_339' title='bbox 881 3426 1000 3486; x_wconf 84' lang='lat' dir='ltr'>Romam</span> <span class='ocrx_word' id='word_1_340' title='bbox 1022 3444 1080 3486; x_wconf 91' lang='lat' dir='ltr'>nou</span> 
     </span>
     <span class='ocr_line' id='line_1_39' title="bbox 85 3511 1080 3592; baseline -0.006 -18"><span class='ocrx_word' id='word_1_341' title='bbox 85 3514 173 3574; x_wconf 90' lang='lat' dir='ltr'>dubie</span> <span class='ocrx_word' id='word_1_342' title='bbox 189 3523 303 3592; x_wconf 87' lang='lat' dir='ltr'>petens.</span> <span class='ocrx_word' id='word_1_343' title='bbox 335 3531 403 3573; x_wconf 86' lang='lat' dir='ltr'>mox</span> <span class='ocrx_word' id='word_1_344' title='bbox 416 3515 444 3571; x_wconf 91' lang='lat' dir='ltr'>in</span> <span class='ocrx_word' id='word_1_345' title='bbox 459 3531 566 3592; x_wconf 88' lang='lat' dir='ltr'>specus</span> <span class='ocrx_word' id='word_1_346' title='bbox 586 3530 681 3572; x_wconf 89' lang='lat' dir='ltr'>mersa</span> <span class='ocrx_word' id='word_1_347' title='bbox 698 3514 727 3572; x_wconf 91' lang='lat' dir='ltr'>in</span> <span class='ocrx_word' id='word_1_348' title='bbox 741 3511 887 3572; x_wconf 86' lang='lat' dir='ltr'>Tiburtina</span> <span class='ocrx_word' id='word_1_349' title='bbox 908 3528 940 3569; x_wconf 87' lang='lat' dir='ltr'>se</span> <span class='ocrx_word' id='word_1_350' title='bbox 955 3511 1050 3589; x_wconf 89' lang='lat' dir='ltr'>aperit</span> <span class='ocrx_word' id='word_1_351' title='bbox 1064 3527 1080 3568; x_wconf 90' lang='lat' dir='ltr'>a</span> 
     </span>
    </p>
   </div>
   <div class='ocr_carea' id='block_1_3' title="bbox 0 0 1256 3930">
    <p class='ocr_par' dir='ltr' id='par_1_24' title="bbox 0 0 1256 3930">
     <span class='ocr_line' id='line_1_40' title="bbox 0 0 1256 3930; baseline 0 0"><span class='ocrx_word' id='word_1_352' title='bbox 0 0 1256 3930; x_wconf 95' lang='lat' dir='ltr'> </span> 
     </span>
    </p>
   </div>
  </div>
 </body>
</html>
