2504 3930
196 247 258 310 274
546 259 575 308 o.
592 261 687 308 enum
702 261 853 312 ananum

195 424 290 474 autem
313 422 343 473 ut
364 415 392 473 in
413 413 533 492 reliquis
557 433 573 474 a
594 413 803 494 principalibus
828 433 926 475 eorum
942 427 1093 495 quaesunt
1111 418 1178 478 salsa

146 567 149 573 ,
195 517 230 560 ae
245 507 386 575 spongea.

151 591 187 647 ‘13
262 584 291 641 7.
315 582 399 660 (39.)
422 581 472 640 Sal
489 582 581 640 omnis
599 591 646 641 aut
661 583 691 642 fit
706 592 754 640 aut
774 583 916 660 gignitur,
938 593 1087 662 utrumque
1102 585 1176 662 pluri·

194 666 249 726 bus
268 664 378 740 modis,
404 664 457 724 sed
482 683 569 724 causa
592 669 723 741 gemina,
747 676 851 726 coacto
874 685 973 727 umore
998 668 1047 727 rel
1069 670 1178 728 siccato.

195 752 321 810 siccatur
345 751 373 807 in
397 748 463 807 lacu
488 748 643 808 Tarentino
666 751 784 808 aestivis
806 749 932 826 solibus,
956 760 1104 828 totumque
1131 761 1197 811 stas

193 851 279 910 gnum
291 836 319 891 in
331 832 420 892 selem
433 831 499 908 abit,
511 832 654 892 modicum
666 833 789 910 alioqui,
806 834 952 894 altitudine
964 853 1060 910 genua
1072 852 1181 893 nonen·

195 917 319 991 cedens,
345 917 413 976 item
440 917 468 974 in
493 916 642 976 Siciliain
663 917 728 976 lacu
752 917 800 993 qui
826 916 987 977 Cocanicus
1015 927 1137 978 vocatur
1159 927 1184 976 et

193 1001 250 1060 alio
267 1002 343 1058 iuxta
359 999 468 1060 Gelam.
495 999 596 1058 horum
608 1001 804 1060 extremitates
818 1010 924 1062 tantum
937 1004 1120 1076 inarescunt,
1136 1002 1183 1060 sic·

192 1086 265 1143 utin
281 1084 420 1158 Phrygia,
438 1080 640 1161 Cappadocia,
658 1083 806 1162 Aspendi,
825 1084 872 1144 ubi
887 1085 996 1162 largius
1012 1087 1145 1164 coquitur
1160 1093 1186 1143 et

191 1184 285 1246 usque
303 1167 339 1226 ad
353 1166 485 1226 medium.
516 1166 591 1226 alind
612 1168 697 1228 etiam
717 1169 746 1226 in
771 1184 808 1227 eo
828 1168 959 1228 mirabile
981 1170 1060 1246 quud
1082 1177 1183 1227 tantun·
1195 1182 1213 1223 n

193 1252 259 1312 dem
281 1258 369 1310 noctu
391 1250 524 1312 subvenit
547 1258 682 1328 quantum
703 1251 750 1310 die
769 1252 894 1312 auferas.
931 1255 1023 1312 omnis
1046 1272 1063 1312 e
1085 1253 1187 1328 stagnis

149 1345 185 1405 74
196 1337 238 1398 sal
255 1337 377 1396 minutus
392 1343 478 1414 atque
492 1351 550 1393 non
565 1335 670 1410 glaeba
687 1343 740 1394 ast.
770 1335 857 1395 Aliud
872 1353 965 1412 genus
980 1355 1018 1395 ex
1039 1337 1123 1414 aquis
1136 1353 1187 1394 ma·

193 1425 233 1482 ris
249 1429 355 1499 sponte
374 1419 500 1497 gignitur
519 1436 619 1496 spuma
642 1420 671 1477 in
694 1421 830 1478 extremis
850 1418 982 1480 litoribus
1004 1437 1041 1479 ac
1065 1419 1187 1498 scopulis

193 1506 305 1566 relicta.
320 1504 369 1563 hic
380 1505 472 1562 omnis
484 1503 556 1562 solis
565 1501 816 1580 caloredensatur,
829 1511 858 1562 et
870 1513 914 1562 est
925 1504 1022 1563 acrior
1035 1505 1085 1582 qui
1094 1507 1187 1562 inscc-

125 1651 128 1658 ,
194 1590 270 1668 pulis
295 1589 447 1648 invenitur.
486 1587 558 1646 Sunt
573 1588 725 1646 etiamnum
746 1586 892 1646 naturales
915 1587 1214 1647 differentiaetres.1t

193 1691 316 1750 namque
328 1673 356 1729 in
369 1671 481 1730 Bactris
496 1670 553 1744 duo
565 1671 646 1730 lacus
661 1671 745 1745 vasti,
761 1668 836 1730 alter
846 1669 882 1728 ad
895 1671 1017 1745 Scythas
1034 1690 1138 1730 versus
1153 1669 1188 1730 al·

193 1767 238 1818 ter
262 1756 296 1816 ad
311 1755 417 1831 Arios,
440 1753 501 1814 sale
525 1763 708 1830 exaestuant,
729 1753 803 1814 sicut
818 1753 854 1812 ad
870 1752 972 1813 Citium
995 1755 1023 1813 in
1042 1753 1141 1832 Cypro
1163 1749 1211 1811 et¹

150 1851 184 1908 75
196 1843 273 1902 circa
294 1837 448 1915 Memphim
466 1837 617 1896 extrahunt
633 1857 649 1896 c
666 1837 748 1912 laco,
772 1836 837 1896 dein
853 1839 917 1896 sole
937 1840 1060 1897 siccant.
1093 1839 1150 1898 Sed
1164 1843 1189 1894 et

193 1941 300 1986 summa
315 1922 457 1981 llnminum
473 1921 628 1980 densantur
641 1924 670 1981 in
688 1921 777 1980 salem
801 1939 881 1980 amne
897 1921 1010 1999 reliquo
1035 1923 1128 1981 veluti
1142 1919 1188 1979 snb

193 2009 261 2086 gelu
276 2007 398 2081 lluente,
417 2014 447 2064 ut
466 2005 542 2082 apud
558 2004 681 2082 Caspias
695 2014 795 2083 portas
811 2023 885 2083 quae
909 2005 978 2064 salis
1001 2004 1121 2065 humina
1143 2012 1216 2082 apat

192 2091 352 2170 pellantur,
369 2089 437 2148 item
459 2091 537 2148 circa
553 2087 669 2149 Mardos
690 2097 720 2147 et
740 2088 903 2149 Armenios.
940 2097 1098 2165 praeterea
1121 2085 1190 2166 apud

192 2175 313 2234 Bactros
329 2189 427 2232 amnes
443 2171 541 2232 Ochus
557 2180 587 2231 et
600 2172 679 2231 Oxus
701 2189 739 2230 ex
754 2171 800 2232 his
815 2173 956 2250 adpositis
974 2173 1123 2232 montibus
1146 2171 1188 2230 dc·

148 2269 184 2325 76
195 2258 290 2317 lerunt
307 2256 376 2314 salis
390 2263 530 2314 ramenta.
559 2257 630 2315 Sunt
646 2263 675 2314 et
690 2256 718 2313 in
733 2255 832 2316 Africa
850 2256 943 2331 lacus,
959 2266 988 2315 et
1003 2258 1124 2334 quidem
1138 2265 1190 2314 tur·

193 2341 266 2416 bidi,
289 2339 379 2399 salem
398 2339 538 2400 ferentes.
567 2339 662 2398 lerunt
683 2338 797 2416 quidem
821 2348 850 2398 et
872 2339 957 2399 calidi
980 2341 1098 2416 fontes,
1120 2341 1190 2398 sicut

192 2424 343 2500 Pagasaei.
380 2432 409 2482 et
437 2422 578 2481 hactenus
598 2421 705 2482 babent
729 2441 762 2482 se
788 2441 898 2498 genera
922 2441 959 2482 ex
980 2425 1068 2501 aquis
1091 2430 1217 2501 sponsas

149 2519 183 2576 77
195 2508 405 2588 provenientia.
434 2505 506 2565 Sunt
520 2514 549 2566 et
566 2515 678 2566 montes
694 2509 780 2566 nativi
797 2505 882 2581 salis,
902 2515 932 2564 ut
953 2508 981 2566 in
995 2507 1078 2566 lndis
1095 2506 1189 2567 Orme-

192 2611 260 2666 nns,
276 2593 373 2668 inquo
386 2589 603 2668 lapicidinarum
614 2589 700 2649 modo
713 2590 842 2650 caeditur
852 2605 1027 2666 renascens,
1042 2592 1189 2668 maiusque

191 2691 292 2752 regum
306 2673 433 2750 vectigal
450 2691 487 2731 ex
500 2691 536 2733 eo
553 2683 598 2732 est
613 2691 696 2750 quam
710 2691 748 2733 ex
759 2690 829 2732 auro
847 2682 931 2751 atque
947 2675 1126 2750 margaritis.
1153 2673 1190 2732 el·

190 2757 298 2819 foditur
306 2766 452 2830 eteterra,
465 2765 496 2816 ut
508 2754 602 2834 palam
616 2765 660 2815 est
672 2757 982 2832 umoredensato,ntin
991 2755 1188 2835 Cappadocia.

191 2839 1049 2920 ibiquidemetediturspeculariumlapidummodo,pondus
1058 2853 1217 2916 magnumst

147 2935 184 2992 78
194 2925 307 3003 glaebis
323 2941 394 3000 quas
407 2925 497 2983 micas
511 2924 617 3000 volgus
636 2923 773 3002 appellat.
806 2923 905 2984 Garris
928 2924 1058 2983 Arabiae
1083 2924 1188 3003 oppido

189 3025 287 3069 muros
305 3007 464 3085 domosque
480 3009 581 3067 massis
599 3007 667 3066 salis
682 3006 789 3066 faciunt
804 3023 877 3084 aqua
898 3007 1120 3068 denominantes.
1151 3009 1189 3066 in·

189 3094 270 3153 acuit
286 3100 316 3152 et
331 3091 408 3149 iuxta
424 3090 569 3150 Pelusium
585 3091 768 3150 Ptolemaeus
781 3109 849 3166 rex,
872 3108 936 3149 cum
954 3101 1050 3150 eastra
1066 3091 1187 3152 faceret.

190 3193 248 3256 quo
265 3174 401 3252 exemplo
418 3183 520 3252 postea
535 3176 611 3233 inter
627 3173 792 3251 Aegyptum
808 3183 836 3234 et
850 3173 984 3233 Arabiam
1000 3176 1089 3234 etiam
1107 3191 1187 3253 sona·

189 3259 315 3320 lentibus
330 3258 403 3317 locis
417 3267 540 3334 coeptus
556 3267 601 3316 est
615 3259 735 3316 inveniri
749 3258 887 3316 detractis
902 3257 1035 3335 harenis,
1064 3259 1216 3336 qualiter³⁵

188 3352 219 3402 ct
233 3360 287 3420 per
302 3340 419 3400 Africae
437 3342 560 3400 sitientia
576 3358 667 3418 nsque
683 3341 719 3400 ad
734 3341 896 3400 Hammonis
908 3341 1072 3418 oraculum,
1091 3345 1116 3400 is
1128 3343 1185 3420 qni·

143 3433 181 3490 tc
191 3426 256 3484 dem
272 3441 409 3483 crescens
425 3441 487 3482 cum
503 3424 567 3482 luna
583 3425 725 3484 noctibus.
762 3444 826 3485 nam
842 3423 995 3500 Cyrenaici
1009 3433 1125 3485 hactus
1139 3443 1187 3483 no·

189 3506 335 3566 bilitantur
348 3505 551 3566 hammoniaco
570 3516 599 3565 et
615 3508 694 3585 ipso,
719 3511 785 3586 quia
799 3508 852 3569 sub
872 3509 988 3570 harenis
1011 3509 1185 3582 inveniatur,
