2370 3922
268 301 349 347 runa.
366 299 456 348 ursa.
470 299 570 346 xx111.
588 297 611 350 1.
631 287 783 366 (tl-at.)
989 286 1026 348 13
1123 337 1129 351 .

95 451 172 532 (27.)
198 451 267 513 Vini
284 455 369 513 etiarn
384 456 483 514 vitium
497 455 599 513 transit
611 455 640 512 in
653 456 788 515 remedia.
811 455 907 516 Aeeta
920 472 1026 514 summa
1035 464 1071 518 54

44 536 78 594 vis
93 545 135 595 est
148 538 177 596 in
193 537 414 615 refrigerando,
438 555 496 597 non
511 545 606 596 tamen
622 539 715 598 minor
729 541 759 598 in
773 537 971 615 discutiendo,
988 541 1028 597 ita

44 620 67 678 lit
82 628 109 678 ut
128 621 225 680 inluso
247 629 343 681 terrae
367 629 488 699 spumet.
520 621 693 680 dictumest
718 625 834 701 saepius
858 623 1028 700 diceturque

45 705 161 780 potiens
185 722 251 763 cum
274 705 338 764 aliis
360 707 463 784 prosit.
503 722 557 783 per
575 723 609 764 se
626 705 758 765 haustum
770 707 886 766 fastidia
901 706 1027 780 discutit,

10 787 169 863 ,ssiugultus
206 788 344 865 collibet,
378 796 604 849 sternutamenta
630 788 804 848 ollactatum.
850 791 879 849 in
905 789 1027 848 balineis

10 925 12 936 ,
45 879 124 930 aestus
147 880 248 949 arcet,
268 873 293 932 si
314 874 497 933 contineatur
515 889 576 930 ore.
610 874 679 949 quin
695 881 725 932 et
748 891 811 932 cum
826 891 898 950 aqua
920 872 1028 932 bibitur

44 952 177 1014 multorum
199 956 350 1015 stomacho
366 956 492 1032 utiliter,
518 958 716 1033 gargarizatur
730 975 793 1016 cum
807 957 907 1017 eadem
924 973 1029 1015 conra-
1100 995 1114 1033 Ι

44 1035 199 1098 lcseeutium
221 1047 253 1098 et
275 1057 291 1097 a
314 1039 386 1099 solis
409 1039 570 1100 ardoribus.
613 1040 705 1099 oculis
728 1058 845 1118 quoque
869 1040 921 1100 illo
942 1039 1028 1098 modo

9 1153 26 1210 ἱ,
45 1119 247 1182 saluberrimum
271 1122 342 1183 fotu.
386 1123 518 1183 medetur
545 1132 614 1202 post
636 1131 722 1200 potas
758 1123 924 1200 hirudines,
954 1125 1023 1182 item
1035 1132 1068 1185 55

9 1201 135 1280 puleprls,
159 1206 340 1284 furfuribus,
369 1207 516 1267 ulceribus
542 1208 739 1284 manantibus,
766 1208 845 1267 canis
872 1207 1029 1282 morsibus,

9 1289 22 1364 ’,
45 1289 213 1364 scorpionum
230 1290 353 1367 ictibus,
369 1290 636 1368 scolopendrarum,
653 1294 741 1351 muris
757 1293 855 1350 aranei
870 1298 1028 1368 contraque

8 1429 9 1438 ,
45 1372 148 1430 omnium
169 1374 369 1434 aculeatorum
385 1393 498 1434 venena
515 1383 546 1434 et
561 1375 704 1452 pruritus,
729 1377 799 1434 item
817 1384 918 1435 contra
935 1373 1028 1432 multi·

8 1521 10 1534 ,
45 1453 120 1529 pedae
139 1473 276 1518 morsum.
317 1458 439 1518 calidum
459 1461 489 1516 in
510 1475 658 1536 spongea,
682 1458 797 1518 adiecto
820 1459 945 1537 sulpuris
963 1475 1028 1517 sex·

46 1543 107 1596 tante
127 1543 266 1601 sextariis
287 1542 380 1602 tribus
403 1551 451 1600 aut
474 1541 578 1619 hysopi
596 1541 735 1601 fasciculo
754 1541 886 1601 medetur
903 1550 934 1601 et
950 1540 1028 1600 sadis
1061 1541 1072 1566 ⁸

8 1621 123 1697 pisatiis,
142 1623 173 1682 in
191 1626 340 1702 sanguinis
363 1625 499 1685 lluctione
521 1633 588 1703 post
610 1627 726 1684 excisos
740 1625 885 1701 calculos,
908 1633 938 1684 et
953 1626 1028 1684 omni

9 1733 14 1762 ,ι
46 1702 86 1761 alia
107 1705 177 1766 loris
200 1709 231 1767 in
251 1725 383 1787 spongea
404 1705 578 1787 inpositum,
602 1710 678 1768 intus
701 1716 800 1788 potum
821 1707 931 1784 cyathis
952 1707 1028 1767 binis

7 1857 8 1864 ἵ
47 1803 110 1862 quam
132 1793 312 1851 acerrimum.
354 1793 560 1869 conglobatum
583 1794 683 1869 utique
708 1793 878 1868 sanguinem
898 1790 1024 1851 discutit.
1036 1801 1071 1853 56

6 1873 16 1952 ¹J·
48 1879 127 1931 contra
140 1873 271 1935 lichenas
288 1885 319 1935 et
333 1875 443 1936 bibitur
460 1885 490 1936 et
505 1877 661 1954 inponitur.
693 1877 771 1935 sistit
786 1875 880 1935 alvom
896 1882 927 1934 et
943 1874 1028 1934 rheu-

8 2019 9 2022 ,
46 1956 172 2016 natismos
194 1961 413 2020 interaneorum
423 1961 565 2036 inlusum,
590 1960 661 2018 item
674 1959 857 2037 procidentia
872 1959 950 2019 sedis
966 1957 1028 2017 vol·
1131 1990 1136 1999 ‚

6 2049 147 2115 ,araeque
179 2046 284 2103 tussim
308 2052 441 2103 veterem
464 2042 577 2103 inhibet
598 2051 628 2102 et
649 2044 774 2120 gutturis
796 2042 1028 2118 rheumatismos,

6 2119 9 2210 ᾗ
48 2120 255 2203 orthopnoeam,
282 2127 408 2186 dentium
429 2126 689 2186 labefactationem.
723 2128 842 2187 vesicae
862 2135 1029 2186 nocetner·

6 2283 8 2292 ‚
49 2218 183 2285 tutumque
213 2211 436 2270 infirmitatibus.
475 2211 611 2270 nesciere
638 2210 741 2270 medici
766 2219 901 2288 quantum
927 2218 1028 2270 contra

52 2287 140 2362 aspidas
160 2293 299 2370 polleret.
333 2311 426 2372 nuper
445 2293 481 2352 ab
505 2294 607 2372 aspide
628 2294 736 2354 calcata
756 2312 913 2371 percussus
934 2302 1028 2353 utrem

6 2423 8 2448 ἵ
51 2372 105 2429 aceti
125 2374 226 2437 serens
246 2378 381 2455 quotiens
404 2378 591 2455 deposuisset
613 2378 759 2437 sentiebat
775 2381 878 2454 ictum,
902 2377 972 2436 alias
986 2379 1028 2435 in·
1080 2411 1082 2415 ν

6 2489 8 2526 5
27 2459 44 2499 11
51 2447 113 2513 laeso
130 2461 239 2520 similis.
271 2460 450 2522 intellectum
470 2461 510 2520 ibi
530 2461 687 2521 remedium
705 2469 751 2522 est
766 2469 897 2538 potuque
914 2478 1028 2520 succur-

6 2541 8 2614 'p
49 2551 102 2594 sum.
130 2559 224 2621 neque
241 2545 326 2604 aliter
342 2562 376 2605 os
390 2544 528 2606 conluunt
542 2563 655 2604 venena
671 2552 859 2621 exsugentes.
889 2546 1068 2607 intotonat

6 2619 9 2710 l
50 2614 162 2684 domitrix
185 2630 231 2687 vis
254 2628 328 2689 haec
350 2646 408 2689 non
427 2629 557 2688 ciborum
572 2628 658 2688 modo
679 2637 743 2705 est,
770 2645 871 2687 verum
887 2636 916 2686 et
931 2644 1029 2686 rerum

49 2698 227 2773 plurumarum.
273 2730 343 2772 saxa
368 2714 473 2791 rumpit
499 2712 622 2772 infusum
643 2729 717 2789 quae
742 2728 800 2770 non
821 2712 933 2788 ruperit
951 2711 1027 2786 ignis

50 2791 214 2854 antecedens.
247 2796 331 2855 eibos
352 2796 467 2873 quidem
487 2804 517 2855 et
535 2813 658 2875 sapores
675 2813 732 2854 nou
748 2795 820 2854 alius
835 2795 926 2871 magis
942 2812 1027 2854 sucus

6 2913 7 2916 ,
28 2867 277 2950 ”commendasset
297 2881 421 2957 excitat,
445 2882 475 2939 in
498 2896 555 2956 quo
572 2898 626 2938 usu
642 2880 871 2955 mitigatur-usto
888 2895 962 2956 pane
980 2884 1029 2938 aut

6 3029 7 3032 Ἴ
50 2963 99 3010 11111
113 2959 193 3038 vino,
213 2963 262 3022 vel
279 2963 445 3023 accenditur
459 2965 563 3041 pipere
579 2981 612 3022 ac
624 2963 741 3038 lasere,
763 2963 862 3039 utique
879 2962 942 3022 sale
959 2979 1027 3020 con·

6 3039 10 3062 ‘
51 3039 165 3128 uescitur.
207 3063 267 3105 uon
289 3056 336 3107 est
355 3047 597 3125 praetereundum
616 3048 645 3105 in
667 3063 704 3105 eo
724 3045 888 3125 exemplum
910 3048 1071 3122 ingennus

51 3121 170 3193 sltluidem
189 3127 227 3190 hl.
244 3130 377 3209 Agrippa
397 3133 540 3210 supremis
562 3133 623 3190 suis
645 3131 725 3188 annis
747 3129 929 3189 conflictatus
944 3130 1026 3206 gravi

52 3203 136 3264 norbo
159 3213 276 3290 pedum,
306 3233 371 3274 cum
392 3215 524 3275 dolorem
547 3233 612 3274 eum
632 3215 747 3292 perpeti
768 3216 918 3291 nequiret,
943 3203 1033 3272 unius'

30 3282 207 3354 *acdeorum
227 3307 400 3374 portentosa
420 3300 541 3358 scientia
555 3301 708 3376 ignorante
724 3298 791 3359 divo
806 3298 940 3374 Augusto
956 3299 1037 3355 tanti·

53 3374 144 3436 tutavit
159 3396 211 3438 usu
230 3382 334 3458 pedum
352 3401 497 3461 sensuque
519 3385 595 3442 omni
619 3401 737 3459 carere,
757 3380 909 3460 dummodo
927 3389 956 3440 et
976 3381 1026 3439 do·

55 3441 104 3510 lore
124 3457 170 3520 illo
189 3474 321 3542 careret,
351 3467 492 3527 demersis
518 3468 548 3526 in
569 3476 681 3528 acetum
701 3466 822 3534 calidum
844 3465 974 3526 mribus
995 3466 1026 3524 5¹¹

54 3539 171 3604 acenino
183 3548 292 3627 impetu
307 3551 408 3610 morbi.
