2504 3930
334 266 415 314 unu.
432 264 524 316 assu.
541 266 624 317 xxx.
642 263 667 318 ι.
685 264 712 318 o.
728 255 880 332 (uo-na.)
1037 256 1098 367 245

101 422 170 482 item
189 419 272 496 hydri
287 421 368 481 iecur
382 419 442 482 bibi
453 419 502 480 vel
517 422 702 498 scorpionum
718 421 845 480 cinerem
860 429 908 480 aut
921 423 952 484 in
964 441 1039 502 pane
1053 443 1099 484 sn·

101 507 154 582 mi,
177 505 226 564 vel
242 505 267 564 si
283 505 348 583 quis
366 523 429 565 cum
444 501 558 567 lobusta
573 505 640 565 edit.
674 504 791 582 lapillos
808 506 857 582 qui
871 505 899 564 in
915 507 1093 582 gallinaceo·
1106 517 1140 572 67

1 585 7 610 '
101 608 164 650 rum
179 589 279 650 vesica
295 597 342 648 aut
362 590 391 647 in
409 587 583 666 palumbium
602 584 764 648 ventriculo
780 589 959 650 inveniantur
976 593 1098 668 conteri,

101 675 130 734 in
140 675 289 752 potionem
300 673 441 751 inspergi,
458 673 524 733 item
536 673 729 732 membranam
741 690 758 730 e
770 672 932 733 uentriculo
944 674 1100 751 gallinacei

76 756 283 832 restauraret,
302 758 327 816 si
342 774 446 816 recens
464 759 509 833 sit,
527 765 641 816 tostam.
670 757 764 816 limum
779 773 894 834 quoque
906 757 1101 836 palumbinum

2 873 3 876 =
100 842 128 900 in
143 841 211 900 faba
227 841 299 900 sumi
317 849 417 900 contra
432 839 562 900 calculos
580 850 609 900 et
624 839 695 899 alias
710 839 897 900 difficultates
912 845 1041 919 vesicae,
1062 845 1100 904 ei·

100 924 205 984 militer
215 923 373 1002 plumarum
392 925 518 984 cinerem
532 924 704 1003 palumbium
718 923 847 982 ierorum
861 942 898 983 ex
912 936 997 987 aceto
1006 927 1099 986 mulso

2 1027 3 1030 ¹
101 1016 130 1067 et
144 1009 343 1069 intestinorum
360 1027 398 1068 ex
412 1008 456 1067 his
472 1009 598 1068 cinerem
614 1007 797 1067 coclearibus
810 1007 912 1068 tribus.
940 1027 957 1067 e
973 1011 1040 1070 nido
1056 1011 1096 1069 hi·
1109 1020 1143 1074 68
1218 1072 1222 1081 ,

67 1113 69 1120 ·
101 1091 251 1152 nundinum
266 1091 432 1168 glaebulam
448 1091 564 1153 dilutam
586 1109 659 1169 aqua
680 1090 789 1166 calida,
812 1091 949 1168 ossifragi
969 1103 1101 1154 ventrem

2 1207 3 1218 ι
66 1199 93 1240 ιο
104 1175 278 1252 arefactum,
294 1175 412 1235 turturis
432 1177 526 1235 horum
542 1177 570 1234 in
585 1174 678 1234 mulso
695 1174 847 1235 decoctum
862 1175 911 1234 vel
930 1178 1022 1254 ipsius
1043 1177 1100 1236 die·

102 1269 204 1320 coctae
222 1261 276 1318 ius.
309 1259 411 1319 turdos
428 1276 545 1338 quosque
565 1259 663 1318 edisse
684 1275 747 1317 cum
770 1257 852 1318 bacis
873 1262 956 1334 myrti
979 1261 1101 1338 prodest
1159 1318 1169 1334 f

100 1346 214 1420 urinae,
230 1341 346 1402 cicadas
360 1352 451 1403 tostas
464 1345 493 1402 in
510 1342 642 1420 patellis,
663 1341 828 1419 milipedam
852 1345 973 1403 oniscon
989 1343 1100 1403 bibisse

100 1437 129 1486 et
149 1429 178 1485 in
196 1427 316 1486 vesicae
334 1425 483 1487 doloribus
500 1426 653 1486 decoctum
668 1427 837 1502 agninorum
855 1427 968 1504 pedum.
995 1428 1101 1489 Alvom
1150 1467 1157 1486 .

101 1512 159 1571 ciet
179 1510 408 1588 gallinaceorum
428 1509 621 1570 discoctorum
640 1511 684 1569 ius
707 1519 735 1568 et
756 1511 834 1570 acria
855 1510 964 1586 mollit,
991 1514 1049 1571 ciet
1072 1521 1102 1570 et

7 1608 11 1617 ·
65 1613 91 1655 ra
101 1593 279 1655 hirundinum
295 1595 389 1654 limum
404 1593 517 1654 adiecto
532 1594 620 1653 melle
637 1592 788 1652 subditum.

162 1677 248 1757 (22.)
269 1677 354 1737 Sedis
370 1679 446 1738 vitiis
462 1678 664 1738 efficacissima
681 1685 746 1736 sunt
761 1695 967 1776 oesypum-
924 1675 1097 1779 -quidam
1109 1688 1143 1744 ob

98 1751 225 1822 adiciunt
246 1761 474 1840 pompholygem
490 1771 521 1821 et
534 1779 701 1838 rosaceum,
722 1791 765 1807 -·-
781 1763 874 1820 canini
894 1765 1000 1860 capitis
1017 1765 1099 1838 cinis,

99 1853 220 1905 senecta
234 1847 378 1923 serpentis
397 1863 434 1906 ex
451 1853 547 1922 aceto,
564 1863 588 1905 ει
582 1845 748 1922 'rhagades
765 1847 831 1920 sint,
846 1846 917 1906 cinis
934 1848 992 1906 dmi
1007 1848 1100 1906 canini

99 1928 214 1990 candidi
240 1945 304 1988 cum
324 1945 449 1990 rosaceo
470 1961 512 1974 --
533 1929 610 1989 aiunt
629 1929 775 1988 inventum
787 1929 947 2008 Aesculapi
963 1947 1029 1989 esse
1053 1947 1101 1990 eo·

64 2031 90 2073 ro
99 2013 224 2089 demque
240 2021 269 2072 et
284 2029 423 2072 verrucas
441 2013 643 2072 efficacissime
658 2013 722 2072 tolli
735 2047 796 2087 -,
820 2014 921 2072 murini
939 2015 996 2073 limi
1017 2014 1100 2090 cinis,

99 2095 183 2174 adips
197 2097 294 2173 cygni,
305 2097 387 2174 adips
399 2095 504 2156 hovae.
520 2095 701 2175 procidentia
713 2096 752 2156 ibi
762 2113 848 2156 sucus
858 2097 1022 2168 coclearum
1030 2115 1100 2175 pun-

100 2181 155 2240 otia
162 2189 303 2240 evocatus
310 2179 390 2238 inlitu
397 2180 527 2261 repellit.
544 2181 646 2240 attritis
654 2179 784 2240 medetur
793 2182 865 2240 cinis
877 2183 966 2240 muris
979 2181 1102 2240 silvatici
1110 2190 1144 2245 to

102 2280 166 2322 oum
181 2262 277 2340 melle,
292 2262 332 2323 lel
348 2264 476 2324 irenacei
495 2281 559 2324 cum
577 2265 794 2341 vespertilionis
810 2264 933 2324 cerebro
953 2273 981 2324 et
998 2265 1100 2324 canino

102 2345 193 2422 lacte,
216 2346 298 2424 adips
329 2349 478 2406 anserinus
501 2365 565 2406 cnm
585 2345 710 2406 cerebro
732 2351 761 2405 et
782 2347 905 2406 alumine
925 2357 954 2406 et
975 2364 1099 2427 oesypo.

7 2462 11 2476 ·
65 2429 196 2493 ssimum
212 2429 479 2490 columbinnmcum
495 2430 593 2505 melle,
611 2429 820 2504 condylomatis
833 2431 967 2508 privatim
978 2437 1102 2491 araneus
1173 2441 1183 2451 ·’

99 2513 217 2592 dempto
245 2515 340 2593 capite
370 2514 549 2593 pedibusque
575 2513 732 2572 infricatus.
774 2512 819 2571 Ne
848 2515 927 2573 acria
955 2523 1101 2590 perurant,

99 2597 182 2676 adips
204 2599 354 2658 anserinus
375 2615 439 2658 cum
467 2615 535 2658 cera
556 2596 672 2670 Punica,
691 2613 826 2673 cerussa,
852 2613 995 2671 rosaceo,
1019 2596 1102 2674 adips

2 2677 3 2684 '
100 2682 197 2759 cygni.
233 2680 308 2742 haec
329 2690 358 2741 et
380 2680 615 2742 haemorrhoidas
638 2679 895 2741 sanaredicuntnr.
928 2679 1098 2738 ischiadicis
1110 2689 1143 2744 71

7 2811 11 2818 .
101 2766 221 2825 cocleas
245 2765 347 2825 crudas
365 2768 447 2826 tritas
463 2784 526 2824 cum
540 2766 607 2824 vino
624 2764 747 2825 Amineo
765 2773 793 2822 et
808 2765 910 2841 pipere
928 2771 999 2842 potu
1015 2764 1102 2840 prod·

64 2867 168 2913 anasse
186 2847 299 2924 dicunt,
314 2849 453 2909 lacertam
470 2849 590 2909 viridem
607 2848 636 2907 in
653 2847 719 2908 cibo
735 2846 837 2908 ablatis
858 2847 997 2925 pedibus,
1016 2849 1103 2906 iuter-

100 2933 181 2992 aneis
192 2935 335 3010 ,capite,
359 2933 401 2992 sic
423 2941 453 2992 et
466 2932 619 2992 stelionem
638 2932 760 2992 adiectis
775 2930 842 2990 huic
858 2932 1014 3008 papaveris
1028 2933 1103 3007 nigri

101 3016 199 3075 obolis
213 3015 316 3093 trihus,
333 3017 434 3094 ruptis,
451 3016 600 3076 convolsis
613 3016 654 3075 iel
666 3017 762 3075 ovium
775 3032 837 3074 cum
850 3014 927 3074 lacte
943 3014 1102 3074 mulierum.

99 3099 303 3160 Vereudorum
333 3087 580 3160 formicationibus
608 3100 799 3177 verrucisque
827 3097 958 3158 medetur
984 3098 1098 3156 arietini
1111 3106 1145 3161 72

102 3184 247 3262 pulmonis
264 3184 381 3244 inassati
398 3184 504 3259 sanies,
524 3184 629 3242 ceteris
647 3183 724 3242 vitiis
739 3183 880 3242 vellerum
895 3185 957 3242 eius
973 3181 1022 3241 vel
1038 3198 1101 3240 sor·
1181 3230 1183 3233 .

65 3282 92 3328 aa
102 3267 236 3328 didorum
252 3269 322 3327 cinis
339 3287 376 3328 ex
391 3284 474 3345 aqua,
491 3269 590 3327 sebum
609 3285 647 3326 ex
662 3275 776 3325 omento
792 3266 926 3344 pecudis,
944 3267 1103 3344 praecipue

102 3369 119 3412 a
134 3351 263 3427 renibus,
276 3351 399 3410 admixto
412 3353 534 3429 pumicis
549 3353 648 3410 cinere
660 3357 688 3408 et
703 3349 776 3427 sale,
793 3349 857 3410 lana
870 3347 968 3409 sucida
982 3365 1020 3407 ex
1029 3365 1103 3426 aqna

100 3436 218 3513 frigida
251 3453 354 3496 carnee
373 3433 493 3514 pecudis
507 3433 676 3494 combustae
699 3451 736 3492 ex
757 3451 847 3511 aqua,
868 3433 961 3492 mulae
983 3432 1103 3510 ungula-

101 3537 164 3579 rnm
182 3521 271 3594 cinis,
290 3519 383 3578 dentis
402 3518 536 3579 caballini
553 3517 683 3577 contnnsi
703 3513 822 3577 farina
814 3533 961 3596 inspersa,
981 3515 1050 3575 terr
