2396 3900
157 271 217 332 126
453 321 455 326 .
496 280 526 327 c.
544 277 803 327 Pnlrtlslscttrsm

156 457 213 518 que
226 437 292 498 talis
303 447 381 498 terra
394 445 501 512 aratur,
519 453 583 496 cum
600 435 715 495 seritur.
742 433 816 493 alius
827 431 900 492 ordo
912 439 954 506 ut,
966 429 1014 490 ubi
1026 431 1160 491 adoreum

155 525 257 599 fuerit,
282 530 381 582 cesset
404 529 539 598 quattuor
563 517 711 578 mensibus
733 517 861 577 bibernis
886 525 915 575 et
935 531 1052 574 vernam
1069 514 1161 576 fabam

155 608 278 686 recipiat
295 609 334 666 ita
349 615 379 666 ut
395 614 462 666 ante
477 603 631 664 hiemalem
647 619 685 682 ne
701 610 809 662 cesset.
840 601 923 658 nimis
940 600 1054 678 pinguis
1078 599 1160 659 alter

156 694 216 754 nari
233 699 340 770 potest.
360 692 398 749 ita
414 689 445 748 iit
459 699 489 749 ut
501 691 646 750 frumento
659 685 772 747 sublato
789 686 924 762 legumen
936 685 1021 743 tertio
1038 692 1160 758 seratur,

155 776 295 855 gracilior
310 777 381 834 etin
398 791 500 834 annum
516 774 630 834 tertium
646 779 754 832 cesset.
782 770 954 830 frumentum
975 769 1034 828 seri
1049 768 1181 846 quidemr

155 869 254 921 vetant
269 861 328 921 nisi.
338 860 367 918 iu
382 876 416 919 ea
433 877 508 936 quae
524 873 666 937 proxumo
682 873 756 916 anno
774 853 925 932 quieverit.

113 958 163 1014 192
228 944 312 1023 (53.)
334 941 496 1004 Maxumum
510 942 594 1002 huius
611 941 671 1002 loci
685 948 796 1019 partem
817 937 1035 998 stercorationis
1052 937 1162 1014 optinet

114 1048 172 1092 raso
183 1031 267 1105 ratio,
284 1030 320 1089 de
337 1045 394 1107 qna
410 1035 440 1087 et
456 1029 547 1107 priori
562 1027 684 1086 diximus
699 1023 855 1084 volumine.
887 1020 945 1081 hoc
958 1029 1068 1080 tantum
1090 1020 1162 1080 enim

153 1111 182 1169 in
198 1113 335 1173 confesso
355 1121 400 1172 est
415 1111 471 1171 nisi
486 1119 649 1174 stercorato
666 1111 728 1169 seri
742 1125 800 1170 non
816 1116 970 1186 oportere,
993 1121 1163 1184 quamquam

155 1207 184 1256 et
206 1197 253 1256 hie
274 1197 360 1274 leges
384 1205 449 1256 sunt
469 1197 616 1276 propriae.
647 1192 775 1270 Milium,
796 1193 939 1271 panicum,
956 1207 1043 1268 rupe,
1071 1205 1188 1268 naprsu

153 1282 208 1340 nisi
225 1282 253 1340 in
269 1289 434 1341 stercorato
449 1299 507 1341 non
523 1281 639 1340 seritur.
671 1295 728 1338 non
744 1285 908 1337 stercorato
922 1275 1095 1335 frumentum
1111 1291 1161 1353 po·

152 1367 209 1424 tius
228 1383 311 1444 quam
335 1365 475 1426 hordeum
495 1365 610 1424 seritur.
641 1365 710 1424 item
727 1364 755 1422 irr
771 1360 941 1436 novalibus,
960 1359 1074 1420 tametsi
1086 1359 1116 1418 in
1130 1358 1162 1418 ii·

153 1448 189 1509 lis
204 1449 299 1509 fabam
315 1451 373 1510 seri
388 1449 506 1526 volunt,
531 1449 652 1525 eandem
671 1447 843 1526 ubicumque
861 1463 945 1524 quam
962 1445 1162 1504 recentissime

112 1537 332 1596 193stercorat0
351 1534 426 1595 solo.
464 1534 608 1594 Autumno
625 1533 733 1613 aliquid
749 1541 862 1593 saturus
877 1529 1042 1607 Septembri
1062 1545 1162 1588 mense

153 1619 247 1679 fimum
263 1620 355 1679 inuret
369 1629 437 1698 post
452 1618 581 1678 imbrem.
611 1619 710 1698 utique
726 1619 750 1677 si
771 1632 862 1677 verno
884 1615 938 1674 erit
959 1623 1088 1692 saturus,
1109 1627 1188 1693 perta

153 1703 267 1763 hiemen
296 1704 390 1763 fimum
418 1705 561 1782 disponat.
608 1703 711 1762 iustum
742 1711 788 1762 est
812 1699 896 1760 vebis
929 1699 1093 1759 octodecim
1121 1699 1163 1756 iu·

152 1805 226 1865 gero
242 1788 347 1863 tribui,
366 1788 539 1867 dispergere
557 1796 651 1847 autem
679 1788 846 1866 priusquam
862 1801 938 1844 ares.
969 1793 997 1843 at
1019 1783 1095 1843 iacto
1118 1799 1163 1842 se·

152 1873 244 1946 mine,
272 1873 296 1930 si
314 1871 389 1933 haec
405 1874 512 1932 omissa
531 1873 566 1932 sit
584 1873 774 1948 stemmatio,
792 1885 920 1948 sequens
936 1877 981 1928 est
997 1869 1164 1947 priusquam

112 1956 270 2030 194sarias,
284 1963 390 2015 tantum
402 1956 536 2035 pulvere.
555 1953 639 2030 Quod
650 1965 680 2014 ut
696 1955 769 2015 hanc
783 1970 900 2033 qnoque
916 1968 1014 2013 curam
1027 1952 1164 2012 determi-

152 2055 270 2114 nemus,
293 2041 397 2100 iustum
419 2049 464 2099 est
479 2039 607 2118 singulas
622 2039 705 2100 vebis
723 2039 780 2099 fimi
795 2039 914 2099 denario
928 2039 971 2098 ire
988 2038 1016 2096 in
1032 2037 1188 2113 singulares,

151 2122 281 2201 pecudes
297 2124 435 2200 minores,
450 2125 480 2183 in
494 2127 619 2185 maiores
635 2125 734 2184 denas.
761 2124 816 2183 nisi
832 2125 979 2200 contingat
995 2121 1069 2197 hoc,
1086 2121 1165 2181 maie

151 2206 347 2267 substravisse
363 2209 465 2286 pecori
482 2210 617 2270 colonum
634 2209 780 2288 adpareat.
812 2209 884 2268 Sunt
896 2209 943 2286 qui
956 2215 1073 2286 optume
1087 2215 1163 2266 ster·

152 2292 248 2351 curari
278 2298 379 2370 putent
406 2292 527 2353 subdiu
556 2293 667 2353 retibus
698 2293 808 2354 inclusa
835 2309 975 2371 pecorum
1002 2291 1163 2355 mansione.

151 2374 234 2452 Ager
257 2377 281 2434 si
301 2393 359 2435 non
382 2384 576 2452 stercoratur,
602 2377 698 2454 alget,
721 2379 745 2438 si
769 2379 884 2437 nimium
907 2384 1087 2437 stercoratus
1103 2384 1163 2452 est,

151 2459 288 2536 aduritur,
305 2462 453 2540 satiusque
472 2461 561 2522 estid
581 2479 672 2540 saepe
697 2479 780 2542 quam
803 2480 890 2542 supra
912 2463 1028 2522 modum
1049 2461 1188 2528 iaceres!

152 2562 210 2623 quo
228 2545 349 2605 calidius
365 2547 459 2606 solum
476 2556 532 2622 est,
549 2563 585 2606 eo
602 2547 692 2606 minus
711 2547 776 2606 addi
793 2547 933 2607 stercoris
949 2547 1023 2605 ratio
1039 2555 1092 2604 est.

107 2636 158 2691 195
227 2629 277 2690 24.
303 2630 387 2710 (54.)
412 2631 516 2691 Samen
535 2640 681 2709 optumum
699 2630 876 2707 anniculum,
891 2630 996 2690 bimum
1021 2629 1164 2707 deterius,

151 2713 262 2773 trimum
279 2732 463 2794 pessumum,
478 2715 553 2775 ultra
570 2716 682 2776 sterile.
720 2724 749 2775 et
769 2716 797 2774 in
820 2733 877 2776 uno
900 2715 1024 2774 omnium
1045 2713 1165 2774 definita

149 2815 259 2874 genere
275 2799 349 2859 ratio
368 2808 428 2859 est:
446 2800 523 2879 quod
538 2801 567 2859 in
580 2801 635 2860 ima
653 2817 721 2860 area
736 2799 867 2860 subsedit
883 2799 919 2860 ad
941 2815 1042 2858 semen
1064 2814 1164 2858 reser-

148 2881 272 2942 vandum
289 2891 343 2959 est,
362 2885 390 2944 id
407 2885 481 2944 euim
498 2893 653 2963 optumum,
672 2885 805 2962 quoniam
821 2884 1040 2963 gravissimum,
1063 2887 1188 2961 nequo!

149 2965 207 3026 alio
230 2967 315 3026 modo
331 2968 429 3029 utilius
445 2969 628 3047 dispescitur.
660 2987 735 3048 quac
756 2970 837 3048 spica
853 2966 1034 3028 intervallata
1050 2969 1164 3027 semina

148 3049 266 3110 habebit
280 3051 431 3113 obicietur.
464 3061 611 3132 optumum
631 3071 750 3130 manum
772 3054 850 3131 quod
868 3051 953 3112 rubet
975 3059 1004 3110 ct
1025 3049 1164 3111 dentibus

149 3134 271 3196 fractum
288 3137 410 3197 eundem
426 3137 515 3198 babet
533 3137 674 3214 colorem,
691 3138 818 3197 deterius
843 3137 890 3196 eui
912 3135 978 3214 pius
999 3136 1075 3194 intus
1101 3135 1166 3197 albi

107 3227 220 3284 196est.
252 3218 369 3280 Certum
385 3230 478 3283 terras
494 3222 566 3282 alias
581 3221 649 3299 plus
664 3222 781 3283 seminis
797 3221 949 3299 recipere,
966 3219 1038 3278 alias
1055 3220 1163 3296 minus,

146 3302 374 3384 religiosumque
397 3307 463 3366 inde
485 3307 605 3385 primum
627 3307 740 3367 colonis
761 3307 926 3384 augurium:
956 3321 1021 3364 cum
1046 3303 1188 3372 aridius!

147 3389 281 3465 accipiat,
299 3391 411 3450 esurire
427 3389 553 3450 creditur
568 3399 597 3450 et
613 3408 747 3453 comesse
765 3408 875 3452 semen.
912 3388 1061 3450 Sotionem
1082 3388 1162 3450 locis

148 3470 249 3530 umidis
263 3471 388 3533 celerius
403 3475 467 3534 fieri
483 3475 556 3534 ratio
574 3485 630 3554 cst,
648 3495 685 3537 ne
701 3495 800 3536 semen
811 3473 903 3535 imbre
918 3483 1080 3553 putrescat,
1102 3475 1163 3534 sic-

148 3553 190 3612 cis
209 3556 312 3633 serius,
328 3565 359 3616 ut
375 3557 491 3637 pluviae
508 3569 675 3638 sequantur,
690 3579 726 3622 ne
744 3561 792 3622 diu
807 3562 906 3621 iacens
919 3567 1006 3637 atque
1017 3575 1076 3620 non
1089 3575 1164 3619 con-
