2396 3922
151 189 194 255 82
490 200 521 252 c.
536 158 631 252 amin
649 199 799 253 saeuam

150 365 395 436 perceperamus
422 357 535 418 vertice
558 357 650 421 inciso
676 363 706 418 et
732 355 942 418 medicamento
967 339 1058 418 addito
1081 357 1132 418 ibi.

12 491 13 498 ,
106 447 144 505 79
154 437 269 500 Gaetuli
286 441 333 516 qui
356 439 457 516 legunt
482 439 577 514 taedio
599 439 675 500 laete
695 439 873 514 adulterant,
894 438 947 498 sed
966 438 1147 508 discernitur,

149 525 222 600 igni,
245 524 274 584 id
297 525 372 582 enim
392 523 469 600 quod
489 526 633 584 sincerum
655 541 713 582 uon
734 513 780 582 est
801 521 1001 584 lastidiendum
1020 523 1132 584 odorem

149 606 246 668 habet.
287 603 407 666 blultnm
427 605 501 667 inira
527 605 603 666 hunc
622 624 722 667 sucum
746 607 861 684 estqui
886 606 915 666 in
939 603 1029 666 Galba
1051 606 1081 664 lit
1097 625 1135 666 ex

150 689 242 750 herba
257 689 421 750 chamelaea
436 706 554 766 granum
569 691 649 748 cocci
664 691 789 750 ferente.
820 690 929 748 fractus
945 687 1160 750 hammoniaeos

149 773 252 834 similia
273 781 337 848 est,
367 773 453 832 etiam
474 771 532 832 lovi
553 781 639 848 gustu
661 789 695 832 os
716 790 868 833 accensum
886 771 934 830 diu
955 770 1086 834 detinens
1109 781 1138 832 et

149 858 241 934 magis
260 874 298 916 ex
314 855 479 932 intervallo,
495 854 588 916 donee
605 855 696 916 laucis
711 871 828 932 quoqne
844 857 944 914 siccet.

105 947 142 1003 8⁰
216 939 244 1000 8.
267 939 348 1018 (39.)
369 937 536 999 Celebravit
551 947 582 998 et
600 937 735 998 Themiso
752 937 880 998 medicus
904 937 1057 1014 uolgarem
1076 937 1138 999 her·

148 1022 214 1082 bam
235 1021 429 1101 plantaginem
452 1028 592 1098 tamquam
612 1023 748 1082 inventor
768 1020 915 1082 volumine
936 1020 974 1081 de
996 1039 1031 1082 ea
1053 1021 1138 1082 edito.

148 1103 206 1166 duo
224 1109 287 1166 eius
302 1105 438 1182 genera:'
450 1107 544 1164 minor
562 1105 780 1181 angustioribus
800 1104 879 1164 loliis
902 1113 933 1164 et
950 1105 1138 1182 nigrioribus,
1145 1133 1166 1174 m

148 1188 265 1266 linguae
282 1205 420 1266 pecorum
437 1187 705 1264 simillimis,'caule
722 1188 865 1264 anguloso
890 1187 918 1248 in
937 1195 1045 1246 terram
1063 1188 1139 1248 incli-

147 1281 229 1348 nato,
250 1274 278 1332 in
300 1272 390 1350 pratis
408 1289 540 1332 nascens.
575 1271 667 1333 altera
688 1273 790 1346 maior,
814 1271 894 1330 loliis
916 1269 1041 1330 laterum
1056 1271 1140 1332 modo

147 1354 269 1429 melosa,
292 1372 364 1432 quae
387 1357 452 1432 quia
474 1363 596 1432 septena
616 1363 698 1430 sunt,
721 1354 833 1432 quidam
849 1372 912 1414 eam
927 1354 1141 1432 heptapleuron

147 1454 302 1500 vocavere.
340 1437 422 1498 huius
445 1447 475 1498 et
497 1437 631 1498 cubitalis
653 1437 743 1503 caulis
763 1445 809 1496 est
831 1445 861 1496 et
882 1439 958 1516 napi.
992 1439 1022 1496 in
1040 1438 1140 1498 umidis

146 1522 274 1581 nascitur
290 1521 379 1581 multo
395 1521 550 1582 ellicecior.
582 1524 653 1581 mira
673 1522 717 1581 vis
736 1523 765 1580 in
781 1520 915 1580 siccando
931 1520 1139 1598 densandoque
1148 1537 1171 1574 n

147 1621 286 1682 corpore,
306 1607 415 1664 canteri
439 1606 531 1664 vicem
548 1607 691 1681 optinens.
723 1604 799 1664 nulla
819 1621 980 1681 rosaeque
998 1600 1141 1664 sistitliu·

14 1747 18 1760 ,
147 1690 263 1748 ctiones
278 1706 349 1767 quas
365 1687 468 1748 Graeci
486 1687 703 1748 rheumatismos
719 1695 833 1747 vocant.

103 1781 137 1836 81
211 1773 293 1850 (to.)
313 1769 443 1848 iungitur
463 1771 528 1832 huic
548 1770 704 1848 buglossos
720 1770 807 1830 boum
826 1770 943 1848 linguae
960 1770 1078 1849 similis,
1099 1771 1140 1830 cui

146 1857 332 1933 praecipuum
354 1855 431 1932 quod
451 1856 480 1914 in
502 1857 596 1914 vinum
615 1853 729 1914 deiecta
749 1854 833 1912 animi
855 1853 1025 1931 voluptates
1043 1861 1139 1932 auget,

147 1945 178 1997 et
193 1945 313 1998 ro.catur
328 1937 548 2015 euphrosynum.
572 1937 654 2015 (41.)
666 1938 793 2013 iungitur
809 1945 838 1995 et
853 1935 1052 2014 cynoglossos
1069 1939 1169 2010 cani-aq

146 2037 211 2080 nam
226 2020 352 2096 linguam
371 2022 490 2096 imitata,
505 2021 636 2098 topiariis
654 2019 793 2098 operibus
808 2021 984 2096 gratissima,
1003 2022 1139 2098 aiuntque

146 2119 222 2181 qnae
239 2106 292 2162 tris
309 2102 426 2178 thyrsos
444 2105 560 2163 seminis
573 2105 665 2162 mittat
680 2105 742 2162 eius
758 2101 884 2162 radicem
899 2111 998 2182 potam
1015 2123 1056 2162 ex
1070 2121 1138 2180 aqua

145 2184 182 2245 ad
202 2188 341 2246 tertianas
363 2187 516 2264 prodesse,
538 2205 610 2264 quae
629 2194 766 2263 quattuor
788 2184 823 2244 ad
840 2194 1006 2262 quartanas.
1042 2185 1098 2246 Est
1113 2193 1138 2244 et

146 2267 202 2328 alia
219 2269 319 2328 similis
336 2270 363 2329 ei
381 2287 454 2347 quae
469 2271 527 2330 fert
550 2269 650 2348 lappas
671 2271 801 2328 minutas.
837 2271 899 2329 eius
915 2268 999 2328 radix
1016 2279 1089 2348 pota
1103 2287 1137 2328 er

64 2411 67 2418 ,
147 2369 220 2430 aqua
235 2355 312 2414 ranis
331 2361 361 2414 et
377 2353 563 2430 serpentibus
578 2353 754 2412 adversatur.
1127 2367 1164 2406 ¹a

209 2436 291 2514 (42.)
307 2435 361 2496 Est
377 2445 407 2497 et
421 2435 620 2514 buphthalmos
636 2435 737 2495 similis
752 2434 840 2493 houm
856 2434 961 2510 oculis,
976 2435 1053 2496 lolio
1070 2435 1135 2496 leni·

135 2519 216 2597 culi,
231 2521 309 2580 circa
324 2519 429 2598 oppida
444 2537 577 2594 nascens,
592 2520 732 2578 fruticosa
748 2517 878 2577 caulibus
893 2520 942 2597 qui
959 2526 990 2578 et
1007 2517 1135 2578 mandun-

147 2610 194 2662 tur
207 2601 332 2664 decoeti.
365 2603 476 2681 quidam
492 2601 616 2662 caehlam
631 2608 744 2662 vocant.
776 2601 854 2662 haee,
866 2619 929 2660 cum
944 2619 1015 2661 cera
1032 2609 1134 2662 steato-

144 2695 221 2744 mata
236 2684 361 2746 discutit.

208 2769 286 2845 (43.)
309 2769 451 2830 invenere
467 2767 572 2828 herbas
589 2775 619 2826 et
634 2771 788 2826 universae
803 2776 919 2844 gentes.
944 2767 1068 2844 Scythia
1082 2768 1161 2846 pri-au

145 2863 307 2910 mamam
330 2871 402 2929 quae
426 2851 560 2926 Scythice
582 2858 713 2926 vocatur,
741 2851 817 2910 circa
839 2847 980 2910 llaeotim
1004 2869 1133 2923 nascens,

115 2989 116 2994 ,
145 2931 332 3011 praedulcem
348 2934 418 2993 alias
435 2934 670 3012 utilissimamque
687 2932 722 2992 ad
735 2951 768 2992 ea
782 2951 855 3012 quae
868 2933 1012 2994 asthmata
1025 2940 1132 2994 vocant.

145 3032 248 3091 magna
271 3023 300 3074 et
317 3034 351 3076 ea
368 3016 587 3093 commendatio,
612 3015 688 3094 quod
706 3018 735 3074 in
751 3034 803 3075 ore
821 3015 1045 3092 eamhabentes
1063 3017 1132 3076 sitim

146 3100 307 3174 famemque
322 3115 379 3157 non
395 3103 530 3158 sentiunt.

101 3193 142 3250 aa
201 3179 374 3259 (44.)·1dem
389 3191 515 3256 praestat
527 3179 601 3259 apud
617 3179 736 3240 eosdem
748 3181 882 3260 hippace‚·
897 3182 1047 3260 distincta,
1058 3177 1157 3262 qnodtt

147 3268 178 3324 in
199 3265 281 3340 equis
302 3279 418 3339 quoque
442 3264 562 3324 eundem
586 3263 720 3323 ellectum
743 3265 865 3342 habeat,
894 3265 1068 3344 traduntque
1089 3263 1129 3340 his

146 3347 255 3406 duabus
276 3345 374 3405 herbis
396 3344 516 3421 Scythas
543 3349 628 3406 etiam
652 3348 682 3404 in
710 3347 860 3410 duodenos
884 3347 947 3409 dies
976 3349 1079 3410 durare
1103 3347 1129 3405 iu

94 3476 98 3508 1
142 3429 222 3488 ieme
236 3427 353 3504 sitique.
