2504 3930
179 267 242 329 252
521 279 551 330 o.
567 280 663 330 anun
681 279 830 358 succum

179 438 258 515 potui
279 434 376 510 datur,
397 435 478 496 nucis
501 435 652 495 abellanae
669 433 870 511 magnitudine.
902 433 989 510 aliqui
1013 431 1124 493 addunt
1145 439 1179 496 et

178 536 311 578 anserum
329 517 441 598 adipem
460 537 497 578 ex
518 521 586 578 vino
602 527 724 592 myrteo.
755 516 858 578 sordes
873 515 908 577 ab
925 514 1062 576 uberibus
1077 518 1177 576 ovium

178 601 299 662 eundem
323 601 456 662 effectum
477 601 600 678 habent,
627 603 694 662 item
719 619 820 660 carnes
841 603 1019 661 inveteratae
1042 599 1177 660 irenacei

177 695 318 763 sumptae.
341 685 464 745 vomitus
480 703 597 764 quoque
610 703 710 746 cauum
722 685 818 745 inlitus
830 687 922 744 ventri
938 701 1040 762 aquam
1055 683 1177 744 trahere

177 771 359 848 promittitur.
1188 797 1200 836 5

137 863 186 917 106
252 852 298 934 12.
324 851 407 930 (32.)
427 851 491 928 lgni
502 867 587 912 sacro
599 849 729 910 medetur
741 867 881 929 oesypum
896 868 957 910 eum
970 849 1175 928 pompholyge

178 945 208 996 et
219 953 354 1010 rosaceo,
370 937 451 994 ricini
464 935 590 1012 sanguis,
603 952 716 994 vermes
728 935 835 994 terreni
851 953 887 994 ex
900 943 983 993 aceto
999 933 1081 1009 inliti,
1093 931 1174 1012 gryl-

177 1019 221 1078 lus
241 1021 381 1104 contritus
397 1019 586 1093 inmanibus,
612 1035 669 1095 qao
692 1035 802 1094 genere
820 1025 946 1096 praestat
965 1024 995 1074 ut
1020 1017 1069 1094 qui
1084 1016 1114 1074 id
1128 1016 1174 1074 le·

177 1103 266 1176 cerit,
283 1112 432 1180 antequam
447 1103 564 1179 incipiat
578 1101 688 1177 vitium,
704 1109 765 1160 toto
784 1117 858 1161 anuo
875 1099 978 1160 cinon
992 1099 1115 1160 accidat.
1130 1130 1175 1144 --

176 1195 294 1264 oportet
308 1195 402 1244 autem
419 1205 483 1246 eum
498 1186 577 1244 ferro
594 1203 656 1244 curn
678 1193 757 1244 terra
778 1201 920 1244 cavernae
944 1201 1013 1242 suae
1028 1182 1108 1260 tolli,
1129 1211 1207 1252 -ω

176 1271 288 1329 anseris
309 1269 406 1348 adips,
430 1271 550 1346 viperae
572 1277 657 1346 caput
677 1267 784 1328 aridum
807 1268 988 1329 adservatum
1006 1275 1036 1326 et
1054 1265 1173 1326 combu-

176 1361 265 1428 stum,
294 1352 397 1412 deiude
423 1371 460 1412 ex
483 1361 567 1412 aceto
586 1353 754 1430 inpositum,
776 1360 910 1412 senectus
936 1351 1112 1426 serpentium
1132 1368 1174 1410 ex

176 1453 250 1514 aqua
267 1436 346 1497 inlita
362 1453 378 1494 a
395 1435 511 1496 balineo
529 1453 594 1494 cum
608 1435 742 1496 bitumine
759 1443 788 1494 et
802 1433 875 1496 sebo
893 1433 1008 1510 agnino.

136 1527 186 1583 107
251 1520 336 1598 (33.)
356 1517 553 1580 Carbunculus
574 1519 639 1578 fimo
663 1517 825 1579 columbino
848 1516 981 1578 aboletur
999 1534 1053 1594 per
1074 1535 1107 1576 se
1130 1515 1173 1574 in·

176 1603 227 1662 lito
241 1603 288 1662 vel
304 1622 366 1663 cum
381 1604 431 1665 lini
447 1603 556 1663 semiue
573 1621 610 1662 eu
625 1611 709 1663 aceto
725 1602 829 1679 mulso,
846 1603 914 1661 item
931 1597 1033 1678 apibus
1050 1617 1124 1677 quae
1141 1601 1171 1658 in
1183 1615 1207 1656 ru

176 1685 263 1745 melle
291 1688 347 1748 siut
374 1697 503 1748 mortuae
528 1687 660 1764 inpositis
682 1685 855 1764 polentaque
882 1683 1006 1762 inposita
1026 1683 1172 1760 inspersa.

178 1771 207 1828 in
221 1770 357 1842 verendis
374 1772 537 1850 ceterisque
552 1770 591 1829 ibi
606 1767 750 1830 ulceribus
768 1767 894 1828 occurrit
914 1785 952 1826 ex
975 1766 1064 1837 melle
1085 1783 1172 1840 oesy-

178 1870 243 1930 pum
263 1871 327 1914 cum
354 1853 461 1933 plumbi
479 1855 620 1931 squamis,
644 1853 712 1913 item
737 1853 831 1912 fimum
849 1849 991 1930 pecudum
1010 1850 1172 1927 incipienti-

176 1937 229 1995 bus
251 1936 445 2000 carbunculis.
482 1935 582 1996 tubera
605 1945 633 1996 et
659 1942 856 2014 quaecumque
878 1933 1003 1994 emolliri
1029 1950 1104 2010 opus
1127 1940 1174 1992 est

177 2019 380 2080 efficacissime
393 2020 525 2084 anserino
541 2019 624 2096 adipe
639 2027 783 2095 curantur,
795 2019 870 2078 idem
888 2023 1017 2096 praestat
1029 2025 1059 2076 et
1070 2034 1172 2093 gruum
1181 2035 1207 2077 no

126 2143 127 2146 =
177 2100 222 2162 adi
245 2121 269 2162 s.

83 2254 87 2266 ,
135 2195 186 2250 108
225 2120 332 2264 ρ(34.)
355 2183 525 2244 Furuuculis
547 2183 655 2242 mederi
675 2183 777 2243 dicitur
800 2201 922 2244 araneus
937 2183 1106 2262 priusquam
1122 2200 1172 2243 no-

176 2269 298 2328 minetur
312 2267 454 2346 inpositus
471 2275 499 2326 et
515 2267 600 2329 tertio
617 2266 664 2326 die
678 2267 804 2344 solutus,
819 2285 884 2326 rnus
902 2283 1023 2326 araneus
1039 2265 1173 2344 pendens

178 2359 314 2411 enecatus
328 2352 370 2412 sic
385 2359 415 2410 nt
437 2359 613 2410 terramnec
628 2361 730 2428 postea
756 2351 892 2427 attingat,
916 2359 960 2409 ter
985 2349 1172 2410 circumlatus

176 2433 336 2511 furunculo,
352 2435 458 2495 totiens
473 2435 680 2513 exspuentibus
697 2434 830 2494 medente
848 2443 878 2492 et
895 2433 940 2492 cui
955 2432 979 2493 is
997 2433 1206 2508 medebitur,ra

178 2535 215 2578 ex
234 2518 400 2595 gallinaceo
418 2519 484 2578 iimo
503 2517 581 2597 quod
602 2527 648 2578 est
667 2518 759 2578 ruium
781 2535 911 2577 maxume
933 2533 1037 2576 recens
1061 2515 1173 2575 inlitum

177 2621 214 2662 ex
229 2611 324 2680 aceto,
340 2602 517 2664 ventriculus
532 2603 663 2662 ciconiae
683 2621 720 2664 cx
737 2601 803 2660 vino
820 2601 974 2674 decoetus,
996 2617 1117 2658 muscae
1133 2601 1172 2660 in·

176 2687 239 2764 pari
254 2703 373 2749 numero
387 2685 537 2746 infricatae
552 2685 641 2761 digito
654 2685 778 2772 mediqo,
794 2683 896 2744 sordes
912 2701 949 2742 ex
964 2682 1109 2759 pecudum
1124 2701 1172 2742 au·

176 2768 285 2844 riculis,
301 2767 401 2832 sebum
418 2771 512 2829 ovium
526 2778 609 2828 vetus
627 2785 688 2828 cum
710 2769 806 2827 cinere
823 2766 922 2844 capilli
937 2765 1105 2842 mulierum,
1129 2785 1172 2827 se·

177 2851 243 2912 bum
260 2854 357 2915 arietis
371 2869 434 2915 cum
450 2855 547 2912 cinere
563 2853 682 2930 pumicis
697 2861 725 2911 et
741 2851 810 2912 salis
825 2850 887 2929 pari
905 2848 1045 2926 pondere.
1181 2873 1207 2914 aa

136 2945 186 2999 toa
250 2934 333 3015 (35.)
356 2935 504 2997 Ambustis
517 2936 608 3010 canini
624 2937 727 3014 capitis
740 2935 811 2994 cinis
822 2931 961 3010 medetur,
976 2933 1045 2991 item
1056 2931 1173 3009 glirium

183 3035 246 3077 cnm
263 3017 342 3094 oleo,
358 3019 451 3080 limum
469 3021 563 3078 orium
581 3035 644 3078 cum
661 3037 740 3094 cera,
754 3019 872 3090 murium
893 3016 981 3090 cinis,
1004 3015 1173 3084 coclearum

177 3119 293 3180 quoque
316 3103 359 3160 sic
381 3111 410 3162 ut
426 3121 463 3164 ne
480 3102 599 3163 cicatrix
615 3102 728 3180 quidem
744 3099 895 3180 adpareat,
912 3099 993 3178 adips
1008 3099 1173 3177 viperinus,

135 3194 186 3247 110
198 3185 253 3242 limi
277 3184 431 3245 columbini
449 3186 520 3244 cinis
541 3203 579 3244 ex
592 3185 660 3246 oleo
677 3185 789 3262 inlitus,
812 3185 895 3262 (36.)
918 3199 1073 3242 nervorum
1089 3183 1173 3244 nodis

178 3268 279 3343 capitis
309 3269 432 3345 viperini
455 3268 526 3327 cinis
551 3269 579 3327 in
606 3269 673 3328 oleo
698 3269 815 3346 cyprio,
838 3269 943 3326 terreni
964 3283 1082 3326 vermes
1111 3285 1207 3330 cumae

177 3349 264 3410 melle
279 3351 361 3427 inliti,
378 3352 412 3387 aa
425 3351 545 3410 dolores
560 3369 657 3412 eorum
673 3351 766 3430 adips,
783 3349 986 3430 amphisbaena
1000 3357 1115 3408 mortua
1127 3349 1173 3408 ad·

178 3430 311 3508 alligata,
335 3433 417 3512 adips
439 3434 597 3493 vulturinus
613 3453 675 3494 eum
693 3444 794 3496 ventre
812 3434 954 3494 arefactus
972 3433 1174 3510 contritusque

177 3530 240 3574 cunr
254 3515 339 3592 adipe
355 3517 441 3578 suillo
457 3519 633 3595 inveterato,
657 3520 728 3584 cinis
744 3538 761 3578 e
779 3518 874 3596 capite
888 3515 1010 3579 bubonis
1031 3516 1062 3574 in
1078 3516 1173 3576 mulso
