2396 3922
173 233 234 296 138
501 246 531 298 c.
547 245 807 296 uuanrsncunm

170 400 331 460 inflationes
350 400 465 461 discutit
480 417 545 461 cam
565 401 619 461 sile
636 409 666 460 et
686 399 778 462 nardo
798 397 931 475 Gallica,
952 397 1026 458 aceti
1053 398 1162 474 exiguo

169 485 275 544 addito.
306 485 421 545 fastidia
435 484 603 562 absterget,
625 485 833 544 concoctiones
848 481 982 557 adiurat,
1005 480 1165 540 cruditates

169 567 293 626 detrahit
309 586 372 628 cam
387 576 450 629 ruta
465 577 495 628 et
506 571 610 648 pipere
621 577 649 628 et
665 569 738 628 sale.
761 566 868 644 antiqui
884 565 1067 644 purgationis
1077 581 1164 624 caasa

168 649 302 710 databant
326 669 390 711 cum
412 653 538 712 marinae
562 671 654 731 aquae
681 652 790 712 ueteris
812 651 941 709 sextaria
963 649 1086 708 seminis
1112 666 1165 708 sex

125 745 160 800 49
172 734 321 794 drachmas
338 753 402 794 cum
418 735 509 794 tribas
527 737 595 796 salis
616 744 646 795 et
664 736 759 796 mellis
776 733 892 810 cyatho.
923 733 1078 792 eilicacius
1100 750 1184 810 pur-s

167 827 216 895 gat
231 818 376 896 duplicato
389 819 460 879 sale.
493 819 648 897 diligenter
662 828 755 879 uatem
770 819 827 878 teri
842 817 931 878 debet
948 825 1077 896 propter
1093 815 1163 876 diiii·

168 902 314 962 cultatem.
342 903 454 980 quidam
472 912 502 963 et
517 905 546 962 in
561 903 677 982 polenta
692 902 801 963 dedere
813 919 901 979 snpra
914 901 1020 960 dictam
1039 899 1162 977 pondus,

168 985 263 1046 addito
280 986 390 1064 puleio,
407 987 455 1046 alii
476 989 576 1066 pueris
588 987 658 1047 iolia
673 989 702 1046 iu
719 987 775 1046 lico
794 987 883 1060 sicca,
900 993 931 1044 at
945 983 1163 1044 amaritudinem

166 1068 310 1130 iallereat.
347 1070 493 1130 thoracem
517 1079 620 1149 purgat
641 1089 704 1130 cum
732 1069 805 1130 iride
826 1077 978 1148 sumptum.
1023 1068 1056 1126 iu
1082 1067 1161 1142 regio

166 1152 267 1212 morbo
284 1153 400 1213 crudum
415 1154 522 1214 bibitur
542 1155 686 1234 camapio
708 1163 756 1214 aut
770 1153 894 1213 adianto.
922 1152 1071 1211 adversas
1086 1151 1192 1210 iada-ro

167 1238 261 1296 tiones
286 1237 396 1297 caldam
420 1237 555 1317 paulatim
575 1239 711 1318 sorbetur
731 1255 770 1297 ex
797 1253 890 1315 aqna,
915 1236 1059 1295 iocineris
1081 1252 1164 1294 causa

168 1338 232 1378 cnm
246 1320 358 1382 Gallico
374 1321 474 1398 nardo,
498 1321 660 1386 lieniscnm
676 1329 759 1380 aceto
778 1328 826 1380 aat
842 1319 922 1398 pulte
939 1327 988 1379 aut
1002 1319 1065 1378 lico
1081 1320 1162 1377 sumi·

1 1451 11 1481 ,-
126 1412 224 1468 tatur.
255 1404 423 1465 adversatur
439 1405 534 1482 iungis
549 1423 586 1464 ex
600 1414 696 1481 aceto,
713 1407 781 1464 item
797 1405 896 1480 risco,
912 1405 1027 1463 cicutae
1043 1420 1085 1462 ex
1099 1403 1163 1460 vino

169 1495 198 1546 et
216 1489 301 1546 maris
313 1491 409 1548 menei
423 1488 577 1564 morsibus,
593 1489 840 1566 draconi-marino,
854 1486 1075 1566 scorpionibus.
1098 1503 1164 1546 ocu·

168 1569 259 1630 loram
275 1571 397 1632 claritati
411 1572 528 1632 multum
544 1573 667 1632 confert.
698 1572 849 1651 epiphoris
863 1589 926 1631 cum
943 1588 1034 1649 passo
1053 1571 1188 1649 inponis

167 1661 222 1729 tar,
245 1655 408 1732 suggillatis
423 1675 486 1716 cam
500 1656 598 1716 melle.
627 1657 704 1716 auris
720 1655 863 1716 decoctae
879 1655 942 1715 eius
957 1672 1055 1732 vapor
1070 1653 1163 1713 suffita

166 1746 249 1797 sanat
264 1747 325 1810 aut,
350 1739 375 1798 si
394 1749 509 1800 manent
529 1741 625 1816 sanie,
648 1757 711 1799 cum
733 1739 821 1800 melle
845 1739 952 1798 tritam.
996 1739 1112 1798 urinam
1132 1753 1163 1796 ac

165 1837 281 1880 meuses
297 1823 376 1882 cient
391 1832 451 1882 tres
464 1832 635 1903 quattuorve
650 1823 750 1883 ramuli
766 1840 829 1882 cum
845 1821 948 1882 Gallici
961 1822 1047 1882 nardi
1065 1821 1162 1881 radice

78 1945 81 1952 .
165 1921 228 1977 una,
245 1904 355 1978 cyathis
373 1923 464 1984 aquae
479 1907 536 1984 Vl,
551 1925 667 1967 menses
688 1907 821 1986 privatim
836 1924 901 1966 cam
914 1905 1004 1966 melle
1020 1914 1162 1984 sumptum

123 1998 155 2049 51
167 1994 196 2045 et
211 1988 239 2044 in
252 1986 363 2048 vellere
374 1990 546 2068 adpositum.
573 1993 695 2068 anginae
710 1990 843 2050 subvenit
855 2007 918 2048 cum
929 1989 1020 2049 melle
1037 1998 1070 2048 et
1080 1990 1188 2048 aitrus

165 2069 342 2146 epinyctidas
359 2091 397 2132 ex
412 2091 485 2151 aqua
501 2084 591 2152 sanat,
608 2074 729 2135 volnera
742 2075 872 2134 recentia
886 2075 967 2152 prius
984 2091 1075 2152 qnam
1090 2089 1160 2149 aqua

163 2159 316 2228 tangantur
336 2156 503 2234 inpositum,
532 2166 685 2236 praeterea
705 2159 807 2236 capitis
824 2157 935 2218 ulcera.
972 2156 1161 2235 peculiariter

163 2233 249 2294 ilibus
265 2237 410 2315 inponitur
425 2258 489 2300 cam
506 2239 612 2319 Cypria
628 2259 696 2302 cera
712 2251 760 2302 aut
774 2259 838 2300 cum
853 2241 921 2300 lico.
953 2249 1038 2300 sanat
1055 2249 1087 2299 et
1097 2257 1158 2319 pra·

120 2319 244 2380 ttritus.
274 2337 331 2380 aon
346 2323 524 2384 estdandum
540 2326 568 2383 in
588 2325 674 2384 iebri.
705 2324 833 2385 nausiam
848 2325 936 2384 maris
957 2332 1041 2384 arcet
1063 2324 1093 2382 in
1115 2339 1157 2382 aa·

163 2403 353 2478 rigationibus
373 2415 486 2484 potam,
513 2409 658 2485 inguinum
679 2418 817 2468 tumorem
837 2409 865 2466 in
881 2407 1006 2467 ventrali
1022 2406 1180 2467 habitamus

162 2501 280 2546 somnos
295 2487 394 2548 adlicit
408 2489 544 2550 olfactum
560 2500 607 2551 aut
617 2493 708 2551 inscio
724 2491 777 2550 sub
795 2493 890 2568 capite
905 2493 1042 2570 positum.
1074 2490 1156 2550 vesti·

162 2569 216 2629 bus
233 2571 370 2631 insertum
387 2575 480 2634 tineas
499 2583 589 2634 arcet.
624 2575 734 2634 culices
756 2593 794 2634 ex
814 2574 883 2634 oleo
903 2575 1056 2654 perunctis
1073 2574 1155 2650 abigit

162 2661 191 2712 et
207 2654 297 2731 inmo,
314 2657 339 2714 si
351 2666 455 2718 uratur.
486 2665 672 2718 atramentum
685 2658 830 2719 librarium
851 2676 889 2718 ex
903 2658 996 2718 diluto
1012 2659 1078 2718 aius
1091 2669 1154 2718 tem

160 2747 290 2813 peratum
304 2739 413 2800 litteras
429 2759 445 2800 a
460 2741 597 2801 masculis
616 2751 720 2802 tuetur.
754 2742 890 2821 capillum
907 2741 1043 2820 denigrat
1067 2742 1155 2803 absin·

160 2817 201 2876 tbi
217 2822 289 2880 cinis
310 2834 457 2900 unguento
476 2841 658 2904 rosaceoque
673 2827 841 2904 permixtus.
1160 2837 1180 2879 Μ

117 2909 153 2962 53
229 2901 311 2982 (29.)
334 2906 388 2967 Est
408 2917 438 2967 et
458 2908 628 2968 absinthium
654 2911 808 2986 marinum,
840 2907 920 2986 quod
944 2908 1063 2988 quidum
1087 2910 1153 2970 seri·

162 2981 247 3059 phum
268 2999 388 3066 vocant,
417 2991 646 3071 probatissimum
675 2993 705 3051 in
731 2993 866 3072 Taposiri
887 2992 1034 3070 Aegypti.
1076 2992 1154 3052 haias

159 3081 266 3161 ramum
287 3066 372 3130 Isiaci
393 3076 544 3151 praeferre
562 3075 704 3135 sollemne
731 3075 848 3136 habent.
882 3077 1037 3152 augustius
1059 3078 1153 3155 priore

159 3164 308 3246 minusque
324 3169 463 3233 amaram,
480 3158 628 3218 stomacho
651 3159 809 3236 inimicum,
831 3159 927 3218 alvom
950 3159 1048 3218 mollit
1062 3159 1151 3238 pellit·

160 3246 217 3306 que
231 3233 362 3293 animalia
375 3237 596 3302 interaneorum.
628 3241 736 3302 bibitur
757 3261 819 3304 cum
835 3243 903 3302 oleo
925 3251 956 3301 et
977 3243 1042 3302 sale
1058 3252 1105 3304 aut
1125 3243 1177 3301 inu

159 3309 268 3371 iariaae
284 3315 438 3412 trimestris
458 3324 616 3384 sorbitione
633 3324 759 3386 dilutum.
793 3327 928 3404 coquitur
942 3336 1082 3405 quantum
1096 3342 1148 3386 ma·

84 3449 86 3454 .
158 3407 211 3450 uus
227 3405 321 3472 cupiat
335 3415 363 3454 m
378 3417 469 3478 aquae
486 3409 614 3468 sextario
630 3408 664 3468 ad
679 3409 819 3470 dimidias.
846 3465 848 3470 ,

116 3479 151 3532 54
221 3473 250 3534 8.
274 3475 356 3557 (30.)
378 3481 510 3546 Ballotea
525 3490 582 3550 alio
594 3493 708 3552 nomine
727 3511 842 3572 parrum
855 3493 972 3572 nigrum
983 3493 1146 3556 Graecina-
