2370 3922
158 207 200 271 at
271 267 273 276 ,
520 221 550 270 o.
568 221 665 269 ιιιιιι
683 221 832 270 succum

1153 317 1160 346 f

156 383 206 436 ιιι
228 384 259 436 et
283 376 355 440 fella
369 395 432 438 cnm
447 393 535 454 pomo
552 376 587 436 ad
607 375 726 436 eosdem
742 395 820 436 usus.
852 378 975 454 pirorum
991 375 1065 452 ligni
1082 375 1146 435 ιιιιι
1179 405 1180 440 ι

157 468 259 520 eontra
274 461 380 538 fungos
396 463 548 521 etiamnum
563 459 710 522 efficacius
727 461 850 538 prolicit.
879 459 952 521 hlala
969 463 1096 539 piraque
1116 460 1150 519 iu·
1179 489 1180 524 ι

108 539 113 550 ’
156 545 260 603 mentis
275 553 391 623 portatu
401 544 830 622 miregrauiasnntvelpanca
846 545 973 604 remedio
984 547 1068 604 aiunt
1079 561 1151 618 esse,
1179 575 1180 584 ι

157 629 182 688 ιι
203 631 284 706 prins
302 627 413 689 edenda
428 629 532 688 dentur
546 627 640 705 aliqua
654 636 702 687 ant
717 631 816 706 ntique
832 628 1031 688 ostendantur
1179 685 1180 692 ,

117 720 165 775 117
226 712 309 792 (63)
347 712 408 773 Fici
435 730 520 771 sucus
548 710 658 771 lacteus
681 714 756 772 aceti
778 720 905 774 naturam
928 711 1035 787 habet,
1062 712 1180 786 itaqueel

157 795 273 872 coaguli
288 796 374 856 modo
391 795 436 855 lac
451 795 602 856 contrahit.
630 797 773 874 excipitur
791 803 858 855 ante
872 797 1070 855 maturitatem
1084 795 1176 871 poni

158 887 188 938 et
208 881 237 937 in
263 880 362 940 umbra
381 882 506 940 siccatur
528 879 562 938 ad
578 879 734 959 aperienda
749 879 864 955 ulcera,
890 879 993 940 cienda
1008 885 1156 939 menstrm

158 961 293 1039 adpositu
309 981 373 1024 eum
388 964 468 1024 luteo
484 965 532 1022 ovi
548 972 596 1021 aut
610 972 681 1042 potu
695 981 758 1023 cnm
774 963 877 1038 amylo.
909 963 1052 1041 podagris
1069 959 1155 1020 inlini·

158 1053 204 1104 tur
229 1065 292 1105 cnm
313 1048 404 1106 farina
420 1046 522 1106 Graeci
543 1047 603 1107 feni
624 1056 654 1106 et
673 1056 766 1107 aceto.
802 1047 880 1124 pilos
898 1065 1015 1124 qnoque
1033 1042 1156 1105 detrahit

158 1129 419 1208 palpebrarumque
443 1131 571 1191 scabiem
588 1131 735 1206 emendat,
760 1132 829 1190 item
847 1130 976 1190 lichenas
995 1139 1025 1190 et
1045 1145 1105 1208 pso

117 1223 169 1276 118
179 1212 274 1272 alrern
301 1213 397 1274 solvit.
441 1213 523 1274 lactis
548 1213 643 1273 ficulni
669 1222 769 1274 natura
792 1214 965 1274 adversatur
986 1213 1154 1274 crabronum

158 1313 369 1396 vesparumque
381 1306 412 1358 et
423 1297 556 1357 similium
567 1299 699 1374 venenis,
715 1299 846 1376 privatim
857 1293 1057 1378 scorpionum.
1089 1295 1157 1354 idem

107 1383 110 1404 ¹
159 1397 222 1438 cum
243 1382 367 1457 axungia
387 1399 524 1442 verrucas
546 1381 631 1442 tollit.
671 1381 742 1442 folia
765 1389 795 1441 et
817 1399 892 1459 quae
912 1399 972 1440 non
993 1390 1157 1442 maturuere

158 1462 205 1520 fici
228 1467 344 1522 strumis
369 1465 525 1525 inlinuntur
542 1457 731 1543 omnibusque
748 1483 822 1543 qnae
839 1465 1012 1525 emollienda
1027 1467 1092 1524 sint
1108 1461 1156 1520 dis·

63 1617 69 1630 q
158 1547 339 1608 cuticudave.
370 1557 519 1627 praestant
543 1550 599 1610 hoc
627 1557 657 1609 et
681 1567 736 1628 per
761 1569 795 1610 se
821 1549 900 1610 folia.
933 1558 964 1608 ct
988 1550 1065 1608 alins
1093 1561 1154 1608 nsua

158 1647 258 1690 eornm
280 1633 310 1690 in
337 1633 467 1693 fricando
491 1633 619 1693 lichene
627 1642 657 1692 et
676 1634 818 1732 alopeciis
837 1643 867 1692 et
891 1649 1095 1711 quaecumque
1115 1645 1155 1688 er·

23 1763 25 1770 ,
116 1723 167 1776 119
179 1713 303 1776 ulcerari
320 1711 393 1795 dpns
409 1719 454 1777 sit.
483 1726 513 1778 et
529 1718 668 1777 adversus
683 1719 761 1776 canis
776 1735 888 1776 morsus
907 1734 1052 1776 ramorum
1068 1713 1153 1774 teneri

129 1798 290 1858 cauliculi
314 1804 372 1859 cuti
393 1802 575 1879 inponuntur
608 1802 695 1860 iidem
719 1819 782 1862 oum
805 1800 892 1861 melle
916 1799 1069 1860 ulceribus
1091 1811 1154 1875 qnae

43 1938 46 1946 ,
157 1883 237 1940 ceria
252 1891 393 1942 vocantur
411 1885 575 1945 inlinuntur.
604 1884 757 1944 extrahunt
773 1885 893 1946 infracta
912 1902 980 1944 ussa
995 1901 1063 1942 cnm
1078 1897 1154 1960 papa·

158 1966 237 2022 veris
258 1964 404 2026 silvestris
427 1969 525 2045 foliis,
549 1985 648 2029 canum
671 1969 853 2028 rabiosorum
867 1985 981 2028 morsus
998 1965 1075 2027 lolio
1093 1967 1156 2024 trito

159 2063 197 2104 ex
213 2056 296 2107 aceto
315 2052 487 2128 restingunt.
522 2071 539 2113 e
556 2053 639 2151 pigra
656 2052 711 2112 ficu
727 2051 838 2112 candidi
852 2051 985 2111 cauliculi
1002 2051 1153 2109 inlinuntur
1181 2107 1182 2112 ,

158 2129 333 2209 furunculis,
359 2138 447 2194 muris
471 2139 568 2196 aranei
589 2136 733 2196 morsibus
756 2153 819 2195 cum
840 2153 917 2212 cera
966 2136 1039 2193 cirris
1065 2147 1153 2192 earum

116 2221 168 2274 120
187 2232 204 2272 e
228 2214 307 2274 foliis
331 2222 506 2295 gangraenis
528 2219 787 2296 consumendisque
803 2237 877 2298 quae
897 2225 1083 2280 excrescunt
1116 2215 1152 2278 tet

157 2305 286 2359 maturae
303 2303 412 2361 urinam
433 2305 527 2379 cient,
548 2303 642 2365 alvom
665 2304 800 2380 solvont,
824 2303 960 2365 sudorem
976 2309 1100 2362 movent
1113 2316 1151 2377 pa·

158 2380 308 2459 pnlasque.
339 2385 377 2444 ob
393 2386 422 2447 id
439 2396 573 2448 autumno
589 2387 769 2463 insalubres,
784 2389 918 2465 quoniam
932 2388 1065 2446 audenda
1079 2385 1151 2444 luto

158 2465 215 2524 cibi
232 2483 323 2544 opera
337 2487 462 2550 corpora
477 2472 702 2549 perfrigescunt.
741 2489 797 2530 nec
811 2471 960 2531 stomacho
979 2470 1087 2546 utiles,
1110 2466 1151 2528 sed

158 2549 193 2608 ad
210 2549 302 2610 breve
317 2561 447 2631 tempus,
473 2563 503 2614 et
516 2558 583 2615 roci
601 2555 764 2614 contrariae
780 2553 998 2631 intelleguntur
1037 2553 1150 2614 novissi·

157 2651 221 2693 mae
241 2634 420 2698 salubriores
439 2656 521 2715 quam
533 2641 660 2717 primae,
674 2639 834 2699 medicatae
849 2656 922 2698 vero
939 2656 1099 2716 numquam.
1118 2639 1150 2695 ιι-

160 2735 263 2775 venum
284 2722 355 2779 viris
381 2731 505 2799 augent,
534 2721 653 2782 senibus
675 2723 826 2782 meliorem
848 2722 1035 2781 valitudinem
1053 2723 1150 2780 faciunt

157 2801 309 2878 uanusque
331 2823 472 2882 rugarum
512 2809 589 2865 sitim
608 2806 726 2882 sedant,
754 2806 882 2868 calorem
897 2807 1093 2882 refrigerant,
1118 2803 1149 2864 ob

159 2881 188 2939 id
208 2899 266 2941 oon
283 2889 459 2963 negandae
450 2909 479 2949 ιι
494 2888 625 2950 febribus
642 2892 808 2950 constrictis
822 2907 893 2967 quas
909 2898 1030 2965 stegnas
1045 2893 1148 2948 vocant

117 2975 166 3028 lhl
184 2966 280 3025 siccae
296 2969 342 3027 fici
359 2974 534 3033 stomachum
550 2973 676 3048 laedunt,
692 2975 802 3050 gutturi
819 2983 849 3033 et
863 2973 995 3032 faucibus
1008 2971 1149 3049 magnifice

44 3050 47 3056 '
159 3047 257 3109 utiles.
288 3061 388 3113 cetura
406 3055 451 3115 bis
471 3057 688 3119 excalfaciendi
714 3059 791 3116 sitim
808 3056 957 3132 adferunt,
979 3055 1077 3116 alvom
1090 3052 1149 3112 mol

160 3131 248 3209 liunt,
278 3134 488 3199 rheumatismis
517 3144 579 3201 eius
606 3150 636 3200 et
659 3141 808 3201 stomacho
829 3141 1001 3201 contrariae.
1043 3141 1148 3212 uesicae

159 3234 276 3294 semper
291 3217 378 3278 utiles
395 3230 426 3282 et
438 3223 654 3284 anhelatoribus
669 3241 702 3282 ac
718 3226 897 3324 suspiriosis,
909 3225 978 3282 item
989 3225 1169 3294 iocinerume

159 3302 287 3379 renium,
312 3302 418 3362 lienum
432 3307 520 3366 vitiis
552 3325 660 3386 corpus
680 3314 710 3367 et
731 3310 802 3367 viris
821 3305 967 3382 adlu'vant,
996 3307 1035 3367 ob
1052 3307 1147 3366 idaute

159 3382 287 3444 athletae
310 3386 366 3446 hoc'
386 3388 453 3446 cibo
476 3392 685 3467 pascebantur,
707 3390 886 3468 Pythagoras
905 3393 1083 3451 exercitator
1102 3390 1146 3467 pri·

117 3475 169 3526 ιιι
179 3481 242 3524 tuns
256 3467 291 3527 ad
306 3471 400 3530 carnis
417 3489 470 3532 eos
490 3475 642 3533 transtulit.
675 3471 860 3550 recolligenti
878 3494 910 3534 se
926 3493 941 3534 a
955 3474 1045 3550 longa
1061 3474 1145 3534 valitu-
