2396 3922
151 266 210 329 134
311 238 318 250 ’
481 275 512 326 c.
527 277 622 324 nunu
637 275 786 325 suenum

148 435 251 510 figura,
267 450 366 491 semen
382 433 536 510 papaveris
554 431 639 509 nigri.
669 448 770 491 comae
785 433 869 490 tritae
887 429 1048 507 sanguineo
1067 445 1134 488 suco

148 525 268 576 manant.
299 515 373 575 odor
389 517 432 575 eis
446 517 605 576 resinosus.
636 516 762 592 gignitur
783 517 811 576 in
826 516 935 590 vineis,
957 513 1023 573 fere
1043 513 1134 573 medio

105 609 139 665 nt
151 608 283 660 autumno
301 599 433 660 effoditur
444 600 692 680 suspenditurque.
718 618 786 658 usus
802 599 836 658 ad
851 597 1030 676 purgandam
1045 597 1136 656 alvom

147 693 249 744 tunsae
272 701 335 744 cum
363 685 471 743 semine
491 693 636 762 potaeque
658 685 795 742 matutino
816 682 871 741 vel
891 701 907 742 a
931 699 1005 740 cena
1028 681 1136 740 duabus

148 767 290 836 drachmis
307 769 335 826 iu
357 784 428 846 aqua
443 768 532 827 mulsa
546 767 595 827 rel
607 769 675 826 rino
692 766 739 826 vel
755 785 827 846 aqua
843 783 932 845 pura,
954 765 1083 843 potionis
1097 773 1152 824 tos

147 853 203 912 tius
219 853 357 912 sextario.
398 851 482 911 trahit
499 851 604 928 bilem,
628 850 748 929 prodest
767 850 888 911 ischiadi
910 867 1062 925 maxume,
1088 847 1136 908 sed

148 945 266 1014 postera
285 935 333 995 die
354 936 488 1013 capparis
507 935 633 995 radicem
658 937 773 994 resinae
793 936 965 1015 permixtam
995 933 1136 992 devorare

149 1028 265 1097 oportet
280 1018 431 1079 drachmae
449 1019 578 1096 pondere
593 1020 752 1096 iterumque
766 1017 908 1097 quatridui
922 1016 1080 1075 intervallo
1095 1034 1135 1074 ea·

148 1102 212 1163 dem
227 1103 342 1179 iacere,
370 1118 386 1161 a
406 1103 577 1180 purgatione
592 1111 686 1161 autem
705 1103 768 1179 ipsa
784 1101 965 1161 robustiores
981 1101 1079 1158 vinum
1100 1098 1136 1158 bi·

148 1186 236 1263 bere,
251 1186 421 1246 iulirmiores
437 1203 547 1264 aquam.
576 1186 722 1263 inponitur
743 1193 772 1244 et
787 1184 925 1264 podagris
949 1192 978 1242 et
1000 1182 1136 1242 ambustis
1144 1199 1163 1240 n

150 1281 179 1331 et
192 1269 359 1330 volueribus
375 1268 514 1329 cohibens
529 1271 706 1345 sanguinem.

106 1364 141 1418 28
215 1354 298 1433 (11.)
320 1352 473 1413 Ambrosia
495 1354 561 1430 vagi
576 1353 697 1412 nominis
721 1360 750 1412 et
766 1351 843 1411 circa
866 1349 939 1410 alias
963 1349 1075 1410 herbas
1091 1349 1138 1408 hu·

148 1438 234 1499 ctuati
250 1455 332 1497 uuam
349 1436 437 1496 habet
451 1446 568 1513 certam,
584 1435 716 1514 densam,
731 1452 889 1510 ramosam,
905 1443 1041 1508 tenuem,
1059 1433 1140 1492 trium

43 1597 47 1608 Ι
146 1523 210 1582 lere
224 1521 391 1599 palmorum,
408 1522 490 1580 tertia
502 1530 584 1598 parte
600 1519 697 1580 radice
707 1519 855 1596 breviore,
870 1518 951 1579 foliis
962 1527 1047 1577 rutae
1064 1517 1139 1576 circa

148 1607 232 1664 imum
244 1604 364 1665 caulem.
388 1605 417 1664 iu
427 1605 542 1666 ramulis
554 1612 706 1664 semeuest
717 1605 780 1664 uvis
794 1600 1036 1681 dependentibus,
1049 1601 1165 1660 odoren

147 1689 265 1764 vinoso,
288 1706 342 1767 qun
358 1688 394 1749 de
411 1705 497 1748 carrea
512 1687 613 1762 botrys
636 1706 652 1747 a
669 1687 835 1766 quibusdam
857 1694 996 1759 vocatur,
1017 1683 1055 1743 ab
1080 1683 1140 1742 abis

146 1772 310 1832 Artemisia.
334 1779 508 1832 coronantur
519 1771 568 1831 illa
581 1770 784 1851 Cappadoces.
803 1787 873 1829 usus
885 1769 949 1828 eius
963 1767 1000 1827 ad
1016 1785 1052 1827 ea
1067 1782 1138 1844 quae

147 1855 250 1916 discuti
266 1873 339 1934 opus
354 1858 399 1914 sit.

106 1947 140 2004 29
213 1939 296 2018 (12.)
318 1937 441 1998 Ananim
457 1939 569 2017 quidam
585 1938 708 1998 ononida
726 1936 833 1996 malunt
846 1954 966 2009 vocare,
983 1952 1138 2008 ramosam,

147 2022 267 2084 similem
279 2022 347 2082 feno
356 2022 478 2098 Graeco,
488 2024 542 2082 uisi
554 2023 719 2082 fruticosior
731 2020 925 2098 hirsutiorque
937 2027 1029 2094 esset,
1047 2017 1138 2077 odore
1147 2040 1168 2080 n

146 2103 279 2180 iucunda,
296 2113 363 2184 post
377 2123 429 2165 ver
443 2107 571 2185 spinosa.
588 2115 668 2166 estur
682 2107 765 2164 etiam
781 2105 870 2163 muria
884 2102 1018 2178 condita,
1034 2119 1141 2162 recens

148 2205 218 2247 vero
233 2190 378 2264 margines
390 2187 517 2249 ulcerum
532 2189 634 2250 erodit.
663 2188 745 2249 radix
757 2187 930 2265 decoquitur
940 2188 970 2245 iu
984 2203 1080 2264 posca
1092 2185 1139 2244 do·

147 2271 203 2331 lori
219 2270 352 2330 dentium.
389 2272 489 2331 eadem
509 2291 572 2333 cum
591 2273 678 2332 melle
696 2281 763 2351 pota
780 2269 910 2331 calculos
927 2268 1023 2351 pellit.
1054 2271 1140 2329 corui·

147 2353 262 2414 tialibus
277 2354 401 2414 daturin
416 2357 570 2430 oxymelite
588 2357 712 2417 decocta
729 2355 764 2416 ad
780 2353 920 2434 dimidias.

106 2449 140 2502 30
214 2439 296 2518 (13.)
313 2440 474 2516 Anagyros,
489 2458 571 2518 quom
583 2441 671 2519 aliqui
686 2436 1164 2519 acoponvocaut,lruticosaests

147 2523 246 2600 gravis
262 2522 361 2600 odore,
379 2523 452 2582 dore
468 2523 573 2602 oleris,
595 2541 694 2584 semen
710 2525 738 2582 in
754 2521 910 2584 corniculis
928 2538 987 2581 uon
1002 2520 1141 2580 brevibus

147 2607 250 2684 giguit,
266 2605 358 2666 simile
372 2606 504 2683 renibus,
524 2608 602 2687 quod
623 2607 751 2667 durescit
768 2624 821 2686 per
836 2606 952 2664 messis.
986 2604 1060 2665 iolla
1085 2604 1140 2664 col-

145 2690 318 2750 lectionibus
345 2691 517 2768 inponuntur
538 2691 749 2769 difficulterque
775 2687 953 2768 parientibus
982 2687 1140 2764 adalligan-

146 2783 192 2832 tur
209 2775 247 2831 ita
269 2783 330 2834 uta
356 2783 437 2852 partu
453 2775 544 2834 statim
561 2775 734 2835 auferantur.
764 2771 841 2852 quod
863 2773 888 2830 si
910 2781 1060 2831 emortuus
1076 2771 1139 2830 hae·

146 2864 210 2914 reat
226 2865 253 2914 et
270 2857 415 2917 secundae
428 2875 600 2936 mensesque
613 2866 777 2934 morentur,
798 2855 934 2915 drachma
954 2854 1095 2914 bibuntur
1113 2856 1165 2911 mn

147 2955 236 3016 passo
250 2938 329 2999 lolia.
363 2942 406 3000 sic
426 2951 455 3000 et
470 2941 634 3020 suspiriosis
653 2941 773 3016 dantur,
798 2949 827 2998 et
848 2941 876 2997 in
896 2939 964 2997 vino
985 2946 1091 2997 vetere
1107 2935 1140 2996 ad

149 3020 365 3100 phalangiorum
386 3042 507 3084 morsus.
542 3023 625 3083 radix
648 3023 834 3085 discutiendis
862 3019 1139 3100 concoquendisque

148 3103 307 3182 adhibetur,
323 3124 421 3166 semen
437 3106 688 3167 conmanducatam
702 3107 874 3168 vomitiones
889 3105 969 3165 iacit.

35 3211 40 3224 ·
107 3200 139 3252 31
211 3187 294 3267 (14.)
314 3188 483 3264 Anonymos
499 3208 556 3251 non
576 3191 747 3251 inveniendo
768 3207 874 3250 nomeu
894 3190 1015 3249 invenit.
1046 3185 1137 3247 adier-

148 3279 193 3329 tur
216 3289 232 3328 e
248 3271 375 3347 Scythia,
393 3273 539 3334 celebrata
552 3274 670 3335 Hicesio
683 3293 740 3333 uon
757 3291 866 3354 parvae
882 3273 1068 3332 auctoritatis
1084 3286 1164 3328 meu

148 3351 227 3428 dico,
253 3357 320 3414 item
342 3355 549 3433 Aristogitoni,
575 3360 605 3417 iu
623 3357 788 3418 volneribus
811 3355 983 3436 praeclara,
1006 3373 1046 3414 ex
1067 3369 1138 3431 aqua

148 3442 229 3527 tunsa
245 3437 383 3514 inposita,
405 3447 472 3514 pota
492 3458 563 3500 vero
578 3443 704 3500 mammis
721 3441 962 3519 praecordiisque
981 3439 1136 3518 percussis,

100 3527 102 3532 ’
148 3522 213 3572 rtem
229 3521 393 3594 sauguinem
411 3522 639 3584 exscreantibris.
668 3533 808 3603 putavere
824 3534 853 3585 et
868 3523 1025 3584 bibendam
1040 3519 1135 3579 volne-
