2370 3922
193 252 236 316 76
544 265 575 318 c.
592 265 853 316 ncmrscconm

356 349 362 386 l

179 417 244 495 ¹lio,
257 421 288 478 in
301 422 397 481 vineis
411 428 586 482 nascentem.
610 421 693 482 aliam
706 439 779 482 vero
794 422 891 481 binum
905 418 1073 498 cubitorum,
1085 437 1162 482 rauran-¹

193 501 232 561 lis
253 501 391 580 exilibus,
412 505 576 581 triangulis,
596 504 669 565 iolio
692 504 799 582 felicis,
818 505 952 583 pediculo
969 504 1068 582 longo,
1090 505 1162 566 betae

194 587 318 664 semine,
340 588 432 646 omnis
453 588 623 648 uolneribus
644 590 823 666 praecipuas.
853 590 947 648 nostri
969 605 1030 648 eam
1045 597 1163 666 quaeest

192 667 336 729 latissimo
351 669 424 730 lolio
440 688 545 748 scopas
560 673 659 748 regias
675 679 787 730 vocant.
812 670 944 731 medetur
960 673 1072 748 anginis
1090 689 1161 731 snum

148 762 185 818 45
257 752 340 830 (20.)
363 751 529 814 Invenit-et
546 753 660 815 Teucer
681 753 781 814 eadem
803 762 901 814 aetate
924 753 1077 831 Teucrion,
1097 771 1163 832 quan
1176 780 1183 805 κ

193 835 308 913 qnidam
323 836 632 912 bemionion'vocant,
655 847 841 914 spargentem
861 840 963 896 iuncos
984 839 1089 913 teonis,
1108 837 1163 896 lolia

193 935 294 997 parva,
318 921 432 997 asperis
450 920 523 979 locis
547 929 730 998 nascentem,
754 929 872 980 austero
895 937 1013 998 sapore,
1035 937 1162 996 nunquan

193 1001 356 1062 florentem.
388 1019 603 1084 nequepemen
618 1005 719 1080 gignit.
750 1004 882 1064 medetur
898 1003 1038 1079 lienibus,
1057 1011 1163 1062 constat

177 1093 1174 1246 ·litatmilitationis:tttttt,titillanti

15 1315 20 1328 ,
147 1259 183 1315 46
194 1254 264 1310 nion
279 1259 408 1310 vocatur.
430 1261 545 1315 uamaut
559 1271 628 1312 sues
639 1254 687 1329 qui
699 1253 825 1311 radicem
837 1254 900 1312 eius
913 1251 994 1311 edint
1006 1253 1069 1311 sine
1082 1251 1162 1330 splent

191 1335 325 1393 inveniri.
355 1335 467 1412 qnidam
483 1337 569 1394 ramis
587 1335 691 1414 bysopi
708 1334 896 1411 surculosam,
918 1335 992 1395 lolio
1015 1335 1108 1411 labae,
1126 1351 1162 1393 eo·

191 1416 257 1478 deru
276 1419 392 1477 nomine
413 1418 561 1496 appellant
581 1428 614 1478 et
633 1419 733 1495 colligi
757 1436 821 1478 oum
842 1418 947 1477 lioreat
966 1417 1077 1478 iubent.
1108 1417 1184 1482 adeo,

191 1499 301 1560 llorere
327 1517 386 1560 non
411 1501 557 1578 dubitant,
587 1519 775 1579 maxumeque
804 1519 842 1561 ex
864 1499 975 1560 Ciliciis
1003 1509 1036 1560 et
1059 1500 1162 1560 Pisidiae

191 1584 338 1643 montibus
359 1583 480 1644 laudant.

147 1675 182 1730 tr
255 1666 337 1744 (21.)
359 1665 549 1746 Melampodis
564 1669 639 1728 lama
653 1666 838 1727 divinationis
853 1667 963 1726 artibus
979 1675 1051 1726 nota
1066 1674 1114 1726 est.
1136 1665 1161 1726 ab

190 1749 248 1810 boc
272 1749 437 1828 appellatur
457 1769 541 1812 unum
563 1750 708 1810 hellebori
730 1769 824 1828 genus
844 1749 1070 1828 Melampodion.
1097 1747 1161 1826 aliqd

190 1842 340 1910 pastorem
361 1833 465 1894 codena
487 1836 602 1894 nomine
622 1836 771 1894 inuenisse
792 1833 922 1910 tradunt,
946 1849 1052 1912 capras
1069 1832 1161 1912 purgari

190 1923 276 1994 pasto
297 1916 350 1976 illo
373 1917 664 1994 animadvertentem,
691 1917 818 1995 datoque
843 1916 920 1976 lacte
941 1934 1042 1976 earum
1067 1931 1161 1976 sanasse

189 1997 343 2059 Proetidas
360 2000 492 2059 furentis.
528 2001 714 2078 quamobrem
732 2000 768 2059 de
788 2000 920 2060 omnibns
942 2001 1008 2059 eius
1026 1998 1160 2076 generibus

145 2080 250 2145 48dici
271 2081 354 2141 simul
370 2085 514 2143 convenit.
545 2083 638 2143 Prima
659 2084 715 2143 dno
737 2092 820 2158 sunt,
839 2082 989 2142 candidum
1010 2100 1046 2142 ae
1064 2084 1158 2158 nigrum

190 2163 247 2226 boc
269 2164 415 2250 radicibus
439 2174 548 2226 tantum
573 2166 707 2243 intellegi
730 2168 844 2227 tradunt
866 2165 1014 2244 plerique,
1043 2165 1088 2224 alii
1109 2161 1158 2222 lolia

189 2248 266 2324 nigri
290 2248 408 2327 platano
435 2249 539 2309 similia
565 2250 618 2310 sed
642 2253 752 2309 minora
780 2251 968 2326 nigrioraque
997 2245 1156 2326 etpluribu

188 2329 327 2392 divisuris
344 2334 446 2407 scissa,
463 2332 521 2394 albi
540 2334 627 2394 betae
643 2334 820 2412 incipientis,
836 2333 909 2391 baec
922 2348 1043 2409 quoque
1056 2331 1156 2406 nigriora
1183 2357 1184 2392 ι

190 2421 220 2474 et
235 2414 375 2474 canalium
390 2415 480 2475 dorso
495 2417 689 2478 rubescentia.
726 2424 848 2494 utraque
869 2413 954 2474 caule
975 2414 1063 2492 palmi
1078 2399 1184 2472 larda-ad

188 2514 256 2576 coo,
278 2497 432 2558 bulborum
454 2501 557 2559 tunicis
579 2501 748 2577 convoluto,
770 2499 868 2560 radice
888 2497 1033 2557 limbriata
1049 2509 1155 2574 ceparun
1182 2529 1183 2532 =

187 2581 284 2641 modo.
316 2583 401 2658 nigro
417 2583 502 2659 eqni,
526 2583 632 2658 bores,
654 2601 722 2642 sues
738 2591 887 2659 necantur,
910 2582 1011 2658 itaque
1026 2573 1153 2648 caventil,

190 2681 255 2724 eum
269 2664 390 2724 candido
406 2674 569 2725 vescantur.
593 2667 797 2743 tempestivcm
813 2683 881 2725 esse
897 2663 1015 2723 tradunt
1028 2659 1151 2722 mesello.

144 2756 180 2812 ta
190 2747 351 2824 plurumum
373 2755 469 2807 autem
489 2751 616 2808 nascitur
637 2751 667 2806 in
682 2747 758 2810 Oete
779 2756 889 2822 monte,
909 2755 941 2805 et
963 2753 1103 2824 optumum
1113 2754 1152 2800 uro

187 2831 252 2889 eius
268 2829 336 2890 loeo
351 2832 429 2890 cirea
444 2829 554 2907 Pyram.
584 2832 697 2907 nigrum
716 2831 824 2908 ubique
842 2831 990 2908 provenit,
1010 2829 1062 2890 sed
1074 2824 1173 2886 nelca

185 2911 217 2970 in
240 2910 394 2989 Helicone,
417 2915 465 2990 qni
485 2931 568 2973 mous
590 2922 621 2973 et
644 2914 708 2973 aliis
732 2913 862 2972 laudatur
881 2913 991 2972 barbis.
1034 2907 1152 2972 enaddan

187 2994 331 3073 probatur
351 2996 507 3056 secundnm
528 2995 668 3056 Oetaeum
682 2996 847 3072 Ponticum,
870 2997 960 3054 tertio
983 2994 1050 3054 loco
1070 2989 1152 3051 Elati

164 3078 252 3136 'cnm
274 3077 351 3155 quod
372 3080 402 3138 in
424 3079 533 3138 ritibus
554 3081 634 3139 nasci
654 3080 767 3157 lerunt,
790 3087 892 3157 quarto
914 3077 1077 3137 Parnasium
1095 3067 1150 3148 quod

186 3159 366 3220 adulteratur
377 3160 515 3222 Aetolico
532 3181 571 3222 ex
584 3164 690 3222 vicino.
723 3164 836 3240 nigrum
850 3180 890 3222 ex
901 3161 946 3221 bis
957 3155 1150 3236 Melampodion

186 3250 310 3319 vocant,
336 3261 394 3320 quo
417 3252 447 3303 et
470 3244 571 3305 domos
593 3246 709 3305 suiliunt
730 3254 923 3323 purgautque,
952 3248 1112 3322 spargentes
1128 3239 1169 3329 qli

143 3338 312 3404 topecora,
334 3343 398 3385 cum
420 3331 590 3404 precatione
607 3328 750 3388 sollemni.
780 3327 837 3387 boc
857 3336 887 3388 et
908 3327 1072 3403 religiosius
1089 3317 1149 3412 colit·

187 3410 278 3486 gitur,
300 3411 422 3488 primum
445 3412 520 3470 enim
543 3411 642 3487 gladio
664 3411 917 3486 circumscribitur,
938 3410 1005 3469 dein
1021 3409 1065 3486 qni
1080 3417 1148 3464 suco

187 3509 273 3552 surus
289 3501 336 3552 est
350 3500 444 3552 ortum
460 3500 572 3571 spectat
588 3502 619 3553 et
639 3502 775 3573 precatur
795 3501 827 3552 ut
841 3493 876 3578 id
899 3493 987 3554 liceat
1000 3492 1052 3552 sibi
1067 3499 1147 3548 conce
