2458 3906
258 259 340 305 nur.
361 258 452 307 urso.
471 259 584 309 xvun.
601 257 685 312 3-4.
704 251 858 328 (tt-19.)
1003 251 1062 314 163

76 412 176 473 cmindi
196 413 316 473 solitum
331 414 498 494 prodidere,
515 434 570 476 nec
586 419 703 496 pnrgari
715 435 834 496 pecora,
850 417 902 478 sed
914 435 1004 496 aegra
1017 437 1061 479 sa·

74 500 115 558 uari
130 506 177 557 aut
189 499 328 576 protinus
340 501 427 576 mori,
444 501 522 578 quod
537 502 565 560 in
579 503 682 580 ‘paucis
697 501 842 562 accidere.
876 503 995 564 Persico
1014 503 1062 562 sil·

75 581 123 662 plin
133 583 221 660 prior
237 584 337 660 opinio
355 587 498 661 congruit.

116 665 201 744 (16.)
224 666 358 726 Alterum
380 683 474 744 genus
495 670 557 729 eius
583 679 629 729 est
649 670 727 749 quod
746 671 913 748 magydaris
932 679 1104 748 vocatonto

63 751 180 809 threnus
198 760 229 810 et
243 752 336 811 rrimus
356 753 528 830 sobernone,
549 756 614 814 sine
635 769 723 832 suco,
747 755 824 834 quod
847 757 924 816 eirca
950 756 1061 830 Syriam

74 835 196 912 nacitur,
219 853 278 896 non
301 838 477 914 proveniens
497 838 526 897 in
543 836 705 914 Cyrenaica
724 840 857 916 regione.
889 839 1017 918 gignitur
1032 847 1063 898 et

74 918 224 978 irl’arnaso
238 929 338 980 monte
360 923 516 1000 copiosum
532 921 700 1001 quibusdam
720 923 906 1003 laserpicium
930 925 1058 984 vocanti·

35 1049 36 1052 .
74 1001 124 1078 ius,
139 1019 193 1081 per
208 1017 283 1082 quae
301 1005 396 1064 omnia
410 1005 587 1066 adulteratur
601 1009 644 1066 rei
659 1007 865 1069 saluberrimae
881 1008 1061 1068 utilissimae·

73 1103 112 1164 pe
125 1089 294 1147 auctoritas.
321 1088 456 1168 probatio
473 1091 580 1151 sinceri
596 1093 686 1172 prima
701 1093 730 1150 in
748 1089 848 1151 colore
864 1092 977 1152 modice
993 1091 1060 1151 ruio

55 1180 102 1248 tuat,
123 1189 186 1231 cunr
200 1171 361 1249 frangatur,
383 1173 504 1234 candido
520 1175 609 1252 intus,
627 1193 696 1236 mox
711 1175 871 1236 tralucente
888 1185 969 1254 gutta
985 1193 1059 1254 quae

73 1273 130 1334 aqua
147 1255 296 1334 salivaque
311 1256 464 1335 liquescat.
497 1277 565 1320 usus
577 1261 606 1318 in
620 1259 716 1319 multis
731 1259 975 1320 medicaminibus.

119 1341 202 1420 (tt.)
226 1341 299 1400 Sunt
310 1343 464 1402 ‘etiamnutm
482 1342 543 1402 *duo
565 1361 675 1421 genera
698 1362 755 1404 uon
776 1346 831 1402 nisi
851 1345 969 1404 sordido
990 1351 1100 1406 notati

72 1424 155 1503 volgo,
171 1443 235 1484 curn
252 1435 373 1503 quaestu
384 1427 501 1486 mulbnn
517 1428 656 1507 polleant.
682 1430 710 1487 in
720 1429 820 1507 primis
832 1429 913 1488 rubia
927 1430 1058 1505 tinguen-

72 1507 102 1567 dis
116 1509 187 1568 lanis
201 1518 231 1569 ct
250 1511 338 1570 coriis
353 1512 532 1573 necessaria.
561 1510 754 1573 laudatissima
769 1512 869 1572 Italica
886 1522 915 1572 et
925 1530 1060 1573 maxume
1078 1590 1083 1593 ᾖ

54 1591 230 1671 cucherlam,
252 1603 286 1654 ‘et
306 1611 406 1655 omues
428 1613 521 1674 paene
546 1598 714 1675 provinciae
735 1605 848 1657 scatent
873 1615 917 1657 ea.
954 1604 1060 1675 sponte

71 1679 187 1754 provenit
207 1681 370 1758 seriturque
391 1679 574 1740 similitudine
594 1681 730 1755 erviliae,
754 1697 853 1740 verum
876 1681 1011 1766 spinosus
1031 1681 1059 1738 ei

71 1761 152 1821 caulis.
185 1763 368 1838 geniculatus
381 1763 427 1825 hic
444 1773 488 1824 est
503 1765 597 1843 quinis
614 1767 692 1826 circa
706 1765 845 1826 articulos
866 1766 894 1823 in
915 1764 988 1824 orbe
1013 1764 1057 1822 fo-

70 1844 111 1905 liis.
134 1863 231 1906 semen
254 1847 317 1906 eius
337 1846 466 1908 ratbntnr
485 1857 542 1908 est.
576 1848 658 1910 rubia
679 1865 753 1928 quos
776 1851 804 1908 in
818 1848 960 1910 medicina
989 1863 1058 1908 usus

70 1928 156 1990 boenc
171 1931 301 1992 dicemus
313 1948 368 1991 suo
383 1933 462 1992 loco.
1040 1948 1099 1992 mn

51 2023 66 2064 t
117 2015 197 2094 (18.)
220 2016 261 2075 At
275 2033 350 2094 quae
366 2025 486 2076 vocatur
502 2017 629 2077 radicula
646 2016 776 2077 lavandis
792 2017 903 2077 demum
924 2017 996 2078 lanis
1013 2025 1100 2080 sude

70 2113 118 2158 tun
131 2098 231 2178 habet,
252 2101 354 2159 'mirum
377 2109 511 2178 quantam
534 2101 689 2162 conferens
710 2101 828 2161 candori
849 2101 1057 2181 mollitiaeque.

70 2185 177 2244 motitur
192 2185 284 2244 sativa
305 2183 429 2262 ubique,
454 2185 506 2244 sed
527 2193 634 2265 sponte
650 2187 808 2265 praecipua
829 2187 858 2244 in
873 2185 945 2246 Asia
961 2186 1057 2260 Syria·

71 2283 121 2344 que,
133 2269 248 2329 saxosis
259 2276 293 2327 ‘et
308 2270 420 2347 asperis
436 2269 521 2346 locis,
540 2279 620 2329 trans
631 2268 800 2348 Euphraten
815 2279 909 2330 tamen
923 2269 1056 2330 laudatis·

70 2352 134 2428 aina,
148 2353 231 2413 caule
246 2352 409 2430 ¹ferulaceo,
426 2355 505 2413 tenui
521 2363 551 2413 et
566 2354 643 2432 ipso,
659 2353 731 2413 cibis
748 2353 947 2430 indigenarum
964 2371 1055 2432 expe·

49 2437 109 2496 otto
119 2446 146 2496 et
157 2438 321 2514 unguentis,
334 2436 471 2516 quidquid
484 2440 520 2496 sit
533 2453 596 2498 curn
608 2455 665 2515 quc
676 2437 866 2516 decoquatur,
879 2438 950 2497 folin
961 2437 1055 2496 oleae.

69 2519 190 2581 nnttton
205 2519 312 2582 Graeci
325 2530 441 2581 vocant.
464 2521 551 2582 floret
565 2530 685 2599 aestate,
698 2530 780 2598 grata
794 2521 944 2599 adspectu,
956 2538 1056 2579 verum

69 2603 117 2663 sine
128 2605 229 2682 odore,
249 2606 388 2684 spinosae
404 2605 488 2666 caule
505 2605 659 2683 lanuginis.
687 2623 785 2665 semen
802 2607 829 2664 ei
840 2605 959 2680 nullum,
974 2603 1057 2663 radix

69 2703 163 2766 nngna,
178 2707 254 2769 quae
270 2689 430 2750 conciditur
444 2689 480 2750 ad
496 2708 581 2769 quem
597 2690 702 2750 dictum
719 2699 763 2749 est
777 2707 867 2748 usuro.

117 2775 143 2834 4.
164 2773 249 2854 (19.)
275 2775 316 2852 [1]
341 2773 387 2834 Ab
405 2773 449 2833 his
470 2783 606 2853 superest
621 2775 731 2834 reverti
745 2773 779 2832 ad
793 2772 943 2832 hortorum
959 2780 1099 2836 curam49

49 2863 91 2914 act
108 2867 202 2937 suapte
222 2867 323 2918 natura
345 2858 571 2935 memorandam,
601 2867 629 2918 et
650 2859 783 2937 quoniam
808 2858 962 2936 antiquitas
987 2857 1056 2917 nihil

70 2942 131 3016 prius
144 2944 243 3002 mirata
257 2952 304 3002 est
320 2958 404 3021 quam
418 2942 610 3022 Hesperidum
625 2942 725 3003 hortos
738 2959 772 3002 ac
788 2959 889 3018 regum
901 2941 1012 3003 Adonis
1028 2949 1058 3001 et

70 3021 178 3105 Alcinoi,
194 3029 322 3105 itemque
338 3028 476 3107 pensilis,
493 3028 555 3088 sive
571 3026 639 3087 illos
653 3027 818 3087 Semiramis
835 3027 897 3086 sive
915 3026 1055 3102 Assyriae

70 3125 110 3169 ren
119 3111 202 3188 Syrus
217 3112 300 3189 fecit,
314 3111 354 3171 de
367 3127 487 3190 qaorum
500 3129 592 3192 opere
607 3111 664 3172 alio
676 3110 821 3170 volumine
832 3111 970 3187 dicemus.
998 3110 1054 3170 Ro·
1065 3119 1099 3170 50

69 3197 126 3253 nani
139 3197 251 3276 quidem
262 3215 357 3274 reges
373 3198 429 3274 ipsi
441 3194 575 3256 coluere.
606 3197 714 3275 qnippe
727 3195 812 3256 etiam
825 3195 974 3275 Superbus
986 3210 1054 3252 nun-

47 3277 210 3342 tinnitum
225 3299 346 3342 saevom
359 3289 448 3360 atque
465 3281 678 3358 sanguinarium
693 3278 754 3340 filio
769 3281 881 3340 remisit
901 3299 939 3338 ex
959 3277 1053 3338 horto.

70 3360 147 3425 ltro
159 3366 261 3428 tabulis
274 3365 374 3444 legum
390 3373 551 3426 nostrarum
564 3383 701 3444 nusquam
713 3366 873 3425 nominatur
885 3363 965 3438 villa,
982 3378 1055 3419 sern-
1153 3430 1155 3436 Ι

72 3463 113 3522 per
126 3451 151 3510 in
166 3451 375 3530 significatione
395 3468 431 3511 ea
448 3449 593 3527 hortus,
615 3451 644 3509 in
664 3449 739 3509 horti
760 3464 832 3509 vero
848 3446 1054 3521 heredium,

72 3545 138 3608 quarn
150 3535 185 3597 ob
199 3554 260 3596 rem
279 3536 412 3596 comitata
435 3543 481 3595 est
496 3543 530 3594 et
550 3534 657 3612 religio
680 3533 842 3677 quaedami
851 3531 1005 3676 1bprtoque
1027 3537 1056 3588 et
