2508 3924
298 251 378 298 unu.
393 249 482 299 urse.
497 248 620 300 xxvru.
637 247 679 323 to.
695 246 739 300 no.
756 244 903 316 (tt-sm
1035 239 1095 302 205

107 404 195 464 betur
209 405 334 465 virorum
348 392 452 464 venus]
479 403 655 464 Ebrietatem
671 412 753 464 arcet
768 403 863 483 pulmo
888 407 949 483 apri
969 415 1017 466 aut
1037 408 1096 466 suis

107 506 206 564 assus,
221 490 308 548 ieiuni
324 487 388 547 cibo
404 498 531 566 sumptus
547 506 583 548 eo
601 489 657 565 die,
675 489 742 546 itern
756 487 904 548 haedinus.

174 572 224 634 20.
248 572 331 650 (81.)
354 569 425 631 llira
447 581 598 649 praeterea
620 569 766 632 traduntur
780 572 809 630 in
830 572 932 632 iisdem
952 572 1139 640 animali-263

105 654 182 715 bus:
211 656 364 730 vestigium
381 655 447 733 equi
463 673 616 714 excussum
631 654 750 730 ungula,
771 663 802 712 ut
821 655 898 714 solet
911 655 1095 733 plerumque,

79 739 133 804 esi
155 741 220 816 quis
242 739 395 798 collectum
414 746 553 816 reponat,
579 737 720 814 singultus
737 737 892 798 remedium
909 757 975 800 esse
997 757 1096 799 recor·

106 821 245 888 dantibus
267 837 388 898 quonam
408 820 475 880 loco
494 820 522 882 id
540 822 734 900 reposuerint.
766 822 847 880 iocur
868 822 1000 898 luporum
1018 825 1096 900 equi·

105 921 164 964 nae
180 905 304 981 ungulae
320 904 411 963 simile
427 923 494 964 esse
510 913 539 963 et
554 907 645 983 rumpi
661 921 753 984 equos
770 905 817 982 qui
831 907 955 981 vestigia
966 905 1098 984 lnporum

107 987 163 1048 sub
179 991 275 1066 equite
292 997 455 1066 sequantur.
482 987 547 1047 talis
562 1005 643 1048 suum
657 987 817 1047 discordiae
832 990 889 1046 vim
903 990 1042 1067 quandam
1057 991 1097 1048 in·

109 1089 188 1131 esse.
215 1072 243 1129 in
258 1071 408 1146 incendiis,
430 1072 455 1130 si
467 1071 524 1130 limi
540 1070 646 1149 aliquid
660 1080 795 1147 egeratur
811 1089 827 1131 e
842 1071 969 1148 stabulis,
986 1072 1098 1132 facilius

69 1177 100 1218 ro
112 1153 223 1216 extrahi
241 1171 297 1213 nec
310 1171 462 1214 recurrere
478 1157 541 1214 ovis
556 1153 714 1232 bovesque.
736 1154 879 1214 hircorum
891 1158 985 1215 carnis
1000 1159 1078 1215 virus
1089 1166 1140 1220 264

110 1253 170 1297 non
184 1237 325 1315 resipere,
345 1239 369 1296 ti
386 1255 488 1314 panem
502 1237 695 1298 hordeaceum
710 1253 746 1297 eo
764 1237 810 1298 die
822 1254 878 1316 quo
895 1240 1099 1298 interficiantur

109 1321 224 1380 ederint
239 1321 353 1380 laserve
369 1320 486 1380 dilutum
500 1320 641 1395 biberint,
663 1321 756 1380 nullas
771 1339 842 1381 vero
858 1322 1016 1382 teredinem
1033 1341 1098 1382 sen·

107 1405 165 1464 tire
181 1404 247 1464 luna
261 1404 451 1464 decrescente
467 1406 612 1464 induratas
629 1404 701 1464 sale.
731 1405 863 1483 adeoque
876 1406 945 1466 oibil
963 1409 1100 1466 omissum

107 1497 155 1547 est
171 1496 202 1546 ut
214 1488 345 1564 leporem
357 1486 471 1548 surdum
483 1487 609 1548 celerius
620 1489 813 1566 pinguescere
830 1491 1024 1566 reperiamus,
1042 1493 1098 1550 aui·

71 1571 223 1631 ramalium
233 1587 305 1630 vero
317 1570 485 1631 medicinas:
508 1574 533 1630 si
546 1572 663 1648 sanguis
674 1571 798 1649 produat
808 1571 951 1647 iumentis,
966 1573 1079 1632 suillum
1089 1583 1140 1638 265

107 1657 204 1716 limum
231 1671 270 1712 ex
295 1655 363 1713 vino
389 1654 606 1730 infundendum,
632 1654 718 1713 boum
742 1663 838 1714 antem
858 1655 966 1715 morbis
987 1655 1098 1731 sebum,

106 1738 210 1816 sulpur
224 1739 329 1811 rivom,
345 1737 430 1796 alium
445 1737 579 1798 silvestre
596 1746 785 1811 concoctum,
801 1739 866 1798 trita
880 1739 909 1798 in
925 1740 991 1800 vino
1007 1739 1099 1800 danda

96 1830 157 1882 aut
172 1821 269 1900 volpis
289 1819 410 1898 adipem.
437 1839 551 1882 carnem
570 1820 740 1881 caballinam
761 1821 918 1882 discoctam
934 1831 1005 1900 potu
1020 1841 1100 1883 suum

1 1919 2 1922 ’
107 1904 220 1965 morbis
233 1904 352 1979 mederi,
368 1904 490 1964 omnium
503 1921 573 1964 vero
586 1903 792 1982 quadripedum
805 1904 913 1966 morbis
925 1924 1039 1984 capram
1053 1923 1098 1966 so·

69 2003 98 2045 ro
110 1989 198 2048 lidum
221 2005 284 2046 cum
308 1988 387 2047 corio
410 1997 440 2046 et
458 2005 554 2048 ranam
580 1987 711 2048 rubetam
732 1987 887 2048 discoctae.
920 1989 1099 2066 gallinaceos

107 2089 166 2131 non
183 2071 284 2148 attingi
300 2069 462 2148 uvolpibns
472 2073 521 2149 qui
538 2072 619 2130 iocur
634 2071 762 2132 animalis
777 2073 840 2130 eius
853 2072 960 2132 aridum
977 2072 1099 2146 ederint,

1 2175 2 2226 t
107 2156 158 2214 vel
173 2156 199 2214 si
215 2154 351 2232 pellicula
366 2171 404 2214 ex
420 2173 455 2214 eo
474 2153 551 2214 eollo
567 2154 682 2215 inducta
698 2154 768 2230 galli
784 2156 909 2230 inierint,
925 2157 1056 2216 similiter
1072 2157 1100 2214 in

1 2247 2 2264 ³
109 2238 182 2298 lelle
201 2236 351 2297 mustelae.
382 2237 475 2298 boves
496 2239 525 2297 in
547 2236 645 2314 Cypro
672 2248 772 2298 contra
795 2239 914 2298 tormina
937 2239 1141 2304 bominumtdd

111 2323 304 2400 eucrementis
317 2319 371 2380 sibi
382 2321 500 2396 mederi,
511 2337 569 2378 non
582 2319 690 2379 subieri
699 2321 791 2399 pedes
801 2321 895 2397 boum,
908 2323 933 2381 si
944 2325 1023 2401 prius
1035 2339 1099 2383 cor·

1 2461 2 2480 ,
70 2427 100 2469 2⁵
113 2421 170 2464 aua
186 2406 239 2464 ima
257 2406 324 2482 pice
339 2403 444 2481 liquida
463 2412 686 2481 perunguantur.
718 2403 803 2482 lupos
820 2405 849 2462 in
865 2423 965 2480 agrum
979 2423 1036 2466 non
1053 2425 1099 2466 ac·
1206 2421 1210 2430 ’

111 2487 231 2563 cedere,
247 2489 271 2546 si
292 2489 367 2566 capti
382 2488 463 2546 unius
476 2485 598 2564 pedibus
609 2485 738 2544 infractis
749 2485 900 2565 cultroque
915 2489 1018 2548 adacto
1033 2507 1100 2565 pan·

109 2573 190 2632 latim
204 2571 321 2646 sanguis
338 2571 415 2631 circa
426 2571 490 2629 linis
506 2570 738 2650 agrinspargatur
755 2577 840 2646 atque
860 2571 924 2648 ipse
940 2571 1102 2630 defodiatur

108 2659 139 2716 in
154 2671 190 2714 eo
207 2655 274 2714 loco
292 2671 330 2713 ex
341 2671 397 2732 quo
410 2653 541 2732 coeperit
556 2650 638 2727 trahi,
653 2661 701 2710 ant
715 2653 739 2712 si
750 2668 964 2731 vomeremque
976 2655 1081 2732 primus
1092 2664 1141 2720 267

109 2738 210 2798 sulcas
225 2754 262 2797 eo
279 2755 352 2796 anno
366 2738 395 2796 in
410 2755 482 2814 agro
497 2735 599 2796 ductus
617 2736 654 2792 sit
670 2753 822 2796 excussum
839 2746 933 2796 aratro
954 2736 1039 2797 locus
1061 2737 1100 2796 la-

73 2823 183 2883 orium
201 2839 258 2900 quo
274 2820 380 2880 iamilia
403 2821 539 2880 convenit
557 2817 702 2894 absumat,
725 2836 760 2878 ao
779 2818 876 2898 lupum
898 2819 968 2879 nulli
988 2819 1101 2880 animali

109 2907 271 2966 nociturum
286 2905 315 2961 iu
329 2921 364 2962 eo
381 2919 452 2981 agro
469 2919 553 2980 quam
567 2901 614 2960 diu
628 2901 656 2961 id
667 2902 726 2962 bat.
754 2902 827 2962 lliuc
846 2903 950 2964 deiude
965 2921 1100 2981 praever-

109 2998 204 3049 temur
223 2987 260 3048 ad
284 2987 413 3047 animalia
435 2988 479 3046 sui
506 2986 624 3062 generis
645 3003 719 3064 quae
749 2996 796 3046 aut
821 2986 934 3065 placida
956 3005 1013 3046 non
1037 2996 1101 3046 sunt

110 3081 160 3132 aut
181 3071 254 3131 iera.
