2504 3930
300 263 380 311 nnn.
398 263 491 313 ausu.
511 265 609 313 xxxu
625 263 652 317 t.
670 253 863 332 8.(41-44.)
1016 253 1077 314 277
1133 222 1138 232 ¹

76 414 209 493 adparet.
257 433 389 476 maxum
415 417 561 478 tamenin
592 420 683 480 sacris
709 419 886 496 intellegitur
910 421 1076 498 auctoritas,

77 498 192 577 quando
207 499 285 558 nulla
303 500 491 560 coniiciuntur
509 503 570 561 sine
584 504 660 563 mola
678 504 764 564 salsa.

140 581 226 662 (42.)
248 583 406 642 Salinarum
425 585 575 644 sinceritas
590 605 725 647 summam
740 588 812 646 lecit
833 603 912 646 suam
935 585 1071 646 differeu·
1084 597 1120 652 90

73 669 142 727 tiam
155 666 295 742 quandam
306 667 433 728 favillam
447 668 516 726 salis
532 686 605 744 quae
617 670 763 729 levissima
775 688 812 729 ex
824 687 860 728 eo
873 678 917 728 est
933 677 963 728 et
980 669 1075 728 candi·

48 770 62 809 s
76 749 202 810 dissima.
223 749 387 829 appellatur
399 761 429 809 et
441 751 496 810 hos
510 753 579 810 salis
591 755 620 811 iu
633 762 721 812 totum
735 753 849 812 diversa
857 771 906 811 res
917 753 1075 812 umidioris·

75 851 131 912 que
149 843 269 893 naturae
295 843 324 892 et
346 836 446 894 crocei
469 835 578 894 coloris
599 846 648 896 aut
667 837 737 911 ruli,
760 836 847 895 veluti
867 835 973 912 robigo
996 835 1074 912 salis,

74 917 166 977 odore
185 933 300 994 quoque
317 919 431 994 ingrato
447 935 501 977 ceu
516 921 579 994 gari
594 919 767 978 dissentiens
783 938 798 978 a
815 920 891 994 sale,
914 937 972 978 non
987 919 1074 978 modo

74 1019 90 1062 a
104 1018 215 1078 spuma.
247 1000 402 1078 Aegyptus
417 1003 539 1079 inuenit,
556 1003 726 1081 videturque
741 1002 808 1062 Nilo
825 1002 949 1077 deterri,
967 1012 997 1061 et
1011 1003 1074 1061 ion·

73 1084 149 1144 tibus
170 1093 265 1143 tamen
287 1084 455 1162 quibusdam
474 1086 591 1146 innatat.
630 1095 775 1165 optumum
797 1103 833 1144 ex
855 1103 891 1144 eo
913 1085 989 1163 quod
1012 1086 1071 1145 olei
1082 1096 1115 1151 91

40 1185 66 1226 1o
77 1165 216 1247 quandam
228 1167 454 1244 pinguitudinem
466 1167 569 1231 reddit.
596 1179 642 1228 est
657 1173 731 1229 enim
747 1169 832 1229 etiam
845 1171 874 1227 iu
886 1169 947 1228 sale
965 1170 1075 1246 pingui·

5 1297 9 1356 t
76 1251 161 1326 tudo,
180 1250 258 1328 quod
272 1253 415 1311 miremur.
440 1252 617 1312 adulteratur
637 1262 731 1314 autem
751 1254 946 1329 tinguiturque
961 1252 1075 1312 rubrica

5 1363 7 1398 t
77 1343 124 1394 aut
139 1334 309 1413 plerumque
331 1343 404 1394 testa
422 1338 504 1412 trita,
527 1339 575 1414 qui
592 1337 676 1397 fucus
693 1354 767 1415 aqua
788 1335 1013 1414 deprehenditur
1033 1335 1073 1394 di·

75 1418 171 1478 luente
188 1418 333 1479 facticium
349 1418 495 1495 colorem,
512 1437 675 1480 cumrerus
690 1420 741 1480 ille
756 1420 881 1479 nonnisi
898 1420 964 1478 oleo
980 1418 1073 1477 resol-

73 1511 156 1561 vatur
175 1510 205 1560 et
232 1503 413 1578 unguentarii
437 1513 557 1580 proptor
579 1503 708 1563 colorem
733 1521 770 1563 eo
798 1521 929 1562 maxume
951 1511 1073 1560 utantur.

41 1603 65 1642 u
75 1585 177 1646 canitia
193 1586 221 1642 in
237 1585 315 1645 vasis
331 1602 439 1646 summa
456 1595 516 1662 est,
532 1586 625 1646 media
640 1604 711 1646 vero
726 1605 792 1664 pars
804 1585 942 1660 umidior,
958 1594 989 1644 ut
1003 1584 1073 1643 dixi·
1094 1602 1118 1638 so

72 1685 142 1729 mus.
175 1666 271 1727 Floris
291 1678 390 1728 natura
407 1686 526 1749 aspera,
545 1670 768 1744 excalfactoria,
789 1668 938 1730 stomacho
954 1668 1070 1743 inutilis,
1082 1678 1116 1732 sa

73 1752 208 1812 sudorem
231 1753 303 1829 ciet,
326 1753 422 1812 alvom
438 1753 525 1813 solvit
542 1755 570 1812 in
586 1755 652 1812 vino
675 1763 704 1812 et
724 1768 816 1829 aqua,
836 1753 936 1829 acopis
953 1761 983 1810 et
999 1767 1072 1810 zme-

74 1837 156 1897 cticis
174 1835 260 1895 utilis.
294 1835 418 1897 detrahit
429 1845 458 1896 et
471 1855 509 1896 ex
526 1836 675 1915 palpebris
687 1837 765 1913 pilos
776 1836 987 1896 efficacissime.
1014 1833 1073 1894 iae·

73 1938 123 1980 ces
139 1921 356 1996 concutiuntur,
374 1929 405 1979 ut
420 1922 499 1980 croci
516 1920 598 1980 color
614 1920 722 1980 redeat.
749 1919 869 1980 Praeter
884 1918 957 1978 haec
974 1920 1072 1976 etiam·

39 2021 137 2068 quum
157 2003 320 2081 appellatur
334 2005 363 2062 iu
380 2003 479 2063 salinis
494 2004 627 2081 salsugo,
646 2004 681 2062 ab
695 2003 760 2063 aliis
777 2003 932 2079 salsilago,
955 2009 1014 2060 tota
1040 2000 1073 2059 li·

6 2135 7 2156 ,
72 2085 175 2164 quida,
193 2087 300 2148 marina
319 2104 392 2165 aqua
410 2087 530 2162 salsior,
544 2088 574 2145 vi
589 2088 706 2147 distans.

6 2179 8 2248 t
134 2168 219 2247 (43.)
241 2169 328 2231 Aliud
347 2173 497 2231 etiamnum
517 2171 637 2249 liquoris
654 2170 788 2248 exquisiti
800 2187 908 2248 genus,
928 2167 1004 2245 quod
1020 2185 1069 2244 ga·
1081 2176 1116 2231 93

6 2257 12 2288 i
72 2271 133 2314 rum
153 2270 318 2330 vocavere,
336 2255 479 2314 intestinis
496 2256 617 2334 piscium
638 2255 805 2331 ceterisque
826 2271 901 2331 quae
923 2251 1072 2312 abicienda

6 2393 7 2416 ,
73 2345 173 2398 assent
191 2336 253 2396 sale
267 2339 435 2414 maceratis,
453 2348 484 2397 ut
499 2340 536 2398 sit
551 2338 600 2398 illa
623 2339 847 2414 putrescentium
869 2337 974 2396 sanies.
1016 2334 1073 2393 hoc

6 2431 7 2444 ³
39 2421 142 2480 asolim
164 2420 372 2480 conficiebatur
398 2439 435 2480 ex
460 2424 544 2500 pisce
568 2439 653 2499 quem
678 2420 781 2480 Graeci
802 2437 894 2496 garon
917 2416 1072 2494 vocabant,

74 2505 169 2582 eapite
182 2505 244 2563 eius
256 2513 320 2564 usto
329 2503 425 2564 suffitu
437 2504 548 2564 extrahi
561 2503 704 2564 secundas
714 2511 916 2562 monstrantes.
950 2499 983 2560 8.
995 2518 1069 2559 nuuc
1080 2509 1115 2564 94

73 2606 89 2648 e
110 2586 246 2646 scombro
262 2589 345 2667 pisce
360 2588 582 2648 laudatissimum
597 2588 626 2646 in
644 2585 826 2662 Carthaginis
843 2585 1002 2662 spartariae
1023 2600 1071 2641 ce·

71 2671 169 2746 tariis,
186 2672 332 2732 sociorum
347 2671 375 2730 id
393 2671 570 2751 appellatur,
586 2670 707 2748 singulis
721 2668 835 2734 milibus
850 2667 991 2728 nummum
1006 2684 1070 2742 per·

72 2754 243 2824 mutantibus
260 2757 383 2831 congios
400 2755 464 2814 iere
483 2755 578 2814 binos.
610 2773 664 2813 nec
680 2754 776 2832 liquor
789 2751 864 2812 ullus
879 2768 970 2831 paene
985 2766 1070 2825 prae-

40 2845 116 2896 aoter
130 2847 275 2913 unguenta
289 2840 405 2898 ¹maiora
426 2840 454 2897 in
476 2839 571 2916 pretio
597 2856 665 2896 esse
689 2839 787 2914 coepit
807 2834 964 2895 nobilitatis
986 2835 1070 2892 etiam

7 2985 9 2996 ,
71 2921 217 2997 gentibus.
252 2923 405 2982 scombros
425 2922 539 3000 quidem
559 2929 588 2981 et
604 2921 779 2980 Mauretania
794 2917 987 2996 Baeticaeque
1001 2914 1069 2976 Car-

7 3041 8 3058 t
72 3006 128 3064 teia
144 3023 182 3064 ex
197 3022 309 3066 oceano
325 3008 455 3078 intrantis
472 3007 587 3083 capiunt
608 3005 644 3065 ad
659 3004 727 3064 nihil
743 3003 819 3063 aliud
834 3002 921 3062 utilis.
953 3000 1081 3058 laudan-¹

71 3097 116 3147 tur
133 3098 164 3148 et
185 3087 378 3149 Clazomenae
401 3106 475 3167 garo
496 3089 674 3173 Pompeique
696 3096 725 3147 et
745 3087 865 3165 Leptis,
884 3088 958 3146 sicut
979 3084 1069 3142 muria

7 3173 9 3182 ’
70 3169 219 3250 Antipolis
235 3173 401 3249 ac'l'burii,
417 3173 473 3232 iam
490 3190 561 3233 vera
580 3181 609 3232 et
625 3171 775 3231 Delmatia.

38 3270 62 3312 os
132 3256 218 3333 (44.)
240 3257 346 3316 Vitium
360 3256 443 3315 huius
460 3266 504 3315 est
522 3256 615 3332 allex,
630 3255 791 3334 inperfecta
805 3271 861 3312 neo
877 3252 971 3312 colata
987 3249 1065 3308 iaex.
1077 3259 1111 3314 95

70 3341 273 3418 coepittameu
284 3348 314 3399 et
324 3341 456 3418 privatim
464 3359 500 3400 ex
512 3340 601 3398 inutili
615 3338 755 3418 pisciculo
765 3340 946 3414 minumoque
954 3335 1069 3400 confici.

69 3439 175 3504 apuam
187 3424 291 3499 nostri,
312 3423 427 3501 aphyen
442 3423 545 3483 Graeci
561 3431 677 3498 vocant,
701 3423 833 3499 quoniam
845 3421 870 3479 is
884 3417 1041 3499 pisciculus
1053 3434 1070 3476 e

67 3507 320 3586 pluviauascatur.
335 3506 552 3566 Foroiulienses
563 3509 672 3585 piscem
680 3523 717 3564 ex
725 3523 782 3583 quo
794 3505 902 3565 iaciunt
914 3503 1010 3581 lupum
1019 3519 1070 3580 ap·
1101 3515 1106 3525 ·
