2396 3922
142 241 201 306 tto
482 256 513 306 c.
528 257 623 306 sumu
642 253 794 306 saeuum

140 410 194 470 sita
205 425 321 470 meuses
337 409 404 470 ciet.
430 419 546 488 optuma
558 428 631 488 quae
643 408 844 473 candidissima
859 417 890 468 st
905 405 1033 468 friabilis
1048 405 1132 475 mima

139 510 244 571 meque
262 492 437 572 ponderosa,
457 512 519 552 eum
534 503 642 554 teratur
659 497 734 552 iuter
749 493 872 568 digitos,
886 492 1132 552 fermentesoeas.

98 589 151 642 11o
160 577 271 637 lavatur
277 585 306 636 ut
318 594 446 640 cerussa.
461 577 621 644 adulterant
629 577 724 651 amylo
736 575 928 650 autGimelia‚
936 574 995 634 sed
1007 589 1132 634 maxume

139 667 317 722 sturnorum
329 660 401 736 limo
416 677 493 738 quos
507 669 608 737 captos
624 678 712 734 oryza
728 668 834 719 tantum
848 665 986 736 pascunt.
1009 655 1080 716 felle
1092 657 1128 714 in·

140 744 234 804 nactis
245 744 338 802 oculis
353 762 389 808 ox¹
403 744 490 803 melle
506 751 606 804 contra
622 743 805 802 subfusiones
820 742 891 802 nihil
907 742 1010 802 utilius
1026 738 1149 818 praedis
1196 763 1197 800 1

141 835 215 886 cant.
246 828 387 886 intestinis
402 836 431 886 et
444 827 558 904 reliquo
575 844 701 904 corpore
718 828 779 884 eius
795 827 886 886 suiliri
897 825 990 884 volva
1000 822 1130 888 ‚laboran-

139 911 177 970 tis
193 908 317 970 salutare
335 911 462 986 tradunt,
487 913 553 969 item
567 909 727 970 velleribus
744 909 917 970 circumdari
933 924 1050 984 vapore
1066 907 1133 964 eius·

140 993 206 1055 dem
224 993 349 1052 iniectis.
382 996 443 1054 cori
461 995 607 1070 utriusque
628 995 700 1052 cinis
723 1011 760 1051 ex
786 1001 870 1052 aceto
891 990 993 1050 inlitus
1014 990 1062 1048 his
1077 1006 1134 1066 par·

140 1077 218 1138 tibus
233 1093 304 1154 quas
323 1079 417 1137 secari
437 1096 510 1155 opus
531 1079 568 1144 sit
589 1085 637 1136 aut
652 1077 736 1136 ridor
754 1076 873 1134 cremati
889 1092 1011 1132 sensum
1028 1089 1134 1133 omnen

99 1173 150 1228 lll
162 1160 296 1236 scalpelli
315 1161 417 1219 aufert.
450 1162 568 1237 sanguis
590 1161 737 1238 utriusque
766 1159 925 1218 claritatem
946 1159 1032 1216 visus
1062 1157 1163 1214 inan-ro

36 1253 42 1274 ‘
142 1245 196 1304 ctis
217 1241 304 1302 donat
323 1245 526 1304 ebcicatrices
550 1244 699 1302 oculorum
726 1242 867 1302 emendat.
911 1257 1025 1317 cerpus
1049 1240 1137 1317 ipsun

141 1335 268 1404 excepto
290 1329 385 1405 capite
403 1327 581 1406 pedibusque
603 1327 709 1386 elixum
729 1325 869 1384 manditur
886 1322 1063 1384 ischiadicis
1084 1330 1135 1380 tus

141 1411 253 1487 simque
267 1419 396 1470 veterem
412 1421 505 1485 sanat,
525 1413 682 1488 praecipue
704 1412 733 1469 in
747 1411 864 1487 pueris,
886 1409 956 1467 item
974 1405 1134 1466 lumborum

141 1491 273 1552 dolores.
309 1494 416 1554 habeut
442 1503 471 1554 et
497 1495 611 1576 adipem
637 1511 694 1572 quo
723 1502 815 1552 taetus
837 1492 914 1569 pilus
937 1489 1054 1552 defluit.
1094 1487 1134 1547 hic

142 1585 332 1655 perunctosa
358 1576 514 1637 crocodilis
530 1587 642 1652 tuetur,
665 1577 876 1653 instillaturque
894 1573 1058 1634 morsibus.
1088 1586 1163 1630 corat

142 1660 283 1719 adnexum
299 1661 328 1720 in
343 1661 407 1721 lana
418 1661 482 1720 ovis
496 1663 595 1736 nigrae
613 1661 658 1719 cui
674 1660 768 1719 nullus
783 1659 855 1718 alius
872 1657 956 1717 colos
971 1659 1135 1716 incursave-

141 1746 180 1802 rit
197 1752 226 1802 et
242 1744 333 1822 primo
351 1754 432 1822 partu
447 1745 562 1820 genitae
580 1754 732 1821 quartanas
746 1742 868 1818 abigere
890 1741 1006 1802 dicitnr.

102 1836 152 1890 lit
214 1827 297 1905 (29.)
320 1827 472 1904 lungemus
486 1827 542 1886 illis
556 1827 697 1886 simillima
713 1836 741 1886 et
753 1827 908 1904 peregrina
923 1841 1020 1900 aeque
1036 1823 1136 1882 anima·

142 1909 340 1992 liapriusque
354 1911 586 1972 chamaeleonem
601 1911 740 1988 peculiari
753 1909 896 1968 volumine
907 1907 1028 1983 dignum
1044 1905 1137 1966 existi·

141 2001 246 2051 matum
260 1992 427 2054 Democrito
449 2011 484 2053 ac
505 2012 558 2074 per
572 1995 684 2070 singula
704 1993 832 2055 membra
852 1992 1058 2060 desecratum,
1083 2004 1166 2048 noas

144 2076 205 2133 siue
221 2093 323 2150 magua
340 2076 487 2154 voluptate
511 2086 608 2138 nostra
631 2077 754 2154 coguitis
778 2075 958 2155 proditisque
980 2072 1136 2134 mendaciis

143 2157 273 2218 Graecae
285 2160 425 2219 vanitatis.
448 2161 547 2220 similis
564 2171 593 2220 et
606 2160 800 2236 magnitudine
812 2167 857 2218 est
871 2175 959 2236 supra
977 2158 1059 2218 dicto
1077 2171 1136 2215 cro

144 2241 251 2317 ceddo,
267 2243 367 2318 spinae
387 2252 492 2303 tanturn
507 2247 637 2304 acutiore
652 2253 804 2304 curvatura
827 2250 856 2300 et
879 2239 990 2300 caudae
1006 2239 1136 2319 amplitu-

101 2323 230 2388 llbdine
253 2325 369 2384 distans.
400 2327 507 2387 nullum
529 2327 631 2388 animal
658 2327 787 2405 pavidius
808 2326 988 2385 existimatur
1017 2333 1048 2383 et
1074 2323 1137 2382 ideo

143 2407 334 2468 versicoloris
357 2427 425 2470 esse
440 2412 611 2472 mutationis.
645 2413 690 2469 vis
713 2411 774 2468 eins
793 2425 925 2470 maxuma
942 2416 1049 2468 contra
1061 2406 1165 2469 acciae

143 2493 246 2569 pitrum
261 2509 364 2568 genus.
393 2493 546 2554 detrahere
563 2495 637 2553 enim
652 2492 885 2571 supervolantem
905 2491 941 2550 ad
964 2510 998 2551 se
1019 2490 1137 2552 traditur

143 2583 173 2634 et
187 2575 376 2636 voluntarium
391 2575 534 2656 praebere
553 2577 736 2637 lacerandum
756 2577 864 2636 ceteris
883 2573 1067 2634 animalibus.
1094 2588 1137 2632 ca·

143 2669 194 2736 put
210 2661 271 2719 eius
288 2668 317 2718 et
334 2670 438 2737 guttur,
455 2661 480 2719 si
495 2660 628 2720 roboreis
644 2660 729 2736 lignis
742 2659 945 2734 accendantur,
962 2657 1098 2717 imbrium
1112 2662 1139 2714 et

144 2744 296 2803 tonitruum
319 2761 476 2804 concursus
500 2744 598 2803 iacere
624 2742 809 2802 Democritus
829 2751 942 2815 narrat,
967 2743 1038 2802 item
1060 2743 1140 2800 iocur

103 2827 194 2888 ltdin
210 2827 316 2902 tegulis
331 2837 432 2887 ustum.
462 2827 573 2904 reliqua
593 2826 629 2886 ad
642 2827 783 2886 veneficia
802 2826 973 2903 pertinentia
997 2842 1075 2902 quas
1101 2822 1168 2880 dite

146 2909 200 2981 cit,
226 2926 396 2988 quamquam
415 2911 487 2970 lalsa
509 2911 722 2988 existimantes,
745 2912 906 2970 omittemus
932 2917 1138 2986 praeterquam

144 2991 193 3052 ubi
207 2993 295 3052 inrisu
313 3003 520 3071 coarguantur:
545 2993 647 3053 dextro
664 2993 768 3069 oculo,
789 2994 813 3051 si
829 2992 937 3050 viventi
954 3000 1085 3064 eruatur,
1101 2988 1138 3048 al·

139 3071 267 3150 *beginas
286 3076 435 3136 oculorum
452 3095 514 3136 cum
533 3076 608 3137 laete
623 3077 743 3154 caprino
762 3075 841 3151 tolli,
862 3075 959 3150 lingua
982 3073 1138 3148 adalligata

146 3157 274 3236 pericula
292 3164 438 3237 puerperi.
468 3159 590 3220 eundem
604 3160 758 3220 salutarem
770 3177 837 3219 esse
854 3157 1099 3237 parturientibus,
1115 3156 1137 3214 si

145 3242 183 3299 sit
204 3240 294 3312 domi,
319 3243 343 3298 si
364 3259 435 3302 vero
456 3244 609 3319 inferatur,
628 3244 913 3322 perniciosissimum.
945 3240 1089 3317 linguam,
1112 3239 1168 3298 sin

145 3324 251 3382 viventi
267 3323 399 3400 adempta
414 3327 465 3401 sit,
488 3327 524 3386 ad
541 3327 707 3386 iudiciorum
723 3334 844 3386 eventus
859 3323 990 3404 pollere,
1013 3341 1068 3384 cor
1089 3321 1137 3380 ad·

106 3413 266 3466 lltvessus
281 3409 593 3486 quartanasiuligatum
609 3411 673 3470 lana
688 3412 771 3486 nigra
786 3410 893 3487 primae
908 3416 1058 3468 tonsurae.
1087 3421 1137 3484 pe

147 3484 243 3546 deme
262 3486 406 3564 prioribus
424 3488 555 3552 donnum
569 3492 701 3568 hyaenae
717 3493 796 3572 pelle
809 3491 1000 3578 adalligatum
1019 3491 1136 3550 sinistro
