2396 3900
237 249 320 297 aar.
338 249 429 300 mrsu.
445 241 811 320 xv111.7—a.(m-19.)
981 241 1041 302 107

2 378 3 448 l
39 404 75 465 ria
87 404 238 488 dumtaxat
256 414 286 465 et
300 404 455 486 Aegypto,
473 407 558 486 (17.)
572 407 695 482 murium
708 424 782 467 vero
799 425 837 467 cx
853 409 930 486 omni
945 409 1040 469 tritico

39 507 66 550 aa
78 488 208 566 siligine,
225 489 281 550 sed
295 497 473 569 optumume
494 492 640 551 trimestri.
674 491 802 552 inventio
823 493 886 552 eius
905 490 979 554 chio
999 496 1041 553 in-

39 573 110 634 miae
131 572 270 648 debetur,
291 582 321 633 et
335 574 422 635 hodie
438 574 661 635 laudatissimum
676 575 742 636 iude
760 585 805 636 cst
816 577 993 655 appeliatum
1004 577 1040 638 ab

39 677 68 720 co
81 658 160 736 quod
177 658 242 718 siue
257 657 334 718 mola
352 659 409 718 fiat.
436 675 606 737 proxumum
626 660 762 720 trimestri
784 660 861 738 qnod
881 679 897 719 e
917 661 1041 722 minume

23 743 205 842 sponderoso·
210 743 320 802 tritico.
336 743 476 804 madescit
487 743 565 804 dulci
577 761 651 822 aqua
662 762 690 804 rn
703 744 808 821 ligneis
819 761 897 805 rasis
908 746 948 804 rta
959 747 1008 805 ut
999 763 1041 806 rn

2 837 142 916 tegatur
154 827 331 906 quinquiens
342 829 370 887 in
382 827 428 888 die
442 835 557 901 mutata,
573 827 675 889 melius
689 830 714 888 si
729 837 758 887 et
774 837 877 908 noctu,
892 829 930 888 ita
947 837 977 888 ut
992 831 1041 889 mi·

2 921 145 973 occatur
170 913 292 991 pariter.
324 910 481 972 emollitum
506 913 585 990 prius
611 929 694 990 qnam
721 921 858 990 acescat,
880 913 968 974 linteo
996 920 1082 976 auttt

2 996 136 1074 sportis
154 1004 322 1072 saccatum,
344 995 463 1072 tegulae
484 995 639 1056 infunditur
658 996 757 1056 inlitae
773 996 916 1056 fermento
923 1005 1041 1076 ,atque

2 1082 70 1140 ita
82 1081 110 1140 in
124 1079 193 1140 sole
208 1079 358 1141 densatur.
391 1089 457 1158 post
473 1075 574 1140 chium
588 1097 720 1140 maxume
736 1079 867 1141 laudatur
884 1077 1041 1156 Creticum,

2 1181 97 1238 qnox
114 1163 332 1264 Aegyptium,
333 1197 376 1210 -·
390 1164 530 1242 probatur
544 1173 639 1224 autem
654 1164 758 1226 lavore
774 1174 804 1224 et
817 1163 937 1228 levitate
955 1174 1042 1244 atque

2 1300 3 1308 ,
2 1258 183 1308 utrcoens
198 1249 306 1323 sit,-
264 1249 379 1309 -iarn
395 1257 423 1308 ct
439 1246 557 1308 Catonis
575 1247 681 1308 dictum
699 1249 774 1327 apud
788 1265 852 1309 nos.

94 1333 179 1412 (18.)
201 1331 418 1394 llordeifarina
435 1331 515 1392 etad
536 1332 708 1394 medendum
731 1341 860 1409 utuntur,
881 1335 1041 1412 mirumque
1051 1340 1084 1396 78

2 1425 3 1444 ¹
41 1419 122 1477 inusu
138 1419 335 1477 iumentorum
352 1416 464 1495 ignibus
485 1417 587 1476 durato
609 1435 644 1478 ae
664 1425 769 1495 postea
792 1417 893 1479 molito
917 1418 1041 1496 offisque

40 1501 148 1562 hamana
163 1519 253 1562 manu
269 1501 403 1562 demissis
420 1501 460 1580 {in
476 1501 585 1579 alvom]
601 1501 727 1560 maiores
747 1503 789 1561 eis
810 1502 881 1561 viris
902 1510 1041 1581 torosque

2 1589 161 1665 qoorporis
178 1586 254 1646 lieri.
286 1586 394 1664 Spicae
409 1584 549 1663 quaedam
564 1584 648 1646 binos
670 1584 787 1646 ordines
809 1584 932 1660 lralaent,
954 1602 1041 1664 quae·

2 1693 3 1706 ¹
40 1671 195 1750 dampluris
207 1688 304 1748 usque
316 1670 353 1730 ad
366 1686 464 1728 senos.
476 1686 567 1746 grano
580 1670 636 1748 ipsr
629 1669 759 1747 'aliquot
770 1667 965 1729 differentiae:
979 1669 1041 1728 lon·

40 1757 94 1830 gius
108 1755 267 1833 leviusque
282 1761 332 1814 aut
349 1753 467 1813 brevius
485 1762 535 1813 aut
554 1752 723 1830 rotundius,
746 1752 894 1814 candidius
919 1753 1041 1830 nigrius·

40 1855 88 1916 que
98 1839 146 1899 rel
157 1839 206 1899 cni
219 1855 348 1917 purpura
363 1847 418 1896 est.
440 1837 540 1898 ultimo
552 1837 588 1897 ad
600 1837 757 1917 polentam,
774 1846 873 1898 contra
885 1844 1041 1916 tempesta-

39 1923 70 1981 tis
82 1922 202 1984 candido
218 1939 351 1982 maxuma
366 1921 524 1983 infirmitas.
544 1919 692 1982 Hordeum
706 1919 821 1998 frugum
835 1923 959 1981 omnium
970 1921 1041 1981 urol-
1051 1930 1084 1987 79

13 2005 169 2072 uilissimum
187 2016 244 2066 est.
275 2007 335 2066 seri
352 2022 409 2066 nou
423 2005 485 2065 volt
500 2006 555 2065 nisi
571 2006 599 2065 in
612 2007 692 2066 sicca
704 2013 734 2066 et
745 2005 839 2067 soluta
852 2015 929 2068 terra
940 2023 976 2066 ac
987 2006 1042 2065 nisi

41 2089 115 2152 lactc
146 2090 236 2170 palea
252 2109 290 2150 ex
305 2092 447 2170 optumis,
470 2099 628 2150 stramento
643 2107 716 2150 vero
734 2089 842 2150 nullum
857 2099 1040 2169 conparatur.

40 2173 171 2236 hordeum
184 2194 224 2235 ex
236 2177 312 2235 omni
325 2174 467 2235 frumento
478 2175 602 2234 minume
610 2173 818 2252 calamitosum,
830 2176 896 2254 quia
908 2184 975 2234 ante
987 2174 1041 2234 tol·

41 2256 99 2319 litor
111 2277 196 2338 quam
214 2261 340 2319 triticum
356 2267 482 2339 occupet
493 2257 609 2336 robigo,
623 2260 722 2336 itaque
733 2261 881 2336 sapientes
893 2259 1041 2336 agricolae

4 2409 5 2416 q
41 2345 157 2404 triticum
172 2343 289 2404 cibariis
305 2352 411 2403 tantum
426 2351 541 2418 semut,
557 2341 698 2403 hordeum
714 2342 833 2403 sacculo
854 2344 914 2404 scri
933 2343 1040 2403 dicunt.

4 2437 193 2506 *asproptercs
215 2427 369 2488 celerrime
391 2427 483 2504 redit,
504 2426 770 2504 fertilissimumque
793 2426 871 2504 quod
891 2428 919 2486 in
940 2425 1085 2504 Hispa-80

40 2511 99 2572 niae
115 2510 292 2590 Carthagine
306 2511 401 2591 Aprili
415 2529 516 2572 mense
534 2510 691 2571 collectum
706 2519 760 2570 est.
791 2511 849 2572 hoc
870 2511 976 2570 seritur
992 2527 1041 2570 eo·

41 2595 100 2656 den
113 2615 213 2657 mense
229 2598 257 2656 iu
273 2594 443 2673 Celtiberia,
463 2596 627 2673 eodemque
642 2611 717 2656 anno
732 2594 776 2654 bis
791 2595 928 2656 nascitur.
965 2595 1042 2673 rapi·

41 2687 83 2740 tur
96 2698 178 2741 omne
192 2699 209 2741 a
230 2682 321 2761 prima
337 2681 432 2741 statim
445 2681 608 2741 maturitate
622 2679 804 2740 festinantius
826 2696 911 2757 qnam
931 2686 1040 2740 cetera.

42 2762 130 2842 fragili
152 2767 229 2826 euim
249 2765 357 2844 stipula
376 2773 405 2826 et
425 2765 591 2826 tenuissima
614 2762 698 2843 palea
723 2781 844 2840 granma
869 2764 1040 2824 continetur.

6 2859 38 2902 as
47 2849 189 2910 meliorem
208 2851 296 2910 etiarn
311 2849 459 2925 polentam
474 2849 538 2910 fieri
552 2849 677 2924 tradunt,
697 2848 793 2906 sinon
811 2856 935 2908 excocta
953 2857 1041 2908 matu·

44 2933 119 2993 ritate
134 2933 263 2996 tollatur.

101 3018 127 3080 8.
148 3019 231 3100 (19.)
257 3017 403 3077 mecnti
417 3035 527 3096 genera
543 3034 601 3076 nou
617 3014 718 3077 cadem
729 3014 847 3094 ubique,
864 3015 979 3076 necubi
994 3025 1082 3080 cael

44 3098 104 3160 dem
115 3113 178 3164 sunt
190 3102 295 3164 iisdem
310 3101 481 3162 nominibus.
513 3100 712 3178 volgatissima
729 3099 789 3176 far,
812 3100 890 3178 quod
905 3100 1043 3161 adoreum

44 3193 152 3247 veteres
175 3187 384 3267 appellavere,
410 3186 513 3264 siligo,
530 3185 665 3245 triticum.
695 3185 770 3246 haec
795 3183 933 3264 plurumis
956 3185 1042 3244 terris

9 3273 204 3346 sacundionis.
238 3272 337 3332 arinca
359 3268 514 3332 Galliarum
534 3271 653 3350 propria
675 3271 797 3347 copiosa
819 3279 848 3330 ct
870 3267 970 3329 ltaliae
987 3275 1041 3345 est,

45 3352 171 3434 Aegypto
184 3365 280 3417 autem
291 3373 327 3416 ac
341 3356 444 3432 Syriae
458 3352 638 3431 Ciliciaeque
651 3351 775 3414 etAsiae
790 3371 826 3414 ao
838 3350 979 3414 Graeciae
991 3369 1042 3431 pe·

47 3437 161 3500 culiares
174 3459 245 3516 rea,
267 3441 367 3516 olyra,
390 3440 480 3519 tiplre.
515 3437 670 3517 Aegyptus
683 3437 872 3515 similaginem
892 3435 1009 3496 coniicit
1024 3444 1085 3500 1181

47 3522 133 3584 tritico
155 3543 206 3586 suo
230 3541 414 3604 nequaquam
433 3521 535 3584 ltaliae
558 3541 668 3601 parem.
711 3523 759 3600 qui
781 3538 833 3581 rea
853 3528 966 3580 utuntur
986 3537 1043 3580 uon
