2406 3914
258 221 340 268 uun.
356 219 447 268 uren.
463 220 550 268 xnus.
567 216 671 272 t-m
688 208 826 286 (8-14.)
987 209 1045 272 271

1 411 2 436 ι
45 377 126 451 dum,
148 375 259 436 coloris
274 374 362 434 buxei
375 375 480 436 melior
494 393 578 455 quam
596 377 695 452 nigra,
717 394 851 454 quaeque
871 377 949 438 lenta
965 394 1049 455 quam

1 459 3 512 l
45 477 115 538 quae
130 459 256 536 fragilis.
280 476 349 518 usus
364 461 392 518 in
408 459 530 519 subditis
545 461 687 520 decoctae
705 460 742 522 ad
758 463 874 537 tertias,
897 468 998 520 cetero
1013 461 1050 522 ad

43 543 134 604 mellis
163 543 400 620 crassitudinem,
425 543 579 620 aliquando
606 551 636 602 et
662 551 780 621 tunsae,
803 561 861 625 quo
887 563 998 622 genere
1020 553 1050 606 et

1 669 2 680 .
43 626 235 688 uolneribus
225 628 372 725 inponitur
386 636 416 688 et
431 627 554 687 faucium
569 628 646 688 vitiis
661 628 807 706 omnibus,
829 631 897 690 item
911 629 979 688 voci
996 630 1049 689 uti·

1 693 151 772 sinino
168 727 240 772 suco
262 711 306 770 sic
320 719 351 770 ut
372 713 514 790 spissatus
537 720 582 770 est
604 711 719 788 linguae
741 711 874 790 subdito,
901 713 969 774 item
984 713 1047 774 tho·

43 796 116 872 reci,
137 797 271 857 iocineri.
307 794 363 854 hac
384 796 506 856 diximus
532 796 607 854 sitim
633 795 796 874 famemque
817 796 925 858 sedari.
961 797 1000 857 ob
1016 797 1092 862 idas

44 877 154 957 quidam
169 878 292 957 adipson
308 879 498 957 appellavere
515 896 578 940 eam
593 887 623 939 et
637 879 806 959 hydropicis
818 880 940 956 dedere,
963 898 1043 940 ne·
1015 879 1043 922 ¹¹·
1055 879 1092 916 ²⁸⁴

43 963 161 1022 sitirent.
198 962 267 1022 ideo
294 970 323 1022 ei
346 962 571 1024 conmanducata
596 964 749 1024 stomatice
775 973 874 1025 estet
899 963 1049 1026 ulceribus

1 1071 2 1098 ι
45 1047 101 1106 oris
121 1049 257 1124 inspersa
275 1064 366 1125 saepe
383 1056 412 1107 et
426 1048 578 1127 pterygiis.
608 1056 690 1107 sanat
715 1056 745 1107 et
771 1049 887 1108 vesicae
908 1048 1049 1125 scabiem,

1 1126 149 1191 rorenium
174 1130 312 1209 dolores,
346 1131 565 1229 condylomata,
594 1131 695 1192 ulcera
726 1132 903 1208 genitalium
937 1131 1049 1193 dedere

1 1228 2 1272 ι
46 1232 104 1274 eam
116 1213 234 1312 quidam
247 1215 372 1294 potuim
393 1215 540 1293 quartanis
557 1214 756 1276 drachmarum
777 1216 895 1276 duarum
917 1218 1049 1294 pondere

46 1316 80 1358 ex
95 1301 214 1377 pipere,
236 1298 353 1359 hemina
368 1317 471 1377 aquae.
507 1298 741 1360 conmanducata·
747 1300 916 1376 sanguinem
935 1317 973 1360 ex
987 1301 1049 1361 vol-

46 1400 110 1442 nere
125 1382 210 1442 sistit.
244 1391 312 1442 sunt
328 1391 357 1441 et
372 1383 420 1461 qui
436 1383 568 1444 calculos
585 1400 620 1442 ea
635 1382 706 1461 pelli
723 1383 912 1444 tradiderunt.

102 1468 150 1528 ιιι.
171 1465 260 1545 (12.)
286 1464 396 1526 Τιιιιιιιι
412 1485 497 1526 unum
511 1485 604 1544 genus
619 1467 647 1526 in
663 1467 754 1528 bortis
770 1469 908 1542 nascitur,
927 1467 1092 1531 alterumti

21 1551 72 1610 bin
93 1549 255 1610 inminibus
281 1559 398 1610 tantum.
413 1563 415 1568 ’
430 1568 517 1611 sucus
545 1569 583 1610 ex
604 1551 649 1611 his
675 1551 823 1628 colligitur
839 1551 874 1612 ad
899 1551 1050 1612 oculorum

48 1633 216 1710 medicinas,
241 1643 288 1694 est
305 1635 380 1694 enim
398 1635 601 1712 refrigerantis
619 1643 738 1696 naturae
754 1644 784 1694 et
803 1634 871 1695 ideo
888 1635 965 1694 utilis
981 1652 1049 1694 con-

48 1727 86 1776 tra
102 1717 342 1778 inflammationes
360 1718 621 1798 collectionesque.
655 1718 756 1780 ulcera
772 1737 826 1796 per
846 1737 879 1780 se
898 1737 1049 1798 erumpen-

48 1803 121 1862 tiact
138 1803 302 1880 praecipue
317 1804 345 1861 in
361 1819 413 1862 ore
432 1821 496 1863 curn
510 1802 599 1863 melle
615 1811 712 1877 sanat,
735 1804 804 1862 item
820 1803 962 1864 tonsillas.
996 1821 1049 1881 po·

49 1894 89 1944 tus
103 1885 235 1946 calculos
249 1873 365 1985 frangit.
396 1885 526 1949 Thraces
544 1905 592 1964 qur
586 1887 643 1948 'ad
655 1887 809 1961 Strymona
826 1886 955 1948 habitant
970 1886 1049 1946 loliis

22 1969 137 2030 unitati
155 1987 252 2046 equos
277 1970 427 2068 saginant,
454 1971 511 2049 ipsi
536 1970 642 2030 nucleo
657 1970 756 2030 vivont
782 1989 885 2050 panem
907 1971 1050 2031 iacientes

52 2053 230 2130 praedulcem
248 2063 277 2114 et
297 2055 346 2131 qui
367 2053 519 2114 contrabat
535 2063 676 2114 ventrem.
711 2054 794 2116 radix
816 2064 897 2116 caste
919 2072 1050 2134 pureque

6 2199 8 2203 ,
52 2137 168 2198 collecta
182 2136 301 2198 discutit
323 2146 464 2213 strumas,
500 2153 601 2199 semen
622 2138 808 2215 adalligatum
823 2140 951 2200 varicum
967 2139 1050 2201 dolo·

52 2237 92 2280 res
104 2221 204 2297 sedat,
227 2223 324 2281 tritum
338 2239 411 2283 vero
428 2223 456 2282 in
474 2239 575 2300 aquam
594 2240 725 2300 sparsum
741 2223 854 2302 pulices
869 2233 964 2284 necat.

107 2306 153 2366 11.
177 2301 262 2386 (13.)
285 2305 414 2383 Stoebe,
440 2323 524 2384 quam
547 2305 634 2383 aliqui
659 2307 758 2385 pheon
777 2317 899 2382 vocant,
922 2308 1093 2371 decoctaas

23 2388 77 2448 uin
96 2390 161 2450 rino
187 2390 349 2468 praecipue
373 2389 491 2452 auribus
518 2389 679 2468 purulentis
705 2390 852 2470 medetur,
886 2391 954 2450 item
981 2409 1049 2452 ocu-

53 2471 83 2532 lis
108 2475 165 2534 ictu
199 2475 373 2552 cruentatis,
406 2473 646 2562 haemorrhagiae
670 2491 787 2553 quoque
820 2483 848 2534 et
873 2475 1050 2549 dysinteriae

53 2556 144 2618 inlusa.

109 2641 155 2703 12.
162 2642 266 2742 (14)
289 2639 511 2721 llippophaes'
502 2660 532 2700 ιιι
552 2641 698 2703 sabulosis
722 2642 929 2720 maritimisque
952 2641 1046 2701 nasci·
1035 2649 1093 2702 ·29

55 2733 107 2801 ιιι,
125 2726 215 2805 spinis
232 2725 316 2785 albis.
339 2726 468 2788 hederae
483 2725 571 2786 modo
587 2742 739 2786 racemosa
758 2733 819 2801 est,
843 2724 989 2801 candidis,
1012 2741 1051 2784 ex

28 2816 128 2886 ”parte
151 2809 322 2882 rubentibus
345 2811 449 2872 acinis.
494 2809 576 2870 radix
602 2828 673 2870 suco
690 2808 786 2869 madet
804 2809 852 2886 qui
874 2816 922 2868 aut
948 2826 1001 2887 per
1018 2827 1051 2868 se

58 2893 175 2954 conditur
191 2902 239 2954 aut
261 2893 386 2972 pastillis
401 2893 512 2956 tarinae
528 2895 598 2954 ervi.
630 2894 719 2954 bilem
732 2892 857 2953 detrahit
872 2891 962 2954 obolo
980 2909 1051 2971 pon·

58 2975 138 3051 dens,
163 2977 356 3038 saluberrime
378 2996 442 3038 cum
463 2978 567 3038 mulso.
597 2976 650 3038 Est
674 2977 765 3038 altera
787 2977 973 3055 hippophaes
988 2979 1051 3038 sine

60 3062 146 3139 caule,
168 3063 231 3122 sine
247 3061 338 3139 flore,
359 3062 438 3124 loliis
454 3071 561 3123 tanturn
576 3062 700 3122 minutis.
732 3060 815 3121 huius
831 3078 948 3140 quoque
964 3078 1051 3122 sucus

60 3142 212 3225 hydropicis
238 3147 312 3206 mire
344 3147 474 3225 prodest.
516 3145 634 3206 Debent
662 3143 899 3206 adcommodatae
926 3162 994 3204 csse
1020 3151 1094 3207 etto

33 3231 186 3308 ⁸⁵equorum
211 3239 345 3307 naturae,
376 3249 472 3308 neque
501 3249 539 3290 ex
564 3230 620 3291 alia
639 3247 727 3290 causa
755 3246 860 3291 nomen
884 3229 1050 3306 accepisse.

62 3316 154 3394 quippe
167 3315 309 3394 quaedam
324 3315 485 3376 animalium
504 3315 640 3376 remediis
654 3323 810 3375 nascuntur
826 3312 964 3390 locupleti
980 3311 1050 3372 divi-

62 3399 135 3459 nitate
156 3398 192 3460 ad
213 3400 379 3476 generanda
402 3399 564 3478 praesidia,
585 3408 615 3458 ut
634 3414 692 3458 non
709 3399 745 3458 sit
761 3399 857 3457 mirari
880 3396 949 3456 satis
971 3396 1051 3471 inge·

64 3483 126 3542 nium
139 3484 201 3542 eius
215 3484 394 3562 disponentis
419 3483 525 3544 auxilia
547 3483 575 3542 in
592 3500 720 3561 genera,
740 3484 768 3542 in
789 3496 907 3554 causas,
930 3480 956 3532 ιΓ
980 3487 1037 3504 ’·“
