2396 3922
149 223 207 286 164
497 233 802 308 1.11111111111,1

147 399 205 450 tam
220 389 344 450 vocabat
358 387 492 463 botryon.
524 385 611 448 llulta
626 405 735 466 genera
755 386 918 446 morborum
939 386 1028 464 primo
1049 386 1116 444 coitu

148 473 298 533 solvontur
314 474 463 550 primoque
476 472 642 531 feminarum
657 489 755 531 mense
770 479 826 546 aut,
842 471 867 528 si
880 471 936 529 boc
951 469 1119 529 111111111-

146 559 204 632 git,
224 555 379 632 longinqua
400 557 469 615 11111
483 573 673 633 maxumeque
692 555 859 614 comitiales.
893 555 960 630 quin
983 561 1014 612 et
1033 571 1050 612 a
1070 570 1120 611 ser·

146 648 250 716 pente,
281 659 298 700 a
318 641 475 718 scorpione
497 656 653 717 percussos
673 640 749 698 coito
764 639 855 697 levari
870 637 1011 714 prodant,
1035 653 1122 693 veron

145 722 266 782 11111111
287 742 396 800 venere
418 741 452 783 ea
477 721 561 780 laedi.
598 721 753 782 Oculorum
775 723 843 783 vitia
864 721 927 779 11111
949 727 1060 795 negant
1079 733 1139 776 nect

145 805 251 884 lippire
276 809 414 884 eosqui,
442 824 504 866 cunr
529 803 619 884 pedes
642 805 754 884 lavant,
782 823 855 883 aqua
875 802 940 862 inde
961 813 1008 862 ter
1034 801 1127 860 oculus

145 897 272 966 tangant.

104 984 136 1035 45
210 973 292 1052 (11.)
312 971 452 1032 Inmatura
463 981 556 1031 morte
567 979 714 1049 raptorum
728 991 810 1030 mauu
827 980 959 1044 strumas,
976 967 1130 1048 parotidas,

144 1064 256 1132 guttura
279 1065 354 1115 tactu
370 1057 462 1115 sanari
478 1055 638 1130 adfirmant,
654 1055 767 1132 quidam
779 1073 850 1114 vero
866 1057 1075 1129 cuiuscumque
1088 1051 1130 1108 de·

144 1138 242 1214 iuncti,
260 1139 404 1199 dumtaxat
420 1140 463 1198 sui
481 1157 578 1213 sexus,
602 1138 684 1198 laeva
699 1157 782 1198 mano
797 1156 908 1198 aversa.
938 1146 969 1195 11
983 1135 1066 1210 ligno
1083 1132 1130 1192 111-
1140 1147 1155 1188 o

144 1241 217 1298 gure
234 1223 290 1281 icto
306 1224 422 1282 reiectis
436 1231 501 1299 post
515 1231 598 1296 terga
609 1222 736 1281 manibus
752 1221 915 1280 demorderi
930 1217 1042 1298 aliquid
1060 1226 1089 1276 et
1101 1215 1133 1274 ad

144 1305 257 1364 dentem
273 1307 320 1382 qui
337 1305 434 1364 doleat
450 1305 595 1364 admoveri
610 1306 739 1365 remedio
756 1323 822 1364 esse
838 1304 973 1382 produnt.
1005 1310 1073 1362 sunt
1090 1300 1133 1377 qui

145 1389 322 1466 praecipiant
343 1388 456 1447 dentem
471 1387 563 1448 suliiri
584 1387 668 1448 dente
685 1389 807 1448 bominis
822 1389 864 1447 sui
886 1404 994 1461 sexus,
1023 1392 1134 1442 etcum

103 1472 195 1548 16111
214 1473 329 1530 caninus
344 1481 465 1531 vocetur
479 1471 623 1548 insepulto
642 1482 805 1550 exemptum
820 1470 981 1545 adalligari.
1016 1467 1134 1526 Terram

145 1572 161 1614 e
179 1553 302 1614 calvaria
318 1555 466 1633 psilotrum
489 1573 555 1614 csse
571 1554 772 1632 palpebrarum
788 1554 915 1628 tradunt,
937 1550 1035 1610 herba
1053 1567 1157 1624 vero,u

144 1639 168 1696 si
188 1655 242 1714 qua
255 1637 294 1696 ibi
309 1640 405 1714 genita
419 1638 465 1712 111,
483 1637 706 1698 conmanducata
719 1638 811 1697 dentis
826 1637 943 1710 cadere,
962 1634 1067 1694 ulcera
1082 1651 1134 1692 non

144 1738 264 1797 serpere
278 1739 345 1780 osse
362 1720 483 1780 bominis
499 1722 724 1798 circumscripta.
753 1721 840 1779 Aliie
857 1719 948 1781 tribus
963 1718 1063 1797 puteis
1078 1717 1134 1794 pari

145 1821 275 1863 mensura
287 1821 375 1880 aquas
387 1805 509 1864 miscent
518 1812 546 1862 et
559 1803 701 1882 prolibant
714 1820 790 1864 novo
804 1803 895 1878 fictili,
908 1802 1060 1879 reliquom
1072 1799 1135 1860 dant

143 1887 172 1944 11
192 1887 319 1946 tertianis
341 1905 463 1946 accessu
484 1887 605 1947 febrium
631 1886 794 1948 bibendum.
825 1887 910 1946 iidem
934 1887 964 1944 iu
989 1884 1133 1962 quartanis

144 1968 330 2043 fragmentum
352 1969 426 2029 clavi
447 1987 463 2029 a
485 1988 572 2031 cruce
592 1971 748 2031 involutum
768 1971 832 2030 lana
854 1970 932 2030 collo
949 1968 1162 2040 subnectuntur

144 2059 190 2109 aut
204 2059 330 2126 spartum
346 2069 362 2110 1
382 2069 485 2129 cruce,
506 2053 687 2132 liberatoque
703 2053 827 2116 condunt
843 2069 968 2113 caverna
992 2069 1080 2130 quam
1093 2049 1135 2108 sul

143 2148 201 2192 non
217 2135 343 2208 attingat.
563 2195 574 2208 x

101 2223 133 2278 rt
210 2214 293 2294 (12.)
316 2215 463 2293 Magorum
476 2218 549 2278 haee
566 2228 819 2294 commutescat,
839 2226 870 2276 ut
891 2227 990 2280 cotem
1005 2235 1064 2295 qua
1080 2217 1134 2276 ler-

142 2307 268 2358 ramanta
285 2315 374 2376 saepe
390 2310 509 2360 exacuta
526 2303 582 2361 siut
598 2301 755 2361 subiectam
770 2302 862 2378 ignari
885 2301 1087 2361 cervicalibus
1103 2299 1135 2357 de

142 2381 284 2440 venalicio
300 2381 459 2443 deliciantis
474 2401 600 2445 evocare
616 2385 758 2460 indicium,
776 2394 806 2444 11
817 2386 883 2462 ipse
899 2383 979 2444 dicat
996 2384 1068 2462 quid
1084 2380 1161 2442 sibiae

141 2463 237 2523 datum
254 2467 290 2524 sit
306 2474 335 2524 et
349 2465 397 2524 ubi
413 2477 441 2526 et
457 2485 513 2545 quo
529 2476 675 2545 tempore,
692 2477 839 2529 auctorem
853 2477 949 2527 tamen
965 2485 1027 2526 non
1048 2465 1136 2525 nomi·

142 2564 221 2606 nare.
259 2548 375 2608 fulmine
391 2551 488 2628 utique
505 2568 674 2629 percussum
695 2551 897 2611 circumactum
917 2553 947 2608 in
963 2550 1072 2609 volnus
1089 2549 1135 2606 bo·

100 2631 245 2692 48111111
262 2631 340 2709 loqui
357 2636 486 2709 protinus
506 2642 626 2693 constat.
646 2631 816 2710 *Inguinibus
831 2632 985 2692 medentur
1000 2633 1092 2710 aliqui
1108 2632 1136 2690 li·

143 2713 216 2771 cium
230 2713 307 2774 telae
325 2714 479 2776 detractum
495 2716 653 2792 adligantes
665 2718 786 2775 novenis
801 2717 973 2794 septenisve
989 2715 1090 2788 nodis,
1105 2712 1137 2773 ad

141 2794 271 2868 singulos
287 2799 462 2858 nominantes
479 2799 591 2858 viduam
606 2799 728 2876 aliquam
743 2808 828 2876 atque
845 2802 884 2858 ita
906 2801 1019 2876 inguini
1038 2797 1164 2859 adalb-a

141 2883 256 2949 gautes.
288 2877 356 2937 licio
372 2890 401 2940 11
418 2881 530 2942 clavom
544 2881 657 2940 aliudve
676 2882 753 2958 quod
769 2883 833 2959 quis
847 2882 1010 2942 calcaverit
1026 2882 1136 2956 adliga-

141 2965 200 3014 tum
215 2957 295 3033 ipsos
311 2959 407 3022 iubent
419 2982 536 3040 gerere,
551 2983 586 3022 ne
605 2964 641 3024 sit
657 2963 753 3024 dolori
764 2965 877 3024 volnus.
896 2984 1046 3026 verrucas
1060 2962 1136 3024 avel-

141 3037 202 3097 lunt
219 3055 234 3095 1
249 3039 385 3108 vicesima
403 3047 465 3106 luna
480 3049 508 3106 11
523 3046 657 3106 limitibus
673 3049 766 3123 supini
786 3049 879 3126 ipsam
895 3051 1049 3108 intuentes
1067 3047 1136 3106 ultra

143 3127 229 3197 caput
243 3121 370 3180 manibus
383 3131 525 3201 porrectis
541 3138 570 3188 et
584 3128 719 3206 quidquid
735 3131 959 3208 apprehendere
976 3149 1014 3190 1ο
1031 3133 1135 3192 111111-

100 3209 200 3295 19111.
222 3201 333 3297 clavom
345 3211 488 3299 corporis,
505 3230 567 3270 cum
584 3213 659 3272 cadit
678 3213 763 3274 stella
775 3215 800 3273 si
816 3217 878 3291 quis
891 3214 1072 3292 destringat,
1090 3212 1161 3271 veltt

143 3290 198 3339 crto
223 3297 431 3363 emanarunt,
460 3293 621 3354 cardinibus
647 3298 786 3355 ostiorum
808 3307 892 3356 aceto
917 3297 1026 3356 adfuso
1049 3298 1136 3358 lutum

141 3361 228 3458 fronti
246 3365 351 3458 inlitum
367 3371 467 3444 capitis
482 3374 612 3435 dolorem
627 3378 745 3455 sedare,
767 3381 835 3439 item
855 3379 995 3456 laqueum
1013 3397 1134 3458 suspen·

142 3441 215 3500 drosr
231 3445 430 3508 circumdatum
445 3457 630 3533 temporibus.
662 3462 687 3520 si
703 3463 771 3537 quid
786 3480 803 3522 e
821 3463 903 3541 pisce
925 3463 1061 3525 haeserit
1077 3464 1133 3524 111-
