2370 3922
233 252 315 302 usu.
330 203 422 304 mov.
439 257 548 304 xxun.
560 252 588 308 8.
596 253 621 305 o.
640 244 791 325 (eo—ao.)
854 307 862 313 ,
961 249 1002 310 tt

7 405 54 475 het
66 415 98 466 et
114 406 223 468 dicitur
237 408 329 470 febris
341 409 460 471 solvere
476 419 518 485 et,
534 428 596 471 cum
611 420 772 489 unguantur
784 411 852 473 oleo
864 413 1002 490 admixto,

8 527 11 549 1
38 508 143 550 orem
159 491 279 568 lacere,
296 495 370 552 siout
384 493 582 554 lassitudinem
596 494 770 556 dissolvere.
798 498 906 556 urinam
924 499 1001 558 cient

45 591 177 636 menses.
196 585 283 654 caput
298 584 437 654 temptant
453 579 511 636 viui
525 578 622 654 modo,
634 609 677 626 ·-
689 596 751 636 nam
761 587 790 638 et
803 579 875 638 odor
890 581 1002 656 similis,

0 693 1 738 p
22 705 24 711 s
56 665 88 716 et
103 657 275 719 inflationes
295 659 406 738 pellunt
426 662 456 719 in
471 660 625 738 inferiora,
640 661 736 720 alvom
752 664 874 738 sistunt,
897 663 1001 739 hydro·

0 783 1 818 3
51 742 75 798 is
88 749 122 800 et
137 741 265 800 lienibus
281 759 418 820 perquam
433 744 528 804 utiles.
545 744 627 804 lactis
643 746 805 804 ubertatem
819 745 936 822 faciunt,
951 748 997 808 ad·
1009 759 1042 812 61
1081 821 1083 828 ,

36 832 158 882 isantur
169 827 294 886 venenis
308 829 502 905 serpentium,
518 845 649 890 maxume
665 845 738 906 quae
754 828 846 905 frigus
864 829 999 890 inierunt.

0 974 3 984 h
46 925 91 968 or
117 907 272 968 eilicucior
294 908 329 968 ad
350 911 512 988 serpentis,
543 910 650 970 bibitur
678 912 795 972 seminis
818 911 950 973 drachma
971 915 1001 974 in

46 1025 47 1030 κ
84 991 143 1050 vel
158 1008 250 1068 posce
272 1000 320 1052 aut
344 992 452 1053 duabus
476 993 611 1054 loliorum
630 992 858 1055 tenerrimorum.
892 1004 922 1058 et
937 996 1000 1056 inli-

0 1075 5 1158 Ι
55 1081 103 1132 tur
127 1083 253 1152 utraque
276 1075 414 1136 adversus
435 1095 606 1138 araneorum
627 1078 757 1153 morsus,
782 1077 831 1163 vel
849 1083 997 1155 perunctis

0 1211 1 1240 ¹
38 1258 143 1300 nerem
159 1242 286 1319 impetus
303 1241 449 1318 inhibent,
464 1261 559 1321 eoque
574 1262 704 1304 maxume
721 1244 881 1322 phalangiis
896 1245 998 1306 adver·

0 1379 2 1408 ι
63 1343 97 1383 ur
114 1342 243 1401 quorum
257 1343 371 1386 morsus
387 1326 515 1402 genitale
537 1329 652 1387 excitat.
684 1329 785 1406 capitis
807 1327 939 1389 dolorem
960 1348 998 1390 en

0 1413 6 1483 Ι
54 1409 150 1468 'etate
166 1408 270 1468 sedant
285 1426 347 1468 cum
362 1426 486 1471 rosaceo
502 1409 557 1470 ilos
574 1413 727 1488 tenerique
744 1411 884 1470 cauliculi.
913 1415 998 1473 semi·

29 1514 40 1557 ,ν
59 1491 221 1550 decoctum
235 1491 482 1552 vehementiorem
499 1495 601 1570 capitis
617 1493 748 1554 dolorem
766 1493 900 1554 dissolvit
922 1496 997 1572 fotu,

33 1575 165 1634 'volvam
182 1576 267 1635 etiam
283 1576 378 1636 suffitu
396 1576 443 1635 vel
463 1575 597 1653 adpositu
614 1585 737 1654 purgat,
756 1577 852 1638 alvom
868 1596 931 1638 cum
948 1597 998 1657 pu·

0 1659 6 1730 Ι
29 1658 57 1717 ὀ
71 1667 104 1718 et
125 1656 217 1717 melle
233 1666 339 1736 potum.
369 1660 496 1718 vomicas
521 1667 551 1718 et
569 1677 661 1736 panos
682 1659 799 1720 difficile
814 1679 997 1739 concoquen-

0 1734 6 1815 Ι
58 1759 127 1800 cum
144 1742 239 1800 farina
254 1741 415 1804 hordeacea
429 1741 529 1802 mollit.
560 1741 687 1802 lichenas
703 1751 733 1802 et
754 1743 909 1820 lentigines
931 1757 1040 1812 curuos

0 1831 6 1888 l
71 1827 178 1886 ouitro
203 1833 234 1885 et
254 1832 338 1886 aceto
354 1843 453 1885 semen
469 1832 566 1900 sanat,
588 1835 618 1885 et
634 1827 694 1886 oris
709 1826 810 1886 ulcera
822 1835 851 1886 et
870 1831 997 1906 eruptio-

0 1905 5 1970 s
36 1934 53 1954 u
75 1927 145 1968 cum
161 1907 267 1985 melle,
289 1911 405 1970 testium
417 1927 480 1969 cum
494 1909 600 1984 butyro
616 1917 646 1970 ot
661 1909 739 1970 loliis
754 1903 871 1985 vitium,
896 1911 996 1988 rhage-

41 2018 43 2042 :
69 1992 154 2052 sedis
172 2009 236 2050 cum
249 2010 320 2070 aqua
335 1992 457 2068 inlitum,
473 1992 569 2052 luxata
581 2011 644 2052 cunr
661 1993 764 2053 select
778 1995 853 2052 nitro
875 2003 905 2054 et
920 2013 995 2056 cera.

48 2078 165 2136 semine
186 2083 215 2134 et
237 2075 309 2135 lolio
332 2075 443 2135 additur
459 2076 489 2135 iu
512 2075 680 2152 malagmata
694 2094 848 2136 nervorum
866 2086 895 2136 et
910 2080 996 2156 podu-

34 2192 75 2219 ι.
106 2176 214 2218 semen
232 2158 386 2219 instillatur
401 2160 430 2218 in
447 2158 516 2219 oleo
540 2159 690 2220 decoctum
708 2162 793 2238 capiti
813 2162 842 2220 in
862 2160 995 2240 lethargo
1070 2237 1073 2243 ¹

54 2241 206 2319 phrenesi.
239 2243 349 2318 virgam
371 2244 419 2319 qui
434 2244 463 2301 in
483 2260 565 2302 manu
579 2241 703 2304 babeant
725 2251 772 2302 aut
789 2245 928 2304 incincta
947 2264 996 2306 ne-

0 2333 6 2427 p
27 2356 32 2368 -·
120 2327 337 2401 intertriginem
355 2326 474 2385 sentire.

65 2409 148 2485 (39.)
179 2407 286 2468 Ericen
303 2407 404 2468 Graeci
426 2417 530 2468 vocant
547 2408 678 2470 fruticem
699 2429 756 2470 non
774 2411 889 2470 multum
909 2428 927 2468 a
951 2413 1038 2476 titt

75 2491 280 2567 differentem,
298 2491 400 2552 colore
417 2493 595 2554 rorismarini
613 2502 643 2552 et
658 2511 751 2571 paene
767 2493 848 2554 lolio.
875 2493 931 2552 hoc
948 2493 994 2554 ad·

25 2577 115 2634 rsari
132 2574 321 2652 serpentibus
338 2575 458 2635 tradunt.
772 2639 774 2648 ,

64 2657 149 2735 (40.)
179 2655 298 2718 Genista
314 2675 429 2736 quoque
441 2659 546 2718 vinculi
562 2677 642 2719 usum
661 2667 805 2737 praestat,
829 2659 910 2720 doris
933 2661 1035 2736 api-65

10 2771 12 2773 ·
48 2766 53 2791 s
71 2743 242 2816 gratissimi.
259 2740 358 2801 dubito
373 2759 408 2800 an
423 2742 496 2801 baec
511 2745 549 2801 sit
559 2760 641 2820 quam
656 2741 757 2802 Graeci
769 2750 903 2802 auctores
916 2758 995 2817 spar-

29 2841 54 2881 un
71 2823 279 2900 appellavere,
294 2843 356 2884 oum
374 2843 412 2884 ex
428 2844 462 2886 ee
477 2825 534 2885 lina
547 2828 702 2904 piscatoria
718 2824 791 2903 apud
807 2843 859 2885 eos
871 2825 993 2884 factitari
1068 2871 1072 2878 .

33 2930 35 2950 ⁴
59 2909 153 2966 nerim
160 2949 170 2983 ,
194 2916 224 2967 et
244 2907 379 2986 numquid
397 2908 469 2968 banc
491 2909 688 2985 designaverit
709 2907 867 2984 Homerus,
890 2925 953 2968 oum
971 2927 999 2971 o,
1013 2930 1035 2964 o

10 2984 75 3051 dixit
104 2991 219 3050 navium
240 2999 336 3068 sparta
355 2990 503 3052 dissoluta.
537 2991 661 3050 nondum
686 2993 762 3050 enim
778 2987 869 3050 fuisse
893 2990 993 3068 llispa·

34 3097 60 3124 m
82 3072 287 3134 Africanumve
311 3081 438 3149 spartum
460 3077 489 3132 in
518 3095 571 3134 usu
594 3082 704 3133 certum
723 3082 785 3149 est,
807 3083 837 3134 et
860 3093 922 3135 cum
944 3075 993 3134 lle·

10 3164 69 3217 rent
85 3156 189 3216 sutiles
208 3175 308 3232 naves,
322 3156 381 3217 lino
395 3165 499 3233 tamen,
516 3175 574 3217 non
588 3166 687 3234 sparto
702 3175 831 3234 umquam
844 3166 929 3217 sutas.
947 3177 992 3218 se·

12 3270 13 3273 ¹
35 3257 71 3298 ¹n
85 3241 169 3314 eius,
180 3240 257 3318 quod
278 3238 380 3301 Graeci
397 3241 500 3301 eodem
517 3243 632 3300 nomine
647 3239 793 3318 appellant
811 3243 840 3300 in
855 3239 991 3300 folliculis

12 3317 210 3396 pbaseolorum
223 3323 309 3384 modo
323 3342 444 3384 nascens
459 3330 563 3401 purgat
577 3321 721 3384 hellebori
736 3326 799 3384 vice
814 3322 945 3384 drachma
961 3331 990 3382 et

15 3401 119 3466 dimidia
135 3415 204 3484 pota
219 3409 249 3466 in
265 3423 355 3484 aptae
379 3407 488 3473 mulsae
502 3407 611 3483 cyathis
633 3416 766 3484 quattuor
777 3407 888 3468 ieiunis.
919 3407 988 3466 ravui
998 3417 1033 3476 66

16 3486 139 3566 similiter
162 3489 275 3550 irondei
302 3498 387 3552 aceto
416 3493 550 3551 macerati
570 3489 700 3569 pluribus
730 3491 831 3551 diebus
858 3497 887 3549 et
913 3492 989 3550 tunsi

0 1159 6 1210 t
47 1176 128 1233 um,
157 1158 258 1218 suffitu
280 1176 395 1237 quoque
416 1168 464 1220 aut
486 1161 633 1221 substratu
652 1162 753 1238 fugant
769 1170 919 1222 venenata.
960 1163 1040 1228 edet
1125 1202 1132 1216 ·
