2508 3924
631 59 635 67 ·
718 38 729 83 s

259 231 805 312 nur.n1sn.xxa1n.1a.(so-5a)
992 231 1047 294 191

63 395 370 477 ulceraquebatyrum
391 397 533 458 emendat.
563 397 673 478 spinam
686 397 808 460 'aluums
830 397 896 477 quid
919 395 1050 458 lancibus

63 481 227 543 adhaerens
245 481 313 540 ielis
327 483 507 542 extrinsecus
523 483 589 542 limo
606 481 767 561 perfricatis
782 491 830 543 ant
843 481 924 542 reddi
939 489 985 542 aut
1000 481 1049 540 de·

1 609 2 640 .
63 564 122 626 labi
140 564 265 624 madunt.
295 573 415 624 strumas
430 565 546 626 discutit
564 565 613 626 rel
631 573 776 644 aprunum
788 565 837 626 vel
856 564 991 625 bubulum
1006 572 1049 623 te·

62 647 161 727 pidum
177 648 295 708 inlitum.
312 664 389 706 uam
407 648 560 725 coagulum
574 648 686 728 leporis
707 650 806 708 ovino
822 650 850 708 in
865 647 984 708 linteolo
1000 665 1049 708 ex·

37 731 203 794 sulceratis
221 731 366 790 dancrat
384 732 540 808 inponitur.
568 731 683 792 discutit
704 741 733 792 et
752 731 875 808 ungulae
894 731 966 790 asini
981 729 1029 790 vel
1040 739 1090 794 191

62 817 129 893 equi
146 815 219 874 einis
233 831 271 873 ex
286 812 353 873 oleo
369 814 417 873 uel
431 830 505 893 aqua
518 815 613 875 inlitus
630 815 752 874 eturiua
764 813 904 875 caleiacta
920 823 948 872 et
965 812 1050 872 boris

62 897 190 974 ungulae
205 897 277 957 cinis
291 915 328 955 ex
343 914 427 974 aqua,
444 900 537 958 limum
552 916 667 977 quoque
681 899 798 958 ferreus
813 916 850 956 ex
865 905 959 972 aceto,
982 897 1051 959 item

62 979 166 1040 sebum
191 981 338 1058 caprinum
363 997 426 1042 cum
446 982 527 1042 calce
548 991 596 1043 aut
616 983 709 1042 limum
730 999 768 1040 ex
791 989 875 1041 aceto
898 979 1050 1039 decoctum

61 1071 215 1141 testesque
231 1063 351 1140 volpini.
366 1064 502 1143 ,prodest
521 1073 551 1124 et
566 1081 655 1142 sepo,
680 1063 824 1126 Gallorum
838 1064 895 1123 hoc
907 1063 1051 1122 inventum

27 1167 52 1208 ro
62 1145 214 1206 rutilandis
230 1146 353 1226 capillis.
391 1149 422 1208 dt
438 1167 475 1208 ex
492 1147 565 1208 sebo
581 1157 610 1208 et
630 1150 744 1222 cinere,
766 1157 899 1226 optumus
909 1145 1006 1222 fagino
1022 1154 1052 1204 et

63 1231 224 1306 nanniano,
247 1228 357 1291 duobus
370 1231 479 1308 modis,
501 1231 610 1308 spissus
625 1248 660 1290 ac
675 1231 814 1308 liquidus,
839 1239 959 1308 uterque
974 1228 1050 1308 apud

1 1351 2 1394 3
62 1309 346 1374 Germanos'maiore
361 1315 390 1373 in
404 1333 456 1376 usu
471 1315 540 1375 viris
555 1331 638 1393 quam
655 1313 776 1374 leminis.

1 1400 2 1452 l
122 1396 209 1474 (52.)
233 1396 385 1458 Cervieum
401 1397 520 1458 dolores
536 1397 638 1472 butyro
654 1405 703 1457 aut
716 1397 800 1474 adipe
819 1398 916 1458 ursino
933 1395 1093 1474 periri-192

62 1489 180 1556 centur,
205 1481 320 1557 rigores
334 1479 441 1541 bubulo
464 1480 553 1555 sebo,
575 1480 652 1560 quod
673 1489 702 1539 et
718 1481 830 1540 strumis
850 1480 970 1558 prodest
989 1495 1053 1539 eum

28 1579 52 1624 rs
63 1563 145 1624 oleo.
176 1563 307 1624 dolorem
322 1562 518 1639 inflexibilem,
531 1596 574 1610 -··
588 1562 794 1641 opisthotonon
813 1572 933 1638 vocant,
947 1595 991 1610 -
1010 1563 1052 1622 le·

62 1656 112 1706 vat
132 1647 215 1708 urina
237 1664 343 1725 caprae
365 1647 480 1706 auribus
495 1647 586 1708 inlusa
607 1655 655 1706 aut
675 1648 768 1706 sumum
787 1664 850 1706 cum
871 1646 966 1707 bulbis
987 1644 1050 1705 inli-

1 1773 3 1782 J
61 1740 138 1805 tum,
161 1731 265 1806 unguis
292 1738 450 1790 contunsos
469 1730 510 1790 iel
531 1732 733 1808 cuiuscumque
753 1730 882 1789 animalis
905 1728 1051 1788 ‘circumli-

1 1859 3 1897 Ι
61 1821 177 1890 gutum
201 1814 333 1892 pterygia
351 1813 505 1889 digitorum
523 1811 564 1872 iel
583 1815 655 1873 tauri
673 1813 781 1872 aridum
795 1831 868 1891 aqua
884 1812 976 1872 calida
996 1811 1052 1870 dis·

0 1933 1 1938 1
62 1897 200 1956 solutum.
243 1896 353 1974 quidam
378 1897 502 1958 adiciunt
529 1894 629 1975 sulpur
652 1904 680 1955 et
701 1894 812 1956 alumen
835 1897 896 1976 pari
922 1894 1052 1974 pondere

29 1997 199 2039 roomnrum.

1 2050 5 2062 ¹
126 2061 212 2141 (53.)
234 2061 346 2123 l'ussim
359 2065 442 2123 iocur
457 2062 517 2141 lupi
531 2080 568 2122 ex
582 2063 650 2122 vino
664 2063 764 2140 tepido
784 2069 881 2136 sanat,
904 2062 1030 2122 ursinum
1043 2071 1094 2127 193
1211 2123 1216 2134 ,

58 2146 105 2206 lel
121 2145 249 2206 admixto
264 2146 350 2206 melle
370 2155 417 2205 aut
432 2163 470 2205 ex
484 2163 589 2206 cornus
609 2144 707 2206 bubuli
728 2147 843 2206 summis
861 2144 988 2223 partibus
1013 2145 1051 2204 ci·

59 2231 125 2304 nis,
147 2228 197 2288 vel
213 2227 302 2290 salira
317 2230 385 2307 equi
402 2228 494 2289 triduo
510 2237 594 2307 pota,
613 2261 656 2276 -
678 2247 760 2290 ecum
779 2228 852 2288 mori
873 2228 985 2288 tradunt
997 2259 1050 2304 ·-,

59 2311 163 2390 pulmo
178 2315 311 2373 cervinus
327 2328 390 2372 enm
408 2312 476 2388 gula
489 2329 539 2372 sua
557 2312 700 2372 arefactus
714 2313 743 2371 iu
756 2312 851 2384 fumo,
870 2311 934 2370 dein
954 2321 1053 2372 tunsus

27 2419 51 2458 aa
64 2413 107 2456 ex
123 2394 210 2454 melle
225 2395 367 2455 cotidiano
383 2394 544 2470 ecligmate.
565 2395 714 2454 efficacior
729 2404 773 2454 est
786 2395 822 2454 ad
836 2393 865 2454 id
876 2393 978 2454 subulo
990 2412 1051 2454 cer·

1 2477 6 2487 ’
59 2493 166 2538 vorum
180 2481 306 2553 generis.
336 2479 503 2554 sanguinem
518 2487 693 2554 exspuentes
709 2479 817 2537 cervini
833 2478 1094 2552 cornuscinis,194

2 2596 6 2652 p
60 2559 219 2636 coagulum
233 2561 343 2639 leporis
357 2561 439 2620 tertia
454 2569 537 2638 parto
551 2561 649 2620 denari
664 2577 726 2620 cum
741 2568 817 2620 terra
832 2560 925 2618 Samia
940 2567 970 2618 et
985 2561 1051 2618 vino

2 2698 6 2726 ι
59 2652 176 2718 myrteo
193 2651 289 2722 potum
304 2653 395 2718 sanat,
412 2643 540 2703 eiusdem
555 2643 610 2702 limi
625 2642 697 2702 cials
711 2643 740 2702 in
753 2645 821 2702 vino
834 2643 952 2720 vesperi
966 2650 1053 2720 potus

2 2727 5 2819 j
60 2733 222 2788 nocturnas
239 2729 336 2806 tussis,
355 2727 405 2806 pili
421 2727 659 2805 quoqueloporis
675 2725 762 2786 suiliti
777 2724 928 2785 extrahunt
942 2724 1051 2802 pulmo·

2 2866 5 2901 ¹
28 2831 51 2872 so
61 2810 148 2870 nibus
160 2809 285 2870 dificilis
296 2813 524 2871 exscreationes.
539 2809 705 2888 purulentas
714 2817 808 2868 autern
821 2807 1053 2868 exulcerationes
1074 2809 1076 2816 '

61 2893 196 2973 pectoris
211 2893 411 2972 pulmonisque
429 2901 459 2953 et
472 2911 488 2953 a
502 2892 636 2971 pulmone
651 2892 876 2969 graveolentiam
887 2890 991 2950 halitus
1003 2891 1051 2951 hu·

60 2986 158 3050 tyrum
174 2975 376 3036 efficacissime
392 2978 470 3037 iuvat
483 2993 546 3036 cum
562 2979 623 3054 pari
643 2976 729 3037 modo
744 2976 839 3036 mellis
856 2973 945 3034 Attici
963 2975 1051 3036 deco-

61 3068 142 3118 ctum
156 3058 251 3118 donee
263 3060 397 3120 rufescat
409 3067 439 3118 et
456 3059 597 3120 matutinis
614 3065 754 3137 sumptum
769 3059 805 3120 ad
822 3075 983 3119 mensuram
999 3059 1051 3119 liu·

60 3141 162 3219 gulae.
194 3142 307 3220 quidam
322 3159 379 3222 pro
399 3142 486 3202 melle
504 3142 602 3203 laricis
621 3144 744 3202 resinam
766 3141 873 3204 addere
894 3141 1093 3207 maluere.195

28 3225 90 3291 assi
107 3227 226 3301 sanguis
247 3227 397 3302 reiciatur,
418 3226 568 3286 efficacem
587 3225 700 3286 tradunt
720 3224 854 3285 bubulum
874 3225 1051 3301 sanguinem,

59 3307 179 3368 modice
194 3317 224 3367 et
239 3327 302 3368 cum
319 3318 403 3370 aceto
420 3318 576 3388 sumptum,
601 3327 665 3368 nam
683 3308 720 3368 do
741 3310 851 3368 taurino
866 3308 987 3368 eredere
1010 3316 1051 3367 te·

59 3393 217 3450 mererium
233 3401 286 3452 cst.
318 3392 370 3452 sed
388 3392 525 3469 glutinum
546 3393 684 3452 taurinum
700 3392 791 3452 tribus
805 3391 900 3452 obolis
924 3409 986 3452 oum
1005 3407 1051 3452 ca·
1125 3415 1134 3430 =

60 3473 119 3534 lida
137 3491 213 3553 aqua
228 3474 331 3536 bibitur
346 3478 375 3536 in
388 3484 488 3536 vetere
508 3477 653 3553 sanguinus
671 3477 883 3536 exscreatione.
