2458 3906
184 218 242 277 154
523 226 554 276 o.
571 224 667 273 nunu
682 223 833 273 saeuum

179 383 244 443 viae
261 383 358 442 iamin
378 381 506 452 lucernis
522 379 612 457 inum.
647 380 672 439 si
689 379 823 438 flexuose
841 377 944 440 volitet
966 379 1103 454 damma,
1126 379 1196 438 veu-

136 476 263 531 358tum.
288 475 317 526 et
333 465 448 542 lumina,
463 481 527 525 cum
542 482 580 523 er
595 481 665 523 sese
680 463 809 523 dammas
820 461 929 522 elidunt
951 472 1000 524 eut
1015 464 1065 522 vix
1087 477 1196 521 acccu-

180 552 293 626 dnntur‚
306 551 375 610 item
384 567 447 609 cum
456 549 485 608 in
492 563 586 608 aeneo
598 547 743 625 pendente
753 545 897 606 scintillae
907 555 1137 623 coacervantur,
1148 546 1197 606 vel

180 653 244 696 oum
264 633 434 694 tollentibus
452 632 527 694 ollas
547 631 637 692 carbo
659 631 859 706 adhaerescit,
882 642 929 692 aut
951 649 1015 692 cum
1036 638 1195 690 contectus

179 720 254 797 ignis
271 737 289 778 e
304 737 337 778 se
354 717 482 779 favillam
495 716 612 776 discutit
627 714 819 775 scintillamve
838 715 957 792 emittit,
972 715 1022 775 vel
1039 732 1110 774 cum
1124 715 1203 775 ciunt

179 805 209 863 in
231 803 300 863 ioco
317 803 482 862 concrescit
499 808 607 861 etcum
624 799 713 860 carbo
727 799 917 860 vehementer
931 798 1078 878 perlucet.

136 896 190 952 ³59
239 887 323 966 (85.)
346 885 450 946 liutet
473 895 610 964 aquarum
632 883 821 960 significatio:
855 899 934 944 mare
953 884 979 943 si
1005 881 1193 960 tranquillam

178 973 208 1032 in
228 979 314 1050 portu
335 969 484 1030 cursitabit
498 967 721 1028 murmurabitve
736 969 809 1027 intra
830 984 881 1044 se,
903 977 1018 1027 ventum
1035 967 1193 1045 praedicit,

180 1056 205 1116 si
220 1055 296 1115 idem
310 1055 415 1129 hiens,
434 1063 464 1114 et
475 1052 605 1112 imhrem.
630 1050 715 1113 litora
730 1052 907 1130 ripaequesi
917 1050 1102 1112 resonabunt
1120 1059 1193 1112 tran·

181 1139 283 1219 quillo,
300 1157 433 1218 asperam
448 1145 665 1216 tempestatem,
682 1137 750 1196 item
765 1137 852 1196 maris
866 1137 956 1214 ipsius
970 1135 1134 1214 tranquillo
1148 1151 1203 1196 stt-1

181 1225 256 1284 nitus
264 1241 422 1302 spumaeve
434 1222 586 1300 dispersae
596 1229 642 1281 aut
651 1238 745 1300 aquae
754 1219 909 1280 hullanles.
927 1219 1083 1300 pulmones
1092 1220 1192 1281 marim

181 1310 210 1367 in
219 1307 327 1387 pelago
338 1307 461 1386 plurium
473 1305 582 1366 dierum
594 1305 718 1365 hiemem
731 1303 914 1383 portendunt.
928 1313 1063 1383 saepest
1076 1303 1189 1368 silentio

180 1392 344 1452 intumescit
364 1391 521 1469 datumque
538 1390 622 1450 altius
640 1389 728 1449 solito
741 1389 796 1449 iam
811 1389 883 1449 intra
899 1406 932 1448 se
945 1406 1014 1448 esse
1028 1397 1139 1449 ventos
1152 1388 1189 1448 la-

181 1485 267 1536 tetur.

136 1569 191 1626 ³60
257 1558 341 1639 (86.)
361 1557 524 1638 thuidam
536 1559 710 1619 etmontinm
722 1557 831 1618 sonitus
846 1572 1052 1635 nemorumque
1065 1557 1203 1634 mugitum

181 1644 369 1724 praedicunt,
386 1652 417 1703 et
439 1643 503 1703 sine
526 1660 595 1703 aura
611 1659 685 1720 quae
704 1643 843 1704 sentiatur
865 1640 935 1701 lolia
954 1639 1097 1720 ludentia,
1115 1641 1189 1701 lanu·

182 1746 222 1806 go
239 1728 341 1808 populi
358 1736 407 1788 aut
421 1727 523 1806 spinae
539 1726 664 1787 volitans
681 1727 821 1804 aquisque
836 1725 932 1804 pluma
946 1725 1092 1802 innatans,
1109 1735 1189 1803 atquc

183 1813 268 1872 etiarn
284 1813 312 1871 ln
330 1812 438 1890 campis
453 1819 603 1870 venturam
624 1818 825 1890 tempestatem
844 1808 1026 1889 praecedens
1046 1828 1121 1870 suus
1138 1809 1188 1870 lra-

182 1912 247 1973 gor.
282 1895 356 1955 caeli
371 1894 486 1973 quidem
505 1911 630 1954 murmur
646 1912 704 1954 non
717 1893 830 1954 dubiam
842 1893 1085 1971 significationem
1097 1893 1187 1956 hahet.

137 1988 191 2043 361
262 1978 346 2056 (87.)
369 1977 558 2055 Praesagiunt
576 1985 606 2036 et
624 1979 772 2039 animalia:
802 1976 930 2057 delphini
947 1977 1108 2058 tranquillo
1124 1977 1202 2038 merit

183 2062 368 2122 lascivientes
394 2060 490 2121 datum
520 2080 558 2120 ex
585 2080 642 2140 qua
667 2063 783 2122 veniunt
802 2071 900 2141 parte,
923 2063 991 2122 item
1015 2070 1185 2140 spargentes

183 2163 302 2224 aquam,
324 2145 409 2205 iidem
429 2144 545 2204 turbato
569 2146 811 2225 tranquillitatem.
848 2146 951 2225 lolligo
967 2145 1105 2223 volitans,
1124 2163 1184 2206 con·

183 2228 256 2289 chae
273 2228 529 2306 adhaerescentes‚
546 2229 642 2290 echini
653 2230 813 2308 adfigentes
826 2247 893 2290 sese
909 2239 956 2292 aut
967 2229 1078 2292 harena
1091 2231 1185 2290 sabur-

182 2322 279 2373 rantes
296 2313 478 2390 tempestatis
494 2313 576 2390 sigua
587 2323 663 2390 sunt,
680 2331 767 2375 ranae
784 2331 901 2393 qnoque
915 2314 989 2376 ultra
1004 2314 1124 2376 solitum
1139 2330 1183 2372 vo·

139 2397 278 2460 tdhcales
291 2407 320 2457 et
331 2396 438 2458 fulicae
450 2398 587 2458 matutino
601 2399 751 2476 clangore,
768 2401 836 2460 item
846 2400 938 2477 mergi
949 2406 1111 2478 anatesque
1130 2399 1201 2478 pint

183 2498 234 2541 nas
246 2490 342 2541 rostro
355 2490 513 2560 purgantes
524 2489 657 2558 ventum,
675 2492 852 2560 causaeque
868 2484 1020 2561 aquaticae
1032 2499 1107 2543 eves
1123 2499 1183 2544 con·

184 2575 345 2626 cursantes.
376 2583 465 2643 grues
480 2566 508 2624 in
523 2565 735 2627 mediterranea
751 2567 937 2642 festinantes,
953 2568 1063 2644 mergi,
1086 2568 1183 2644 gaviae

183 2651 272 2710 marie
289 2658 337 2710 aut
354 2659 455 2727 stagna
474 2650 631 2726 lugientem,
645 2667 735 2728 grues
753 2650 868 2712 silentio
883 2669 936 2729 per
953 2649 1078 2712 sublime
1090 2651 1182 2713 voluu-

183 2741 229 2792 tes
248 2735 442 2794 serenitatem.
466 2734 509 2792 sic
531 2743 636 2794 noctua
654 2736 683 2794 in
697 2733 786 2796 imbre
803 2734 936 2812 garrula,
956 2744 984 2795 at
998 2753 1108 2796 sereno
1120 2746 1182 2796 ten

183 2821 343 2894 pestetcm,
366 2818 505 2896 corvique
525 2818 650 2895 singultu
674 2819 798 2897 quodam
814 2819 952 2880 latrantes
974 2837 1066 2898 seque
1085 2825 1200 2881 conen-t

183 2901 304 2977 tientes,
326 2903 351 2960 si
373 2900 592 2979 continuabunt,
610 2912 730 2979 ventos,
749 2905 774 2962 si
795 2920 867 2963 vero
889 2903 1008 2983 carptim
1023 2921 1129 2966 vocem
1143 2920 1181 2964 re·

139 2983 375 3062 dotsorhehunt,
396 2995 548 3046 ventosum
561 2985 691 3048 imbrem.
720 2986 832 3065 graculi
848 3004 916 3047 sero
934 3005 951 3048 a
971 2987 1087 3066 pehulis
1107 3003 1181 3050 reee-

184 3067 286 3128 dentes
307 3067 445 3145 hiemem,
470 3078 500 3129 et
517 3069 603 3130 albae
626 3089 697 3133 aves
716 3089 779 3131 cum
799 3071 1055 3149 congregabuntur
1073 3083 1103 3134 et
1125 3087 1181 3132 cun

183 3159 340 3211 terrestres
352 3151 488 3212 volucres
502 3164 602 3214 contra
614 3173 717 3235 aquam
729 3155 883 3233 clangores
896 3155 1004 3216 dabunt
1014 3155 1179 3236 perfundor

184 3244 289 3314 tesque
313 3253 398 3312 sese,
419 3237 472 3297 sed
494 3255 626 3298 maxume
648 3239 765 3314 cornix,
783 3239 905 3300 hirundo
920 3248 977 3300 tam
992 3241 1072 3302 iuxta
1087 3247 1198 3320 aquarn!¹

184 3319 309 3380 volitans
323 3328 354 3379 ut
368 3320 453 3399 pinna
468 3339 559 3399 saepe
576 3324 730 3399 percutiat,
748 3340 881 3402 quaeque
898 3325 926 3384 iu
940 3323 1093 3387 arhcrihns
1108 3323 1178 3386 hahi-

183 3411 245 3462 tant
262 3403 417 3482 fugitantes
434 3403 470 3442 **
488 3406 516 3464 iu
532 3405 606 3466 nidis
622 3407 692 3466 suis.
721 3415 751 3466 ct
768 3423 888 3468 anseres
902 3409 1038 3470 continuo
1052 3412 1179 3487 clangore

183 3487 386 3566 intempestivi,
399 3488 487 3548 ardea
502 3489 531 3548 in
543 3490 646 3550 mediis
661 3490 776 3551 harenis
794 3492 895 3553 tristis.
