2504 3930
183 213 244 276 288
532 227 674 274 onum
690 227 840 274 suounnr

179 385 209 442 in
227 369 339 440 oceano
355 380 392 440 ad
405 379 501 440 locum
517 382 713 442 Mauretaniae
729 383 776 458 qui
792 380 877 440 (lotte
891 388 1021 454 vocetur,
1035 395 1091 436 uon
1104 395 1162 456 pro·

182 466 228 524 cul
242 465 313 523 Lixo
328 464 453 523 llumine.
473 464 548 525 idem
564 465 711 540 lolligines
726 465 845 524 evolare
858 482 895 523 ex
909 479 984 540 aqua
996 461 1081 520 tradit
1096 470 1162 520 tana

178 548 358 608 multitudine
373 557 404 606 ut
424 552 537 625 navigia
555 548 734 625 demergant.
1222 557 1223 560 ’

137 645 172 698 16
246 633 310 710 (7.)
330 631 452 691 Emanu
463 641 619 692 vescuntur
629 635 728 710 pisces
739 633 768 690 in
779 632 908 711 pluribus
920 629 1164 710 quidemGaesaria

58 758 64 769 .
178 716 270 792 villis,
287 715 355 792 sed,
377 733 452 793 quae
474 726 591 776 veteres
606 716 761 794 prodidere
780 720 810 775 in
827 717 952 791 stagnis,
973 733 1031 774 non
1045 715 1185 792 piscinias

179 799 318 875 admirati,
331 801 359 858 in
368 799 460 859 Eloro
469 801 586 859 Siciliae
600 800 736 874 castello,
749 817 808 858 aon
823 799 925 877 procul
934 799 1095 873 Syracusis,
1106 799 1166 855 item

176 886 205 942 in
219 881 382 956 labrayndi
398 885 480 942 Iouis
501 883 583 943 fonte
595 917 639 928 —
662 884 807 960 anguillae
823 893 853 942 at
871 885 977 943 inauris
998 881 1108 940 additas
1123 899 1168 956 ge

177 977 309 1042 runt—,
326 966 457 1024 similiter
471 969 499 1025 in
517 967 591 1026 clio
608 970 685 1026 iuxta
698 969 805 1026 Senum
820 967 980 1042 delubrum,
995 969 1025 1025 iu
1039 966 1167 1041 llesopo

134 1051 307 1111 notamine
324 1067 441 1128 quoque
456 1050 537 1110 fonte
554 1049 687 1110 Chabura
705 1051 814 1129 dequo
832 1052 964 1124 diximus.
1195 1045 1198 1053 '

137 1144 169 1198 17
241 1133 304 1212 (8.)
326 1134 399 1193 Nam
412 1135 441 1192 in
455 1135 544 1209 Lycia
561 1135 652 1208 llyris
666 1138 694 1193 in
709 1136 790 1194 fonte
802 1135 947 1214 Apollinis
962 1151 1049 1211 quem
1062 1131 1199 1192 Canama

177 1218 326 1296 appellant
342 1227 388 1276 ter
405 1218 499 1278 listula
510 1221 608 1278 vocati
622 1220 739 1278 veniunt
750 1219 787 1278 ad
802 1221 960 1295 augurium.
985 1217 1113 1293 diripere
1124 1235 1172 1275 eos

177 1303 273 1361 carnis
289 1301 418 1361 abiectas
435 1302 542 1362 laetum
559 1311 605 1360 est
621 1303 863 1378 consultantibus,
888 1301 985 1360 caudis
1000 1300 1124 1376 abigere
1137 1301 1172 1358 di·

175 1404 248 1445 rum.
279 1385 432 1464 Hierapoli
450 1387 552 1460 Syriae
576 1388 605 1444 ia
626 1387 691 1446 lacu
712 1387 837 1446 Veneris
857 1384 1035 1444 aedituorum
1057 1385 1172 1443 vocibus

175 1476 280 1548 parent
294 1470 408 1544 vocati,
432 1471 551 1530 veniunt
568 1471 702 1529 exornati
716 1489 805 1544 auro,
827 1469 979 1529 adulantes
998 1469 1173 1546 scalpuntur,

176 1571 229 1613 ora
249 1551 357 1613 hiantia
378 1554 508 1613 manibus
530 1553 693 1613 inserendis
710 1555 861 1632 praebent.
890 1555 919 1611 in
937 1551 1078 1612 Stabiano
1097 1550 1201 1610 (lam-n

175 1638 280 1715 paniae
294 1637 332 1696 ad
346 1637 480 1696 lleroulis
496 1647 608 1715 petram
623 1637 763 1696 melanuri
778 1640 807 1696 in
822 1637 892 1696 mari
910 1653 1014 1715 panem
1034 1636 1175 1696 abiectum

175 1723 302 1799 rapiunt,
317 1720 404 1780 iidem
420 1721 457 1781 ad
473 1721 580 1780 nullum
596 1721 689 1779 cibam
703 1722 732 1780 in
744 1738 802 1800 quo
816 1722 916 1780 lamus
931 1723 968 1779 sit
982 1719 1136 1780 accedunt.

133 1816 168 1868 18
240 1805 304 1882 (9.)
327 1803 392 1864 Nee
410 1804 462 1864 illa
477 1807 505 1862 in
520 1805 684 1864 novissimis
711 1807 798 1880 mira,
816 1821 929 1864 amaros
949 1822 1016 1862 esse
1033 1805 1126 1882 pisale
1143 1801 1176 1862 ad

174 1887 266 1948 Pelen
279 1888 401 1948 insulam
419 1897 449 1947 et
463 1888 499 1947 ad
511 1885 714 1963 Clazomenas,
730 1898 831 1948 eontra
849 1887 999 1966 scopulum
1008 1887 1130 1947 Siciliae
1144 1904 1175 1944 ac

174 1971 287 2048 Leptim
294 1970 415 2030 Africae
426 1972 612 2032 etEuboeam
625 1972 860 2047 etllurraclaium‚
874 1990 973 2030 rursus
987 1972 1029 2030 ita
1042 1971 1137 2030 salsos
1148 1979 1203 2028 utro

174 2055 289 2132 possint
303 2054 476 2114 salsamenta
488 2057 644 2114 existimari
657 2057 736 2115 circa
748 2055 963 2134 Cephallaniam
980 2063 1010 2113 et
1022 2055 1175 2132 Ampelon,

133 2151 166 2204 19
177 2137 273 2196 Paron
291 2147 321 2196 et
334 2137 401 2197 Deli
418 2147 528 2215 petras,
546 2139 675 2217 inportu
692 2139 819 2199 eiusdem
834 2137 946 2198 insulae
962 2138 1070 2197 dulcis.
1098 2155 1176 2216 quam

33 2213 42 2230 ⁸
174 2221 365 2280 differentiam
383 2219 492 2298 pabulo
510 2232 645 2282 constare
662 2240 720 2282 non
738 2233 783 2282 est
797 2223 920 2283 dubium.
946 2223 1046 2300 llpion
1061 2225 1177 2300 piscium

173 2322 335 2364 maxumum
357 2322 424 2363 esse
444 2305 531 2364 tradit
552 2323 672 2383 porcum
694 2325 780 2386 quem
798 2305 1020 2366 Lacedaemonii
1043 2306 1175 2381 orthag'o

172 2390 280 2448 niseum
294 2397 413 2464 vocent,
428 2391 566 2465 grunnire
583 2409 658 2466 eum,
679 2409 743 2450 cum
759 2393 898 2470 capiatur.
923 2407 992 2448 esse
1007 2407 1085 2449 uero
1101 2389 1202 2448 illamn

172 2481 293 2531 naturae
308 2472 498 2532 accidentiam
508 2505 551 2520 ·-
561 2473 639 2552 quod
653 2476 746 2551 magis
761 2477 898 2533 miremur
909 2475 995 2532 etiam
1006 2475 1094 2530 -in
1107 2473 1176 2531 locis

51 2569 54 2576 ’
175 2555 343 2632 quibusdam
361 2557 496 2634 adposito
512 2566 650 2617 occurret
666 2558 820 2635 exemplo,
843 2558 985 2634 siqnidem
1002 2557 1174 2616 salsamenta
1222 2617 1223 2628 ,

174 2641 297 2697 omnium
312 2657 452 2716 generum
465 2641 494 2698 in
507 2640 591 2700 ltalia
607 2639 767 2701 Beneventi
781 2642 864 2701 retici
879 2648 1002 2700 coastat.

129 2733 166 2785 20
240 2721 325 2799 (to.)
354 2722 448 2783 Piscis
471 2727 597 2784 marinos
626 2727 656 2782 in
676 2743 729 2784 usu
754 2726 846 2784 fnisse
868 2726 999 2802 protinus
1021 2741 1038 2782 a
1063 2722 1174 2783 condita

171 2803 263 2866 Roma
277 2815 379 2865 auctor
393 2816 439 2866 est
453 2807 571 2868 Cassius
590 2807 721 2885 llemina,
743 2809 822 2867 cuius
838 2808 931 2867 verba
945 2807 981 2866 de
997 2823 1034 2864 ea
1049 2825 1086 2864 re
1101 2805 1172 2866 subi
1181 2819 1202 2861 aa

174 2889 261 2946 ciam:
284 2887 393 2950 Numa
415 2893 614 2951 coustituit
634 2901 671 2950 ut
690 2893 810 2971 piscis
831 2895 892 2969 qui
908 2891 1094 2969 squamosi
1109 2905 1173 2948 non

172 2973 621 3052 essentuipollucerent,
643 2976 1122 3054 pars'imoniaconmentue,
1141 2979 1174 3028 ut
1222 3013 1223 3020 .

172 3056 345 3114 convivia
368 3055 516 3132 publica
544 3067 578 3117 et
601 3062 746 3137 privata
776 3077 963 3137 cenaeque
990 3056 1033 3116 ad
1055 3056 1173 3134 pulvi·

171 3139 272 3197 uaria
288 3138 442 3199 iacilius
457 3145 815 3220 compararentur,ni
833 3143 891 3219 qui
909 3141 949 3200 ad
963 3139 1173 3220 polluctum
1198 3145 1201 3158 ·

172 3230 334 3281 emerent
356 3223 476 3299 pretio
496 3227 614 3284 minus
636 3235 834 3304 parcerent
850 3242 966 3303 eaque
984 3238 1202 3303 praemere

172 3312 355 3363 careatur.

127 3389 161 3442 21
231 3385 315 3464 (ll.)
339 3387 480 3459 Quantum
501 3390 576 3468 apud
598 3409 654 3452 nos
668 3391 775 3452 indicis
790 3393 954 3468 margaritis
977 3391 1103 3468 pretium
1121 3395 1171 3463 est,

128 3480 146 3520 ⁹·
156 3465 279 3527 tutanda
293 3470 356 3546 quis
368 3488 420 3530 suo
430 3472 500 3532 loco
512 3475 583 3534 satis
596 3475 728 3554 diximus,
742 3485 849 3536 tantum
861 3475 938 3555 apud
947 3475 1036 3535 lndos
1049 3473 1169 3534 curalio.
