2370 3922
724 6 727 15 '
792 30 801 63 r

145 243 186 306 68
455 251 485 298 0.
508 251 605 300 unum
627 249 775 300 succum

145 409 236 470 venda
250 410 309 468 vita
327 423 424 466 mores
442 405 562 483 absunt,
577 422 770 482 summumque
793 421 867 482 opus
886 406 1062 482 ingeniorum
1076 405 1116 466 din

145 493 202 553 iam
212 492 267 552 hoc
281 492 336 552 luit
352 497 383 548 ut
398 489 472 548 intra
490 506 718 566 unumquemque
732 497 815 548 recte
829 488 905 547 iacta
923 496 1049 548 veterum
1061 506 1115 566 per·

144 576 229 636 irent.
268 583 308 652 at,
328 572 487 648 Hercules,
511 571 624 649 singula
642 573 782 650 quosdam
806 573 924 630 inventa
944 571 1060 632 deorum
1076 591 1117 632 nu·

144 676 226 719 merc
240 657 388 732 addidere,
404 657 526 716 omnium
537 657 636 732 ntique
651 656 737 714 vitam
749 655 904 714 clariorem
914 655 1013 714 iecere
1025 673 1118 732 cogno·

145 743 267 802 minibus
284 741 454 816 herbarum,
471 746 527 798 tam
543 739 670 816 benigne
685 739 807 816 gratiam
822 739 961 801 memoria
975 739 1138 798 relerentes

119 836 206 890 anon
228 843 321 903 aeque
342 824 414 884 haec
434 841 503 884 cura
521 839 621 882 eorum
635 824 706 882 mira
722 831 768 882 est
782 824 812 881 in
826 820 871 880 luis
888 839 963 900 quae
979 831 1042 881 satu
1055 821 1121 881 blan·

145 909 261 970 diuntur
276 917 324 968 aut
338 908 405 968 cibo
420 908 557 982 invitant,
575 905 696 964 culmina
715 923 831 984 quoquo
851 907 991 965 montimn
1009 907 1084 964 invia
1100 913 1122 964 et

146 992 316 1053 solitudines
332 989 442 1050 abditas
459 992 609 1068 omnisque
625 997 721 1050 terrae
740 989 828 1048 fibras
848 992 969 1048 scrutati
998 990 1122 1048 invenero

146 1076 214 1154 quid
230 1093 362 1154 quaeque
377 1074 459 1134 radix
472 1073 613 1151 polleret,
623 1069 659 1131 ad
671 1091 745 1150 quos
762 1090 831 1132 usus
845 1071 1002 1132 herbarum
1012 1072 1060 1131 iila
1071 1091 1121 1150 per·

146 1163 288 1236 timerent,
305 1161 390 1218 etiam
413 1156 617 1236 quadripedum
637 1155 744 1234 pabulo
767 1157 873 1216 intacta
888 1157 924 1216 ad
946 1157 1049 1216 salutis
1068 1173 1146 1215 ususn

145 1250 304 1303 vertentes.
413 1270 417 1276 ·

119 1336 137 1390 t
208 1326 236 1386 2.
258 1326 318 1404 (2.)
347 1324 440 1384 llinus
462 1324 523 1399 lroc
549 1343 632 1402 quam
660 1343 712 1403 par
738 1330 801 1384 erat
825 1324 919 1384 nostri
945 1323 1125 1384 celebravere

148 1412 271 1470 omnium
288 1409 453 1468 utilitatium
463 1417 494 1468 et
504 1409 639 1468 virtutum
656 1409 845 1487 rapacissimi,
862 1408 1034 1485 primusque
1051 1416 1079 1468 et
1087 1407 1127 1466 diu

147 1493 227 1553 solus
246 1493 322 1552 idom
337 1492 389 1552 ille
405 1489 443 1552 ld.
461 1489 556 1568 Cato,
569 1495 693 1552 omnium
708 1493 846 1552 bonarum
862 1493 967 1550 artium
987 1493 1126 1568 magister,
1180 1529 1181 1556 ;

147 1578 245 1654 paucis
263 1576 408 1636 dumtaxat
425 1577 539 1652 attigit,
561 1576 648 1637 boum
668 1578 755 1636 etiam
775 1575 916 1636 medicina
939 1592 999 1634 nou
1022 1577 1124 1634 omissa.
1133 1594 1150 1634 o
1179 1577 1181 1604 ³

146 1667 214 1738 post
236 1677 301 1720 eum
323 1677 394 1718 unus
418 1657 580 1718 inlustrium
600 1661 751 1738 temptavit
768 1656 800 1718 G.
823 1657 945 1734 Valgius
973 1659 1125 1718 eruditiore

147 1751 295 1821 spectatus
311 1742 474 1821 inperfecto
490 1743 636 1802 volumine
651 1742 686 1802 ad
699 1742 795 1802 divom
808 1741 988 1818 Augustum,
1005 1741 1127 1802 inchoata
1179 1775 1181 1782 ·

148 1828 234 1888 etiarn
249 1826 431 1904 praelatione
446 1825 587 1902 religiosa
601 1835 632 1886 ut
650 1825 781 1886 omnibus
803 1825 884 1884 malis
907 1824 1040 1884 humanis
1060 1824 1126 1884 illius

146 1909 326 1988 potissimum
341 1909 480 1987 principis
497 1927 614 1988 semper
628 1909 794 1970 mederetur
808 1909 954 1968 maiestas.

117 2005 135 2058 5
209 1993 269 2070 (3.)
298 1992 395 2051 Antea
409 1991 578 2054 condiderat
589 1993 669 2052 solus
683 1992 759 2071 apud
774 2010 843 2068 nos,
860 1991 937 2069 quod
949 1991 1085 2069 equidem
1095 1993 1152 2054 inst

146 2076 270 2152 veniam,
287 2073 442 2152 Pompeius
457 2073 587 2136 Lenaeus
601 2075 698 2154 Magni
710 2075 844 2151 libertus,
859 2093 916 2152 quo
931 2077 1055 2152 primum
1069 2083 1128 2134 tem·

146 2175 221 2236 pore
237 2157 310 2217 hane
330 2159 480 2226 scientiam
501 2160 673 2220 adnostros
694 2161 868 2238 pervenisse
891 2161 986 2218 animo
1007 2157 1126 2218 adverto.

146 2259 268 2318 namque
279 2239 478 2320 Mithridates,
504 2261 650 2302 maxumus
671 2261 722 2303 sua
736 2251 834 2302 aetate
853 2259 955 2318 regum
981 2260 1070 2320 quern
1089 2241 1128 2300 de·
1178 2259 1181 2274 ⁴

147 2323 269 2384 bellavit
283 2323 457 2402 Pompeius,
473 2329 597 2386 omnium
620 2335 687 2386 ante
709 2345 742 2386 se
761 2327 927 2402 genitorum
948 2324 1128 2403 diligentissi-

146 2426 209 2467 mus
223 2409 302 2468 vitae
319 2409 411 2467 inisse
427 2412 603 2486 argumentis
627 2417 830 2488 praeterquam
850 2411 924 2469 fama
943 2409 1149 2486 intellegimus
1180 2411 1181 2422 ³

147 2493 196 2550 uui
213 2493 241 2551 ei
257 2494 453 2569 excogitatum
474 2494 582 2554 cotidie
600 2511 743 2554 venenum
758 2493 862 2553 bibere
880 2496 1078 2571 praesumptis
1091 2509 1127 2550 rc·
1180 2493 1181 2528 ³

119 2575 249 2639 dmediis
265 2583 296 2634 ut
314 2574 523 2636 consuetudine
536 2579 599 2654 ipsa
620 2578 767 2636 innoxium
787 2577 880 2636 lieret.
910 2577 1005 2654 primo
1022 2578 1127 2635 inventa
1180 2585 1181 2588 ’

146 2676 256 2736 genera
281 2659 401 2718 antidoti
426 2677 464 2718 ex
484 2659 587 2736 quihus
605 2679 690 2719 unum
713 2663 799 2720 etiam
816 2677 921 2720 nomen
941 2661 1007 2718 eius
1021 2661 1125 2719 retinet.

148 2741 227 2800 illius
241 2743 388 2802 inventurn
405 2744 573 2818 sanguinem
588 2751 699 2802 anatum
714 2743 898 2803 Ponticarvnn
919 2745 1048 2802 miscere
1068 2742 1126 2801 anti·

107 2893 109 2900 Ι
143 2823 242 2900 dotis,
262 2827 395 2901 quoniam
409 2842 524 2885 veneno
539 2827 680 2886 viverent.
715 2826 750 2886 ad
771 2826 850 2887 illum
870 2826 1059 2905 Asclepiadis
1078 2836 1148 2882 meo

147 2907 232 2967 dendi
250 2915 313 2966 arte
328 2908 398 2968 clari
411 2908 554 2968 volumina
570 2911 722 2986 conposita
738 2918 868 2986 exstant,
884 2928 948 2970 cum
964 2909 1125 2988 sollicitatus

148 3009 187 3051 ex
200 2990 272 3050 urbe
287 2989 379 3051 Roma
394 2999 552 3070 praecepta
568 3010 623 3070 pro
640 3011 673 3052 se
688 2995 825 3055 mitteret.
860 2993 940 3053 illum
953 2993 1125 3053 solummun-

147 3075 245 3134 talium
273 3075 373 3151 viginti
400 3075 509 3136 duabus
530 3075 636 3152 linguis
657 3075 784 3135 locutum
811 3085 1003 3154 certumnest,
1032 3071 1124 3136 nendo

148 3157 288 3218 subiectis
304 3159 441 3234 gentibus
456 3159 544 3218 ullum
560 3159 703 3219 hominem
718 3176 771 3237 per
793 3163 986 3238 interpretem
1009 3155 1124 3240 appella·

118 3251 208 3310 utum
228 3240 263 3301 ab
283 3259 320 3301 ec
337 3243 418 3301 annis
439 3240 503 3302 uvi
526 3243 628 3321 quibus
653 3245 794 3320 regnavit.
825 3246 850 3302 is
873 3261 946 3322 ergo
971 3245 1081 3322 reliqua
1098 3241 1158 3298 ino·

146 3327 246 3402 ingeni
272 3324 467 3401 magnitudine
492 3326 652 3386 medicinae
676 3327 864 3405 peculiariter
885 3331 1018 3388 curiosus
1043 3335 1071 3386 et
1092 3321 1121 3379 ah

148 3410 278 3468 omnibus
295 3407 454 3484 subiectis,
473 3411 520 3487 qui
536 3411 619 3470 luere
639 3427 820 3489 magnapars
841 3419 1000 3489 terrarum,
1023 3404 1121 3484 singula

148 3494 306 3574 exquirens
315 3493 449 3551 scrinium
464 3496 733 3554 commentationum
748 3495 845 3556 harum
857 3503 887 3556 et
901 3495 1075 3575 exemplaria
1087 3487 1121 3548 tl·
