2396 3900
153 245 194 306 42
493 255 524 304 c.
540 257 637 303 cornu
653 256 803 306 soccum

154 411 223 471 ctile
250 413 323 472 sicut
348 413 449 471 citrum
474 429 611 490 acerque.
646 429 701 470 nec
726 411 844 472 aliarum
870 410 973 472 tubera
994 411 1023 470 iu
1045 409 1148 488 pretio.

153 494 248 555 bledla
266 514 334 574 pars
350 495 484 555 arborum
500 497 639 574 crispior,
663 505 692 556 et
708 513 766 575 quo
781 496 902 574 propior
922 493 1014 555 radici
1035 493 1150 553 minori·

108 580 225 644 abibam
240 581 390 658 magisque
405 579 549 640 flexilibus
565 580 695 641 maculis.
721 578 802 640 llaec
816 582 907 659 prima
922 580 1005 657 origo
1018 577 1151 638 luxuriae

154 663 298 739 arborum,
315 663 371 724 alia
383 665 472 741 integi
484 673 513 724 et
527 664 647 724 viliores
662 665 733 742 ligni
747 665 938 744 pretiosiores
955 663 1066 724 cortice
1077 661 1150 721 lieri.

152 757 183 808 ut
198 765 254 807 una
269 748 357 808 arbor
373 751 493 827 saepius
503 749 631 824 veniret,
654 751 837 827 excogitatae
852 758 916 808 suot
939 758 968 808 et
983 747 1055 824 ligni
1073 746 1171 806 brat-s

152 841 228 892 teae.
262 850 318 892 nec
338 835 419 893 satis.
452 850 581 912 coepere
603 835 693 911 tingui
713 833 873 894 animalium
897 849 1021 907 cornua,
1046 831 1150 891 dentes

108 917 266 982 233secari
277 917 443 996 lignumque
451 917 542 978 ebore
549 917 693 996 distingui,
702 935 770 978 mox
782 917 900 996 operiri.
923 917 1032 996 placuit
1043 915 1151 977 deinde

152 1002 301 1062 materiem
318 1011 348 1061 et
362 1003 391 1060 in
405 1004 476 1062 mari
491 1003 602 1082 quaeri.
634 1002 749 1064 testudo
764 1003 793 1061 io
809 1002 866 1062 hoc
884 1010 975 1065 secta.
997 1011 1149 1079 nuperque

152 1087 332 1164 portentosis
347 1087 469 1162 ingeniis
480 1087 643 1166 principatu
656 1085 781 1148 Neronis
793 1087 938 1147 inventum
951 1094 982 1144 ut
994 1085 1150 1164 pigmentis

152 1169 293 1248 perderet
308 1189 341 1230 se
360 1171 508 1249 plurisque
524 1172 637 1231 veniret
652 1172 759 1231 imitata
777 1171 893 1248 lignum.
920 1171 962 1230 sic
979 1170 1064 1229 lectis
1081 1187 1148 1247 pre·
1159 1186 1179 1226 rc

151 1255 191 1313 tia
206 1264 396 1332 quaeruntur,
415 1256 458 1314 sic
475 1254 667 1314 terebinthum
681 1256 756 1315 vinci
771 1254 888 1330 iubent,
905 1255 947 1314 sic
964 1255 1065 1314 citrum
1081 1271 1148 1332 pre·

151 1339 254 1398 tiosius
267 1338 340 1414 lieri,
354 1340 397 1398 sic
409 1357 478 1399 acer
490 1338 595 1417 decipi.
617 1339 702 1398 modo
715 1338 826 1400 luxuria
838 1356 895 1399 non
906 1339 1000 1400 iuerat
1013 1346 1149 1398 contenta

153 1421 244 1498 ligno,
261 1423 317 1483 iam
331 1423 438 1500 lignum
454 1425 528 1484 enim
543 1441 560 1483 e
575 1423 719 1484 testudine
733 1423 811 1483 iacit.

108 1514 162 1568 234
225 1507 275 1567 44.
296 1506 379 1586 (85.)
402 1507 466 1568 Vita
480 1507 613 1568 arborum
626 1508 801 1585 quarundam
812 1508 939 1567 inmensa
948 1506 1147 1584 credipotest,
1197 1546 1198 1553 κ

154 1591 178 1651 si
195 1592 258 1670 quis
276 1590 418 1670 profunda
436 1592 531 1652 mundi
554 1600 583 1651 et
605 1593 695 1652 saltus
710 1594 880 1652 inaccessos
896 1591 1015 1668 cogitat.
1048 1607 1196 1651 remmus

154 1693 191 1734 ex
212 1674 257 1734 bis
279 1694 351 1755 quas
368 1677 506 1737 memoria
524 1675 667 1736 hominum
684 1676 809 1737 custodit
833 1676 933 1736 durant
954 1675 982 1734 in
1002 1673 1148 1734 Liternino
1196 1743 1197 1746 Ἴ

152 1759 282 1820 Africani
294 1761 400 1839 prioris
420 1779 503 1820 manu
517 1769 598 1820 satae
615 1760 727 1840 olivae,
748 1762 815 1820 item
831 1768 941 1835 myrtus
959 1759 1064 1819 eodem
1081 1758 1149 1819 loco
1183 1805 1197 1830 „

153 1845 330 1922 conspicuae
345 1843 556 1921 magnitudinis.
591 1844 691 1904 subest
714 1862 822 1923 specus
844 1845 871 1902 in
895 1861 952 1923 quo
972 1843 1064 1902 mauis
1085 1843 1149 1902 eins
1196 1893 1197 1896 ,

109 1934 160 1988 235
173 1927 319 1988 custodire
334 1928 422 1988 draco
435 1928 563 1989 traditor.
588 1927 698 1989 Romae
710 1947 781 1989 vero
794 1929 871 1988 lotos
883 1931 913 1989 in
927 1927 1052 1988 Lucinae
1067 1944 1147 2001 area,
1196 1968 1197 1972 ,

152 2027 226 2070 anno
244 2013 291 2088 qui
307 2010 359 2071 luit
380 2012 442 2072 sine
458 2012 670 2090 magistratibus
687 2025 869 2074 ccccxxlx.
895 2011 974 2072 urbis
989 2011 1063 2072 aede
1080 2028 1178 2070 con-ro

152 2094 228 2170 dita,
258 2096 396 2154 incertum
422 2097 485 2175 ipsa
505 2105 610 2175 quanto
639 2099 791 2158 vetustior.
834 2115 902 2156 esse
926 2094 1043 2174 quidem
1066 2103 1148 2154 vetu-

150 2179 270 2238 stiorem
285 2189 401 2239 nonest
416 2179 546 2255 dubium,
566 2198 630 2240 cum
650 2181 686 2240 ab
710 2199 747 2240 co
769 2181 836 2242 luco
850 2181 955 2240 Lucina
975 2181 1147 2240 nominetur.

150 2261 226 2321 baec
242 2281 317 2322 nuuc
335 2264 451 2324 circiter
466 2281 567 2324 annum
583 2277 700 2325 cccco.
717 2264 814 2325 habet.
844 2265 988 2343 antiquior
1008 2273 1071 2340 est,
1096 2260 1147 2322 ssd

151 2346 261 2406 incerta
279 2349 341 2408 eius
356 2358 446 2428 aetas,
463 2366 538 2427 quae
557 2349 691 2425 capillata
708 2349 822 2424 dicitur,
838 2351 971 2428 quoniam
987 2347 1147 2408 Vestalium

151 2430 292 2507 virginum
308 2432 430 2510 capillus
444 2432 479 2492 ad
495 2449 558 2491 eam
574 2432 713 2494 delentur.
1154 2447 1177 2488 ²⁵

108 2521 160 2577 236
225 2513 308 2594 (86.)
329 2516 437 2575 Verum
457 2515 549 2576 altera
569 2515 646 2575 lotos
669 2517 697 2575 in
718 2516 885 2592 volcanali,
912 2515 989 2595 quod
1006 2515 1145 2576 Romulus

151 2601 299 2658 constituit
314 2618 352 2658 ex
368 2601 490 2659 victoria
505 2600 542 2659 de
558 2599 698 2676 decumis,
712 2619 861 2680 aequaeva
877 2600 942 2661 urbi
955 2601 1144 2678 intellegitur,

150 2690 180 2740 ut
204 2691 305 2742 auctor
324 2692 370 2743 est
389 2682 539 2744 Masurius.
569 2684 685 2744 radices
705 2686 768 2744 eius
788 2686 817 2744 in
837 2687 930 2745 forum
954 2702 1048 2763 usque
1073 2681 1144 2744 Gae-

149 2766 225 2824 saris
250 2785 304 2844 per
331 2769 470 2827 stationes
496 2768 713 2846 municipiorum
737 2777 899 2847 penetrant.
939 2769 992 2828 luit
1019 2786 1084 2828 cum
1111 2785 1145 2826 ea

149 2866 308 2927 cupressus
324 2851 453 2929 aequalis
470 2851 547 2911 circa
562 2868 697 2929 suprema
711 2851 836 2912 Neronis
851 2854 991 2932 principis
1007 2853 1178 2932 prolapsam

151 2941 237 3010 atque
253 2935 398 3011 neglecta.
443 2994 445 2999 .

108 3024 159 3080 cat
224 3016 308 3096 (87.)
337 3019 486 3080 Vetustior
512 3029 606 3080 autem
633 3021 704 3080 urbe
729 3021 758 3080 in
782 3020 923 3082 Vaticano
948 3021 1010 3080 ilex
1035 3023 1063 3081 in
1090 3037 1144 3098 qua

151 3101 249 3161 titulus
269 3105 364 3163 aereis
386 3103 489 3164 litteris
515 3103 646 3164 Etruscis
673 3103 816 3182 religione
843 3105 977 3165 arborem
1007 3106 1062 3170 iam
1088 3113 1142 3163 tum

151 3186 265 3264 dignam
288 3187 379 3247 luisse
401 3188 552 3266 significat.
597 3187 732 3248 Tiburtes
756 3207 872 3269 quoque
894 3191 1036 3266 originem
1056 3188 1142 3248 multo

150 3281 216 3330 anto
228 3271 328 3332 urbem
340 3271 458 3332 Romam
469 3271 585 3332 babent.
612 3271 688 3349 apud
700 3290 753 3333 eos
766 3283 879 3334 exstant
891 3273 976 3334 ilices
987 3283 1048 3334 tres
1061 3274 1179 3333 etiamas

151 3354 277 3416 Tiburno
293 3355 442 3416 conditore
459 3373 558 3416 eorum
572 3358 762 3430 vetustiores,
780 3358 855 3436 apud
873 3376 943 3436 quas
959 3357 1142 3434 inauguratus

149 3438 278 3500 traditur.
302 3441 394 3500 fuisse
409 3449 503 3500 autem
519 3459 582 3500 cum
597 3441 709 3500 tradunt
727 3440 812 3502 lilium
828 3441 994 3520 Amphiarai
1007 3442 1054 3520 qui
1070 3437 1145 3518 apud

149 3520 266 3582 'lbebas
281 3524 384 3585 obierit
400 3542 453 3585 una
472 3533 567 3585 aetate
584 3532 649 3584 ante
666 3525 782 3586 lliaoum
798 3525 916 3588 bellum.

522 3819 648 3898 'N
