<?xml version="1.0" encoding="UTF-8"?>
<!DOCTYPE html PUBLIC "-//W3C//DTD XHTML 1.0 Transitional//EN"
    "http://www.w3.org/TR/xhtml1/DTD/xhtml1-transitional.dtd">
<html xmlns="http://www.w3.org/1999/xhtml" xml:lang="en" lang="en">
 <head>
  <title>
</title>
<meta http-equiv="Content-Type" content="text/html;charset=utf-8" />
  <meta name='ocr-system' content='tesseract 3.04.00' />
  <meta name='ocr-capabilities' content='ocr_page ocr_carea ocr_par ocr_line ocrx_word'/>
</head>
<body>
  <div class='ocr_page' id='page_1' title='image "./naturalishistor00plingoog/naturalishistor00plingoog_0618.png"; bbox 0 0 2508 3924; ppageno 0'>
   <div class='ocr_carea' id='block_1_1' title="bbox 192 209 825 280">
    <p class='ocr_par' dir='ltr' id='par_1_1' title="bbox 192 209 825 280">
     <span class='ocr_line' id='line_1_1' title="bbox 192 209 825 280; baseline -0.003 -4"><span class='ocrx_word' id='word_1_1' title='bbox 192 215 254 280; x_wconf 81' lang='lat'><strong>206</strong></span> <span class='ocrx_word' id='word_1_2' title='bbox 521 209 825 278; x_wconf 72' lang='lat' dir='ltr'><strong>commemoraui</strong></span> 
     </span>
    </p>
   </div>
   <div class='ocr_carea' id='block_1_2' title="bbox 433 578 1044 680">
    <p class='ocr_par' dir='ltr' id='par_1_2' title="bbox 433 578 1044 680">
     <span class='ocr_line' id='line_1_2' title="bbox 433 578 1044 680; baseline -0.002 -2"><span class='ocrx_word' id='word_1_3' title='bbox 433 595 636 680; x_wconf 78' lang='lat' dir='ltr'><strong>dl‘llll</strong></span> <span class='ocrx_word' id='word_1_4' title='bbox 667 583 893 680; x_wconf 77' lang='lat' dir='ltr'><strong>blbdlnl</strong></span> <span class='ocrx_word' id='word_1_5' title='bbox 991 578 994 582; x_wconf 46' lang='grc'><strong>’</strong></span> <span class='ocrx_word' id='word_1_6' title='bbox 1039 655 1044 677; x_wconf 81' lang='grc'><em>,</em></span> 
     </span>
    </p>
   </div>
   <div class='ocr_carea' id='block_1_3' title="bbox 256 763 1068 1009">
    <p class='ocr_par' dir='ltr' id='par_1_3' title="bbox 256 763 1068 1009">
     <span class='ocr_line' id='line_1_3' title="bbox 256 763 1068 860; baseline -0.001 -1"><span class='ocrx_word' id='word_1_7' title='bbox 256 763 1068 860; x_wconf 81' lang='lat' dir='ltr'><strong>lnltlnlllllllltltlnl</strong></span> 
     </span>
     <span class='ocr_line' id='line_1_4' title="bbox 499 943 849 1009; baseline 0 -1"><span class='ocrx_word' id='word_1_8' title='bbox 499 943 849 1009; x_wconf 74' lang='lat' dir='ltr'><strong>unumunurn.</strong></span> 
     </span>
    </p>
   </div>
   <div class='ocr_carea' id='block_1_4' title="bbox 584 1115 733 1126">
    <p class='ocr_par' dir='ltr' id='par_1_4' title="bbox 584 1115 733 1126">
     <span class='ocr_line' id='line_1_5' title="bbox 584 1115 733 1126; baseline 0 0"><span class='ocrx_word' id='word_1_9' title='bbox 584 1115 733 1126; x_wconf 70' lang='lat' dir='ltr'><strong>——uu</strong></span> 
     </span>
    </p>
   </div>
   <div class='ocr_carea' id='block_1_5' title="bbox 160 1210 1193 2376">
    <p class='ocr_par' dir='ltr' id='par_1_5' title="bbox 166 1210 1190 1626">
     <span class='ocr_line' id='line_1_6' title="bbox 166 1210 1164 1294; baseline -0.011 -14"><span class='ocrx_word' id='word_1_10' title='bbox 166 1229 181 1280; x_wconf 94' lang='lat' dir='ltr'><strong>l</strong></span> <span class='ocrx_word' id='word_1_11' title='bbox 251 1214 322 1294; x_wconf 81' lang='lat' dir='ltr'><strong>Gap.</strong></span> <span class='ocrx_word' id='word_1_12' title='bbox 335 1217 360 1274; x_wconf 91' lang='lat' dir='ltr'><strong>l.</strong></span> <span class='ocrx_word' id='word_1_13' title='bbox 373 1215 468 1293; x_wconf 83' lang='lat' dir='ltr'><strong>(Sect.</strong></span> <span class='ocrx_word' id='word_1_14' title='bbox 479 1215 523 1293; x_wconf 88' lang='lat'><strong>1.)</strong></span> <span class='ocrx_word' id='word_1_15' title='bbox 538 1213 665 1273; x_wconf 75' lang='lat' dir='ltr'><strong>Naturae</strong></span> <span class='ocrx_word' id='word_1_16' title='bbox 677 1213 960 1290; x_wconf 82' lang='lat' dir='ltr'><strong>remediornmatque</strong></span> <span class='ocrx_word' id='word_1_17' title='bbox 971 1210 1118 1272; x_wconf 92' lang='lat' dir='ltr'><strong>multitudo</strong></span> <span class='ocrx_word' id='word_1_18' title='bbox 1129 1211 1164 1269; x_wconf 94' lang='lat' dir='ltr'><strong>iu·</strong></span> 
     </span>
     <span class='ocr_line' id='line_1_7' title="bbox 191 1296 1167 1376; baseline -0.005 -17"><span class='ocrx_word' id='word_1_19' title='bbox 191 1302 322 1359; x_wconf 76' lang='lat' dir='ltr'><strong>amatium</strong></span> <span class='ocrx_word' id='word_1_20' title='bbox 337 1315 371 1358; x_wconf 87' lang='lat' dir='ltr'><strong>ac</strong></span> <span class='ocrx_word' id='word_1_21' title='bbox 388 1306 611 1376; x_wconf 86' lang='lat' dir='ltr'><strong>praeceptorum</strong></span> <span class='ocrx_word' id='word_1_22' title='bbox 626 1296 709 1374; x_wconf 90' lang='lat' dir='ltr'><strong>plura</strong></span> <span class='ocrx_word' id='word_1_23' title='bbox 726 1298 761 1357; x_wconf 89' lang='lat' dir='ltr'><strong>dc</strong></span> <span class='ocrx_word' id='word_1_24' title='bbox 776 1300 839 1375; x_wconf 88' lang='lat' dir='ltr'><strong>ipsa</strong></span> <span class='ocrx_word' id='word_1_25' title='bbox 850 1296 980 1355; x_wconf 87' lang='lat' dir='ltr'><strong>medendi</strong></span> <span class='ocrx_word' id='word_1_26' title='bbox 995 1304 1058 1356; x_wconf 88' lang='lat' dir='ltr'><strong>arte</strong></span> <span class='ocrx_word' id='word_1_27' title='bbox 1070 1303 1167 1372; x_wconf 81' lang='lat' dir='ltr'><strong>cogunt</strong></span> 
     </span>
     <span class='ocr_line' id='line_1_8' title="bbox 191 1379 1166 1461; baseline -0.006 -19"><span class='ocrx_word' id='word_1_28' title='bbox 191 1383 290 1442; x_wconf 88' lang='lat' dir='ltr'><strong>dicere</strong></span> <span class='ocrx_word' id='word_1_29' title='bbox 305 1397 473 1461; x_wconf 79' lang='lat' dir='ltr'><strong>quamquam</strong></span> <span class='ocrx_word' id='word_1_30' title='bbox 487 1399 545 1440; x_wconf 94' lang='lat' dir='ltr'><strong>non</strong></span> <span class='ocrx_word' id='word_1_31' title='bbox 556 1381 674 1456; x_wconf 82' lang='lat' dir='ltr'><strong>ignaros</strong></span> <span class='ocrx_word' id='word_1_32' title='bbox 684 1381 754 1440; x_wconf 92' lang='lat' dir='ltr'><strong>nulli</strong></span> <span class='ocrx_word' id='word_1_33' title='bbox 765 1391 830 1440; x_wconf 87' lang='lat' dir='ltr'><strong>ante</strong></span> <span class='ocrx_word' id='word_1_34' title='bbox 842 1379 915 1440; x_wconf 87' lang='lat' dir='ltr'><strong>baec</strong></span> <span class='ocrx_word' id='word_1_35' title='bbox 925 1379 1028 1440; x_wconf 88' lang='lat' dir='ltr'><strong>Latino</strong></span> <span class='ocrx_word' id='word_1_36' title='bbox 1044 1395 1166 1438; x_wconf 78' lang='lat' dir='ltr'>sermone</span> 
     </span>
     <span class='ocr_line' id='line_1_9' title="bbox 192 1463 1167 1542; baseline -0.007 -16"><span class='ocrx_word' id='word_1_37' title='bbox 192 1465 305 1526; x_wconf 88' lang='lat' dir='ltr'><strong>condita</strong></span> <span class='ocrx_word' id='word_1_38' title='bbox 319 1481 486 1542; x_wconf 73' lang='lat' dir='ltr'><strong>ancepsque</strong></span> <span class='ocrx_word' id='word_1_39' title='bbox 502 1463 642 1522; x_wconf 88' lang='lat' dir='ltr'><strong>lubricum</strong></span> <span class='ocrx_word' id='word_1_40' title='bbox 659 1481 725 1523; x_wconf 85' lang='lat' dir='ltr'><strong>esse</strong></span> <span class='ocrx_word' id='word_1_41' title='bbox 743 1482 837 1523; x_wconf 86' lang='lat' dir='ltr'><strong>renum</strong></span> <span class='ocrx_word' id='word_1_42' title='bbox 853 1465 974 1522; x_wconf 91' lang='lat' dir='ltr'><strong>omnium</strong></span> <span class='ocrx_word' id='word_1_43' title='bbox 994 1481 1130 1522; x_wconf 85' lang='lat' dir='ltr'><strong>novarum</strong></span> <span class='ocrx_word' id='word_1_44' title='bbox 1142 1469 1167 1520; x_wconf 85' lang='lat' dir='ltr'><strong>ct</strong></span> 
     </span>
     <span class='ocr_line' id='line_1_10' title="bbox 191 1546 1190 1626; baseline -0.01 -17"><span class='ocrx_word' id='word_1_45' title='bbox 191 1549 288 1609; x_wconf 87' lang='lat' dir='ltr'><strong>taliunn</strong></span> <span class='ocrx_word' id='word_1_46' title='bbox 309 1551 405 1626; x_wconf 83' lang='lat' dir='ltr'><strong>utiquo</strong></span> <span class='ocrx_word' id='word_1_47' title='bbox 424 1557 480 1606; x_wconf 87' lang='lat' dir='ltr'><strong>tarn</strong></span> <span class='ocrx_word' id='word_1_48' title='bbox 503 1546 610 1606; x_wconf 86' lang='lat' dir='ltr'><strong>sterilis</strong></span> <span class='ocrx_word' id='word_1_49' title='bbox 636 1549 746 1622; x_wconf 82' lang='lat' dir='ltr'><strong>gratiae</strong></span> <span class='ocrx_word' id='word_1_50' title='bbox 768 1557 921 1624; x_wconf 74' lang='lat' dir='ltr'><strong>tantaeque</strong></span> <span class='ocrx_word' id='word_1_51' title='bbox 945 1547 1119 1607; x_wconf 84' lang='lat' dir='ltr'><strong>difficultatis</strong></span> <span class='ocrx_word' id='word_1_52' title='bbox 1142 1547 1190 1603; x_wconf 83' lang='lat' dir='ltr'><strong>iun</strong></span> 
     </span>
    </p>

    <p class='ocr_par' dir='ltr' id='par_1_6' title="bbox 160 1630 1193 2125">
     <span class='ocr_line' id='line_1_11' title="bbox 160 1630 1166 1712; baseline -0.01 -16"><span class='ocrx_word' id='word_1_53' title='bbox 160 1631 359 1712; x_wconf 63' lang='lat' dir='ltr'><strong>apromendo.</strong></span> <span class='ocrx_word' id='word_1_54' title='bbox 400 1630 453 1692; x_wconf 89' lang='lat' dir='ltr'><strong>sed</strong></span> <span class='ocrx_word' id='word_1_55' title='bbox 480 1632 610 1708; x_wconf 86' lang='lat' dir='ltr'><strong>qnoniam</strong></span> <span class='ocrx_word' id='word_1_56' title='bbox 633 1646 786 1690; x_wconf 88' lang='lat' dir='ltr'><strong>occurrere</strong></span> <span class='ocrx_word' id='word_1_57' title='bbox 808 1630 964 1690; x_wconf 83' lang='lat' dir='ltr'><strong>verisimile</strong></span> <span class='ocrx_word' id='word_1_58' title='bbox 986 1639 1034 1690; x_wconf 89' lang='lat' dir='ltr'><strong>est</strong></span> <span class='ocrx_word' id='word_1_59' title='bbox 1055 1631 1166 1690; x_wconf 89' lang='lat' dir='ltr'><strong>omniun</strong></span> 
     </span>
     <span class='ocr_line' id='line_1_12' title="bbox 192 1713 1165 1794; baseline -0.005 -20"><span class='ocrx_word' id='word_1_60' title='bbox 192 1717 239 1794; x_wconf 83' lang='lat' dir='ltr'><strong>qui</strong></span> <span class='ocrx_word' id='word_1_61' title='bbox 254 1717 328 1776; x_wconf 88' lang='lat' dir='ltr'><strong>baec</strong></span> <span class='ocrx_word' id='word_1_62' title='bbox 345 1722 468 1776; x_wconf 87' lang='lat' dir='ltr'><strong>noscunt</strong></span> <span class='ocrx_word' id='word_1_63' title='bbox 487 1714 665 1790; x_wconf 79' lang='lat' dir='ltr'><strong>cogitationi,</strong></span> <span class='ocrx_word' id='word_1_64' title='bbox 682 1731 803 1791; x_wconf 88' lang='lat' dir='ltr'><strong>quonam</strong></span> <span class='ocrx_word' id='word_1_65' title='bbox 826 1715 913 1773; x_wconf 91' lang='lat' dir='ltr'><strong>modo</strong></span> <span class='ocrx_word' id='word_1_66' title='bbox 936 1715 1120 1773; x_wconf 80' lang='lat' dir='ltr'><strong>exoleverint</strong></span> <span class='ocrx_word' id='word_1_67' title='bbox 1142 1713 1165 1768; x_wconf 93' lang='lat' dir='ltr'><strong>in</strong></span> 
     </span>
     <span class='ocr_line' id='line_1_13' title="bbox 189 1795 1164 1876; baseline -0.007 -18"><span class='ocrx_word' id='word_1_68' title='bbox 189 1799 330 1860; x_wconf 89' lang='lat' dir='ltr'><strong>medicina</strong></span> <span class='ocrx_word' id='word_1_69' title='bbox 352 1816 387 1858; x_wconf 88' lang='lat' dir='ltr'><strong>ea</strong></span> <span class='ocrx_word' id='word_1_70' title='bbox 411 1815 485 1876; x_wconf 81' lang='lat' dir='ltr'><strong>quae</strong></span> <span class='ocrx_word' id='word_1_71' title='bbox 508 1797 564 1857; x_wconf 88' lang='lat' dir='ltr'><strong>iam</strong></span> <span class='ocrx_word' id='word_1_72' title='bbox 586 1804 686 1874; x_wconf 89' lang='lat' dir='ltr'><strong>parata</strong></span> <span class='ocrx_word' id='word_1_73' title='bbox 706 1807 791 1875; x_wconf 88' lang='lat' dir='ltr'><strong>atque</strong></span> <span class='ocrx_word' id='word_1_74' title='bbox 813 1799 985 1874; x_wconf 84' lang='lat' dir='ltr'><strong>pertinentia</strong></span> <span class='ocrx_word' id='word_1_75' title='bbox 1009 1805 1105 1871; x_wconf 89' lang='lat' dir='ltr'><strong>erant,</strong></span> <span class='ocrx_word' id='word_1_76' title='bbox 1124 1795 1164 1853; x_wconf 92' lang='lat' dir='ltr'><strong>mi·</strong></span> 
     </span>
     <span class='ocr_line' id='line_1_14' title="bbox 189 1879 1164 1961; baseline -0.005 -19"><span class='ocrx_word' id='word_1_77' title='bbox 189 1901 308 1961; x_wconf 86' lang='lat' dir='ltr'><strong>rumque</strong></span> <span class='ocrx_word' id='word_1_78' title='bbox 329 1891 359 1942; x_wconf 89' lang='lat' dir='ltr'><strong>et</strong></span> <span class='ocrx_word' id='word_1_79' title='bbox 379 1881 523 1957; x_wconf 85' lang='lat' dir='ltr'><strong>indignum</strong></span> <span class='ocrx_word' id='word_1_80' title='bbox 540 1881 668 1958; x_wconf 88' lang='lat' dir='ltr'><strong>protinus</strong></span> <span class='ocrx_word' id='word_1_81' title='bbox 684 1879 759 1939; x_wconf 81' lang='lat' dir='ltr'><strong>subit</strong></span> <span class='ocrx_word' id='word_1_82' title='bbox 777 1880 882 1940; x_wconf 90' lang='lat' dir='ltr'><strong>unllam</strong></span> <span class='ocrx_word' id='word_1_83' title='bbox 898 1882 1000 1940; x_wconf 87' lang='lat' dir='ltr'><strong>artium</strong></span> <span class='ocrx_word' id='word_1_84' title='bbox 1014 1881 1164 1939; x_wconf 88' lang='lat' dir='ltr'><strong>inconstau·</strong></span> 
     </span>
     <span class='ocr_line' id='line_1_15' title="bbox 188 1962 1193 2040; baseline -0.006 -14"><span class='ocrx_word' id='word_1_85' title='bbox 188 1967 292 2026; x_wconf 86' lang='lat' dir='ltr'><strong>tionem</strong></span> <span class='ocrx_word' id='word_1_86' title='bbox 309 1964 399 2023; x_wconf 87' lang='lat' dir='ltr'><strong>luisse</strong></span> <span class='ocrx_word' id='word_1_87' title='bbox 417 1972 465 2024; x_wconf 87' lang='lat' dir='ltr'><strong>ant</strong></span> <span class='ocrx_word' id='word_1_88' title='bbox 479 1964 639 2023; x_wconf 81' lang='lat' dir='ltr'><strong>etiamnunc</strong></span> <span class='ocrx_word' id='word_1_89' title='bbox 654 1965 769 2040; x_wconf 88' lang='lat' dir='ltr'><strong>saepius</strong></span> <span class='ocrx_word' id='word_1_90' title='bbox 788 1964 899 2038; x_wconf 88' lang='lat' dir='ltr'><strong>motari,</strong></span> <span class='ocrx_word' id='word_1_91' title='bbox 916 1981 981 2023; x_wconf 88' lang='lat' dir='ltr'><strong>cnon</strong></span> <span class='ocrx_word' id='word_1_92' title='bbox 998 1966 1037 2022; x_wconf 90' lang='lat' dir='ltr'><strong>sit</strong></span> <span class='ocrx_word' id='word_1_93' title='bbox 1049 1962 1193 2021; x_wconf 78' lang='lat' dir='ltr'><strong>froeno-ao</strong></span> 
     </span>
     <span class='ocr_line' id='line_1_16' title="bbox 189 2044 1166 2125; baseline -0.006 -17"><span class='ocrx_word' id='word_1_94' title='bbox 189 2051 250 2109; x_wconf 92' lang='lat' dir='ltr'><strong>sior</strong></span> <span class='ocrx_word' id='word_1_95' title='bbox 270 2048 361 2124; x_wconf 88' lang='lat' dir='ltr'><strong>nulla,</strong></span> <span class='ocrx_word' id='word_1_96' title='bbox 381 2046 426 2107; x_wconf 90' lang='lat' dir='ltr'><strong>dis</strong></span> <span class='ocrx_word' id='word_1_97' title='bbox 443 2047 563 2125; x_wconf 87' lang='lat' dir='ltr'><strong>primum</strong></span> <span class='ocrx_word' id='word_1_98' title='bbox 580 2048 747 2106; x_wconf 82' lang='lat' dir='ltr'><strong>inventores</strong></span> <span class='ocrx_word' id='word_1_99' title='bbox 766 2064 834 2106; x_wconf 86' lang='lat' dir='ltr'><strong>euos</strong></span> <span class='ocrx_word' id='word_1_100' title='bbox 856 2047 1020 2124; x_wconf 84' lang='lat' dir='ltr'><strong>adsignavit</strong></span> <span class='ocrx_word' id='word_1_101' title='bbox 1042 2053 1073 2105; x_wconf 90' lang='lat' dir='ltr'><strong>et</strong></span> <span class='ocrx_word' id='word_1_102' title='bbox 1093 2044 1166 2104; x_wconf 83' lang='lat' dir='ltr'><strong>caelo</strong></span> 
     </span>
    </p>

    <p class='ocr_par' dir='ltr' id='par_1_7' title="bbox 165 2127 1169 2376">
     <span class='ocr_line' id='line_1_17' title="bbox 165 2127 1166 2196; baseline -0.012 0"><span class='ocrx_word' id='word_1_103' title='bbox 165 2131 309 2196; x_wconf 84' lang='lat' dir='ltr'><strong>3dicavit.</strong></span> <span class='ocrx_word' id='word_1_104' title='bbox 346 2145 483 2190; x_wconf 89' lang='lat' dir='ltr'><strong>necnon</strong></span> <span class='ocrx_word' id='word_1_105' title='bbox 511 2140 540 2189; x_wconf 87' lang='lat' dir='ltr'><strong>et</strong></span> <span class='ocrx_word' id='word_1_106' title='bbox 559 2129 645 2189; x_wconf 90' lang='lat' dir='ltr'><strong>bodie</strong></span> <span class='ocrx_word' id='word_1_107' title='bbox 671 2131 851 2190; x_wconf 82' lang='lat' dir='ltr'><strong>multifariam</strong></span> <span class='ocrx_word' id='word_1_108' title='bbox 880 2131 916 2190; x_wconf 88' lang='lat' dir='ltr'><strong>ab</strong></span> <span class='ocrx_word' id='word_1_109' title='bbox 939 2129 1069 2190; x_wconf 87' lang='lat' dir='ltr'><strong>oraculis</strong></span> <span class='ocrx_word' id='word_1_110' title='bbox 1089 2127 1166 2186; x_wconf 87' lang='lat' dir='ltr'><strong>medi·</strong></span> 
     </span>
     <span class='ocr_line' id='line_1_18' title="bbox 190 2210 1167 2290; baseline -0.005 -16"><span class='ocrx_word' id='word_1_111' title='bbox 190 2216 253 2274; x_wconf 89' lang='lat' dir='ltr'><strong>cina</strong></span> <span class='ocrx_word' id='word_1_112' title='bbox 274 2215 389 2290; x_wconf 91' lang='lat' dir='ltr'><strong>petitur.</strong></span> <span class='ocrx_word' id='word_1_113' title='bbox 423 2215 501 2272; x_wconf 81' lang='lat' dir='ltr'><strong>anxit</strong></span> <span class='ocrx_word' id='word_1_114' title='bbox 526 2212 627 2272; x_wconf 91' lang='lat' dir='ltr'><strong>deinde</strong></span> <span class='ocrx_word' id='word_1_115' title='bbox 647 2213 750 2273; x_wconf 81' lang='lat' dir='ltr'><strong>lamam</strong></span> <span class='ocrx_word' id='word_1_116' title='bbox 769 2214 852 2272; x_wconf 87' lang='lat' dir='ltr'><strong>etiarn</strong></span> <span class='ocrx_word' id='word_1_117' title='bbox 872 2215 991 2272; x_wconf 88' lang='lat' dir='ltr'><strong>erimine</strong></span> <span class='ocrx_word' id='word_1_118' title='bbox 1011 2215 1099 2272; x_wconf 90' lang='lat' dir='ltr'><strong>ictum</strong></span> <span class='ocrx_word' id='word_1_119' title='bbox 1120 2210 1167 2270; x_wconf 87' lang='lat' dir='ltr'><strong>lul·</strong></span> 
     </span>
     <span class='ocr_line' id='line_1_19' title="bbox 188 2295 1169 2376; baseline -0.005 -20"><span class='ocrx_word' id='word_1_120' title='bbox 188 2299 264 2356; x_wconf 90' lang='lat' dir='ltr'><strong>mine</strong></span> <span class='ocrx_word' id='word_1_121' title='bbox 276 2295 479 2376; x_wconf 79' lang='lat' dir='ltr'><strong>Aesculapium</strong></span> <span class='ocrx_word' id='word_1_122' title='bbox 490 2296 626 2371; x_wconf 81' lang='lat' dir='ltr'><strong>fabulata,</strong></span> <span class='ocrx_word' id='word_1_123' title='bbox 642 2299 775 2373; x_wconf 81' lang='lat' dir='ltr'><strong>qnoniam</strong></span> <span class='ocrx_word' id='word_1_124' title='bbox 786 2296 965 2371; x_wconf 75' lang='lat' dir='ltr'><strong>Tyndareum</strong></span> <span class='ocrx_word' id='word_1_125' title='bbox 975 2297 1169 2355; x_wconf 75' lang='lat' dir='ltr'><strong>revocavisset</strong></span> 
     </span>
    </p>
   </div>
   <div class='ocr_carea' id='block_1_6' title="bbox 80 2379 1192 2455">
    <p class='ocr_par' dir='ltr' id='par_1_8' title="bbox 80 2379 1192 2455">
     <span class='ocr_line' id='line_1_20' title="bbox 80 2379 1192 2455; baseline -0.006 -13"><span class='ocrx_word' id='word_1_126' title='bbox 80 2389 83 2396; x_wconf 88' lang='grc'><strong>“</strong></span> <span class='ocrx_word' id='word_1_127' title='bbox 189 2380 225 2441; x_wconf 88' lang='lat' dir='ltr'><strong>ad</strong></span> <span class='ocrx_word' id='word_1_128' title='bbox 240 2381 334 2440; x_wconf 81' lang='lat' dir='ltr'><strong>vitam.</strong></span> <span class='ocrx_word' id='word_1_129' title='bbox 363 2397 418 2440; x_wconf 93' lang='lat' dir='ltr'><strong>nec</strong></span> <span class='ocrx_word' id='word_1_130' title='bbox 432 2389 526 2440; x_wconf 90' lang='lat' dir='ltr'><strong>tamen</strong></span> <span class='ocrx_word' id='word_1_131' title='bbox 547 2381 674 2439; x_wconf 84' lang='lat' dir='ltr'><strong>cessavit</strong></span> <span class='ocrx_word' id='word_1_132' title='bbox 693 2397 809 2440; x_wconf 86' lang='lat' dir='ltr'><strong>narrare</strong></span> <span class='ocrx_word' id='word_1_133' title='bbox 830 2379 902 2439; x_wconf 85' lang='lat' dir='ltr'><strong>alios</strong></span> <span class='ocrx_word' id='word_1_134' title='bbox 921 2380 1070 2438; x_wconf 78' lang='lat' dir='ltr'><strong>revixisse</strong></span> <span class='ocrx_word' id='word_1_135' title='bbox 1085 2393 1192 2455; x_wconf 79' lang='lat' dir='ltr'><strong>operae</strong></span> 
     </span>
    </p>
   </div>
   <div class='ocr_carea' id='block_1_7' title="bbox 160 2461 1192 3541">
    <p class='ocr_par' dir='ltr' id='par_1_9' title="bbox 188 2461 1167 2608">
     <span class='ocr_line' id='line_1_21' title="bbox 189 2461 1167 2542; baseline -0.007 -18"><span class='ocrx_word' id='word_1_136' title='bbox 189 2480 240 2524; x_wconf 88' lang='lat' dir='ltr'><strong>sua</strong></span> <span class='ocrx_word' id='word_1_137' title='bbox 255 2463 332 2523; x_wconf 89' lang='lat' dir='ltr'><strong>clara</strong></span> <span class='ocrx_word' id='word_1_138' title='bbox 347 2463 477 2524; x_wconf 81' lang='lat' dir='ltr'><strong>Troianis</strong></span> <span class='ocrx_word' id='word_1_139' title='bbox 491 2463 679 2540; x_wconf 83' lang='lat' dir='ltr'><strong>temporibus,</strong></span> <span class='ocrx_word' id='word_1_140' title='bbox 696 2481 713 2523; x_wconf 88' lang='lat' dir='ltr'><strong>a</strong></span> <span class='ocrx_word' id='word_1_141' title='bbox 730 2463 834 2542; x_wconf 81' lang='lat' dir='ltr'><strong>quibus</strong></span> <span class='ocrx_word' id='word_1_142' title='bbox 845 2463 919 2522; x_wconf 89' lang='lat' dir='ltr'><strong>lama</strong></span> <span class='ocrx_word' id='word_1_143' title='bbox 935 2463 1064 2538; x_wconf 83' lang='lat' dir='ltr'><strong>certior,</strong></span> <span class='ocrx_word' id='word_1_144' title='bbox 1078 2461 1167 2520; x_wconf 88' lang='lat' dir='ltr'><strong>volne-</strong></span> 
     </span>
     <span class='ocr_line' id='line_1_22' title="bbox 188 2546 675 2608; baseline -0.008 0"><span class='ocrx_word' id='word_1_145' title='bbox 188 2567 250 2608; x_wconf 85' lang='lat' dir='ltr'><strong>rum</strong></span> <span class='ocrx_word' id='word_1_146' title='bbox 264 2555 359 2606; x_wconf 91' lang='lat' dir='ltr'><strong>tarncn</strong></span> <span class='ocrx_word' id='word_1_147' title='bbox 373 2546 517 2607; x_wconf 85' lang='lat' dir='ltr'><strong>dumtaxat</strong></span> <span class='ocrx_word' id='word_1_148' title='bbox 531 2546 675 2606; x_wconf 84' lang='lat' dir='ltr'><strong>remediis.</strong></span> 
     </span>
    </p>

    <p class='ocr_par' dir='ltr' id='par_1_10' title="bbox 160 2625 1192 3541">
     <span class='ocr_line' id='line_1_23' title="bbox 160 2625 1168 2711; baseline -0.011 -16"><span class='ocrx_word' id='word_1_149' title='bbox 160 2646 178 2695; x_wconf 79' lang='lat'><em>4</em></span> <span class='ocrx_word' id='word_1_150' title='bbox 241 2630 304 2711; x_wconf 75' lang='lat'>(2.)</span> <span class='ocrx_word' id='word_1_151' title='bbox 329 2631 484 2710; x_wconf 83' lang='lat' dir='ltr'><strong>Sequentia</strong></span> <span class='ocrx_word' id='word_1_152' title='bbox 498 2631 571 2708; x_wconf 88' lang='lat' dir='ltr'><strong>eius,</strong></span> <span class='ocrx_word' id='word_1_153' title='bbox 588 2631 687 2688; x_wconf 87' lang='lat' dir='ltr'><strong>mirum</strong></span> <span class='ocrx_word' id='word_1_154' title='bbox 702 2628 788 2700; x_wconf 86' lang='lat' dir='ltr'><strong>dictu,</strong></span> <span class='ocrx_word' id='word_1_155' title='bbox 803 2630 932 2688; x_wconf 86' lang='lat' dir='ltr'><strong>innecte</strong></span> <span class='ocrx_word' id='word_1_156' title='bbox 947 2626 1118 2686; x_wconf 84' lang='lat' dir='ltr'><strong>densissima</strong></span> <span class='ocrx_word' id='word_1_157' title='bbox 1134 2625 1168 2684; x_wconf 89' lang='lat' dir='ltr'><strong>la·</strong></span> 
     </span>
     <span class='ocr_line' id='line_1_24' title="bbox 188 2708 1168 2792; baseline -0.01 -18"><span class='ocrx_word' id='word_1_158' title='bbox 188 2723 271 2775; x_wconf 88' lang='lat' dir='ltr'><strong>tuere</strong></span> <span class='ocrx_word' id='word_1_159' title='bbox 286 2731 378 2791; x_wconf 89' lang='lat' dir='ltr'><strong>nsque</strong></span> <span class='ocrx_word' id='word_1_160' title='bbox 393 2714 428 2775; x_wconf 91' lang='lat' dir='ltr'><strong>ad</strong></span> <span class='ocrx_word' id='word_1_161' title='bbox 444 2712 721 2792; x_wconf 83' lang='lat' dir='ltr'><strong>Peloponnesiacum</strong></span> <span class='ocrx_word' id='word_1_162' title='bbox 732 2711 852 2787; x_wconf 87' lang='lat' dir='ltr'><strong>bellum,</strong></span> <span class='ocrx_word' id='word_1_163' title='bbox 868 2721 935 2772; x_wconf 90' lang='lat' dir='ltr'><strong>tunc</strong></span> <span class='ocrx_word' id='word_1_164' title='bbox 948 2727 1011 2770; x_wconf 88' lang='lat' dir='ltr'><strong>eam</strong></span> <span class='ocrx_word' id='word_1_165' title='bbox 1026 2708 1168 2770; x_wconf 84' lang='lat' dir='ltr'><strong>revocavit</strong></span> 
     </span>
     <span class='ocr_line' id='line_1_25' title="bbox 188 2791 1192 2877; baseline -0.003 -21"><span class='ocrx_word' id='word_1_166' title='bbox 188 2800 218 2856; x_wconf 92' lang='lat' dir='ltr'><strong>in</strong></span> <span class='ocrx_word' id='word_1_167' title='bbox 233 2798 328 2858; x_wconf 89' lang='lat' dir='ltr'><strong>lucem</strong></span> <span class='ocrx_word' id='word_1_168' title='bbox 342 2797 535 2877; x_wconf 86' lang='lat' dir='ltr'><strong>Hippocrates</strong></span> <span class='ocrx_word' id='word_1_169' title='bbox 556 2797 671 2873; x_wconf 80' lang='lat' dir='ltr'><strong>genitus</strong></span> <span class='ocrx_word' id='word_1_170' title='bbox 691 2797 720 2856; x_wconf 92' lang='lat' dir='ltr'><strong>in</strong></span> <span class='ocrx_word' id='word_1_171' title='bbox 740 2796 832 2856; x_wconf 81' lang='lat' dir='ltr'><strong>insula</strong></span> <span class='ocrx_word' id='word_1_172' title='bbox 849 2795 911 2855; x_wconf 81' lang='lat' dir='ltr'><strong>Coo</strong></span> <span class='ocrx_word' id='word_1_173' title='bbox 928 2795 957 2852; x_wconf 91' lang='lat' dir='ltr'><strong>in</strong></span> <span class='ocrx_word' id='word_1_174' title='bbox 982 2795 1082 2873; x_wconf 87' lang='lat' dir='ltr'><strong>primis</strong></span> <span class='ocrx_word' id='word_1_175' title='bbox 1099 2791 1192 2853; x_wconf 82' lang='lat' dir='ltr'><strong>clareat</strong></span> 
     </span>
     <span class='ocr_line' id='line_1_26' title="bbox 188 2876 1166 2958; baseline -0.007 -18"><span class='ocrx_word' id='word_1_176' title='bbox 188 2899 224 2940; x_wconf 90' lang='lat' dir='ltr'><strong>ac</strong></span> <span class='ocrx_word' id='word_1_177' title='bbox 245 2881 339 2940; x_wconf 86' lang='lat' dir='ltr'><strong>valida</strong></span> <span class='ocrx_word' id='word_1_178' title='bbox 357 2891 386 2941; x_wconf 90' lang='lat' dir='ltr'><strong>ct</strong></span> <span class='ocrx_word' id='word_1_179' title='bbox 400 2879 577 2958; x_wconf 79' lang='lat' dir='ltr'><strong>Aesculapio</strong></span> <span class='ocrx_word' id='word_1_180' title='bbox 593 2879 695 2939; x_wconf 89' lang='lat' dir='ltr'><strong>dicata.</strong></span> <span class='ocrx_word' id='word_1_181' title='bbox 723 2879 765 2955; x_wconf 90' lang='lat' dir='ltr'><strong>is,</strong></span> <span class='ocrx_word' id='word_1_182' title='bbox 786 2897 849 2939; x_wconf 90' lang='lat' dir='ltr'><strong>oum</strong></span> <span class='ocrx_word' id='word_1_183' title='bbox 871 2878 974 2938; x_wconf 85' lang='lat' dir='ltr'><strong>inisset</strong></span> <span class='ocrx_word' id='word_1_184' title='bbox 987 2895 1052 2936; x_wconf 88' lang='lat' dir='ltr'><strong>mos</strong></span> <span class='ocrx_word' id='word_1_185' title='bbox 1072 2876 1166 2936; x_wconf 88' lang='lat' dir='ltr'><strong>libem·</strong></span> 
     </span>
     <span class='ocr_line' id='line_1_27' title="bbox 189 2959 1164 3040; baseline -0.007 -17"><span class='ocrx_word' id='word_1_186' title='bbox 189 2973 235 3026; x_wconf 84' lang='lat' dir='ltr'><strong>tos</strong></span> <span class='ocrx_word' id='word_1_187' title='bbox 249 2963 357 3024; x_wconf 88' lang='lat' dir='ltr'><strong>morbis</strong></span> <span class='ocrx_word' id='word_1_188' title='bbox 372 2963 502 3023; x_wconf 88' lang='lat' dir='ltr'><strong>scribere</strong></span> <span class='ocrx_word' id='word_1_189' title='bbox 518 2965 546 3022; x_wconf 92' lang='lat' dir='ltr'><strong>in</strong></span> <span class='ocrx_word' id='word_1_190' title='bbox 561 2963 668 3040; x_wconf 90' lang='lat' dir='ltr'><strong>templo</strong></span> <span class='ocrx_word' id='word_1_191' title='bbox 685 2963 747 3022; x_wconf 90' lang='lat' dir='ltr'><strong>eius</strong></span> <span class='ocrx_word' id='word_1_192' title='bbox 759 2963 806 3037; x_wconf 91' lang='lat' dir='ltr'><strong>dei</strong></span> <span class='ocrx_word' id='word_1_193' title='bbox 821 2963 888 3040; x_wconf 86' lang='lat' dir='ltr'><strong>quid</strong></span> <span class='ocrx_word' id='word_1_194' title='bbox 904 2959 1070 3021; x_wconf 81' lang='lat' dir='ltr'><strong>auxiliatum</strong></span> <span class='ocrx_word' id='word_1_195' title='bbox 1084 2964 1164 3032; x_wconf 85' lang='lat' dir='ltr'><strong>esset,</strong></span> 
     </span>
     <span class='ocr_line' id='line_1_28' title="bbox 189 3043 1163 3126; baseline -0.008 -20"><span class='ocrx_word' id='word_1_196' title='bbox 189 3055 219 3106; x_wconf 92' lang='lat' dir='ltr'><strong>nt</strong></span> <span class='ocrx_word' id='word_1_197' title='bbox 236 3056 337 3126; x_wconf 89' lang='lat' dir='ltr'><strong>postca</strong></span> <span class='ocrx_word' id='word_1_198' title='bbox 351 3047 502 3107; x_wconf 89' lang='lat' dir='ltr'><strong>similitudo</strong></span> <span class='ocrx_word' id='word_1_199' title='bbox 518 3047 690 3126; x_wconf 84' lang='lat' dir='ltr'><strong>proliceret,</strong></span> <span class='ocrx_word' id='word_1_200' title='bbox 700 3047 904 3125; x_wconf 82' lang='lat' dir='ltr'><strong>¹suscripsisse</strong></span> <span class='ocrx_word' id='word_1_201' title='bbox 928 3061 963 3102; x_wconf 89' lang='lat' dir='ltr'><strong>ea</strong></span> <span class='ocrx_word' id='word_1_202' title='bbox 977 3043 1111 3118; x_wconf 83' lang='lat' dir='ltr'><strong>traditur,</strong></span> <span class='ocrx_word' id='word_1_203' title='bbox 1129 3048 1163 3100; x_wconf 87' lang='lat' dir='ltr'><strong>at-</strong></span> 
     </span>
     <span class='ocr_line' id='line_1_29' title="bbox 189 3125 1162 3209; baseline -0.01 -20"><span class='ocrx_word' id='word_1_204' title='bbox 189 3147 259 3208; x_wconf 82' lang='lat' dir='ltr'><strong>que,</strong></span> <span class='ocrx_word' id='word_1_205' title='bbox 282 3137 314 3189; x_wconf 91' lang='lat' dir='ltr'><strong>nt</strong></span> <span class='ocrx_word' id='word_1_206' title='bbox 329 3127 427 3191; x_wconf 88' lang='lat' dir='ltr'><strong>Varro</strong></span> <span class='ocrx_word' id='word_1_207' title='bbox 441 3128 517 3209; x_wconf 91' lang='lat' dir='ltr'><strong>apud</strong></span> <span class='ocrx_word' id='word_1_208' title='bbox 533 3145 587 3189; x_wconf 89' lang='lat' dir='ltr'><strong>nos</strong></span> <span class='ocrx_word' id='word_1_209' title='bbox 609 3130 716 3206; x_wconf 89' lang='lat' dir='ltr'><strong>credit,</strong></span> <span class='ocrx_word' id='word_1_210' title='bbox 740 3129 848 3209; x_wconf 88' lang='lat' dir='ltr'><strong>templo</strong></span> <span class='ocrx_word' id='word_1_211' title='bbox 876 3135 1001 3188; x_wconf 87' lang='lat' dir='ltr'><strong>cremato</strong></span> <span class='ocrx_word' id='word_1_212' title='bbox 1016 3125 1162 3186; x_wconf 85' lang='lat' dir='ltr'><strong>instituisse</strong></span> 
     </span>
     <span class='ocr_line' id='line_1_30' title="bbox 188 3211 1187 3290; baseline -0.004 -18"><span class='ocrx_word' id='word_1_213' title='bbox 188 3213 356 3272; x_wconf 88' lang='lat' dir='ltr'><strong>medicinam</strong></span> <span class='ocrx_word' id='word_1_214' title='bbox 375 3213 449 3273; x_wconf 88' lang='lat' dir='ltr'><strong>banc</strong></span> <span class='ocrx_word' id='word_1_215' title='bbox 466 3229 539 3290; x_wconf 86' lang='lat' dir='ltr'><strong>quae</strong></span> <span class='ocrx_word' id='word_1_216' title='bbox 556 3212 660 3272; x_wconf 90' lang='lat' dir='ltr'><strong>clinice</strong></span> <span class='ocrx_word' id='word_1_217' title='bbox 675 3222 803 3272; x_wconf 84' lang='lat' dir='ltr'><strong>vocatur.</strong></span> <span class='ocrx_word' id='word_1_218' title='bbox 831 3211 952 3272; x_wconf 79' lang='lat' dir='ltr'><strong>nonfuit</strong></span> <span class='ocrx_word' id='word_1_219' title='bbox 966 3220 1069 3288; x_wconf 88' lang='lat' dir='ltr'><strong>postea</strong></span> <span class='ocrx_word' id='word_1_220' title='bbox 1085 3223 1187 3286; x_wconf 79' lang='lat' dir='ltr'><strong>qnae-at</strong></span> 
     </span>
     <span class='ocr_line' id='line_1_31' title="bbox 190 3288 1161 3374; baseline -0.01 -20"><span class='ocrx_word' id='word_1_221' title='bbox 190 3305 249 3355; x_wconf 89' lang='lat' dir='ltr'><strong>stus</strong></span> <span class='ocrx_word' id='word_1_222' title='bbox 268 3297 378 3372; x_wconf 90' lang='lat' dir='ltr'><strong>modus,</strong></span> <span class='ocrx_word' id='word_1_223' title='bbox 395 3297 525 3374; x_wconf 80' lang='lat' dir='ltr'><strong>qnoniam</strong></span> <span class='ocrx_word' id='word_1_224' title='bbox 540 3295 679 3356; x_wconf 91' lang='lat' dir='ltr'><strong>Prodicus</strong></span> <span class='ocrx_word' id='word_1_225' title='bbox 694 3295 871 3370; x_wconf 74' lang='lat' dir='ltr'><strong>Selymbriae</strong></span> <span class='ocrx_word' id='word_1_226' title='bbox 885 3302 977 3368; x_wconf 87' lang='lat' dir='ltr'><strong>natus,</strong></span> <span class='ocrx_word' id='word_1_227' title='bbox 993 3313 1009 3352; x_wconf 91' lang='lat' dir='ltr'><strong>e</strong></span> <span class='ocrx_word' id='word_1_228' title='bbox 1025 3288 1161 3368; x_wconf 84' lang='lat' dir='ltr'><strong>discipulis</strong></span> 
     </span>
     <span class='ocr_line' id='line_1_32' title="bbox 190 3375 1159 3458; baseline -0.007 -22"><span class='ocrx_word' id='word_1_229' title='bbox 190 3379 266 3454; x_wconf 89' lang='lat' dir='ltr'><strong>eius,</strong></span> <span class='ocrx_word' id='word_1_230' title='bbox 286 3379 434 3439; x_wconf 86' lang='lat' dir='ltr'><strong>instituens</strong></span> <span class='ocrx_word' id='word_1_231' title='bbox 455 3395 538 3456; x_wconf 90' lang='lat' dir='ltr'><strong>quam</strong></span> <span class='ocrx_word' id='word_1_232' title='bbox 558 3387 663 3439; x_wconf 86' lang='lat' dir='ltr'><strong>vocant</strong></span> <span class='ocrx_word' id='word_1_233' title='bbox 680 3378 872 3458; x_wconf 86' lang='lat' dir='ltr'><strong>iatralipticen</strong></span> <span class='ocrx_word' id='word_1_234' title='bbox 885 3375 1083 3438; x_wconf 88' lang='lat' dir='ltr'><strong>renuctoribns</strong></span> <span class='ocrx_word' id='word_1_235' title='bbox 1100 3387 1159 3450; x_wconf 86' lang='lat' dir='ltr'><strong>quo-</strong></span> 
     </span>
     <span class='ocr_line' id='line_1_33' title="bbox 191 3460 954 3541; baseline 0.001 -23"><span class='ocrx_word' id='word_1_236' title='bbox 191 3477 247 3536; x_wconf 86' lang='lat' dir='ltr'><strong>quc</strong></span> <span class='ocrx_word' id='word_1_237' title='bbox 263 3461 437 3522; x_wconf 86' lang='lat' dir='ltr'><strong>medicorum</strong></span> <span class='ocrx_word' id='word_1_238' title='bbox 452 3479 488 3524; x_wconf 91' lang='lat' dir='ltr'><strong>ac</strong></span> <span class='ocrx_word' id='word_1_239' title='bbox 505 3460 679 3524; x_wconf 86' lang='lat' dir='ltr'><strong>mediastinis</strong></span> <span class='ocrx_word' id='word_1_240' title='bbox 693 3463 822 3541; x_wconf 78' lang='lat' dir='ltr'><strong>vectigal</strong></span> <span class='ocrx_word' id='word_1_241' title='bbox 836 3461 954 3524; x_wconf 80' lang='lat' dir='ltr'><strong>invenit.</strong></span> 
     </span>
    </p>
   </div>
   <div class='ocr_carea' id='block_1_8' title="bbox 0 0 1270 3924">
    <p class='ocr_par' dir='ltr' id='par_1_11' title="bbox 0 0 1270 3924">
     <span class='ocr_line' id='line_1_34' title="bbox 0 0 1270 3924; baseline 0 0"><span class='ocrx_word' id='word_1_242' title='bbox 0 0 1270 3924; x_wconf 95' lang='lat' dir='ltr'><strong> </strong></span> 
     </span>
    </p>
   </div>
  </div>
 </body>
</html>
