2508 3924
207 331 211 336 Ι
291 255 370 304 uun.
389 255 479 304 0101.
495 241 617 304 xxvui.
636 255 661 309 9.
678 243 829 322 (se-37.)
990 241 1045 304 181

80 423 169 484 causa,
197 409 328 486 quoniam
350 409 379 470 id
401 409 503 470 animal
525 409 677 470 herbarum
698 407 841 472 radicibus
863 410 990 468 vescitur
1008 442 1050 455 -

79 493 164 570 itaque
178 493 262 552 etiarn
277 494 342 553 limo
360 495 498 554 innumeri
512 511 580 553 usus
597 527 654 569 —-‚
671 491 853 570 quamobrem
867 509 924 552 non
940 492 982 551 de
994 493 1048 552 alia
1156 499 1159 506 '

78 575 217 652 loquemur
231 593 292 637 sue.
308 577 397 636 multo
408 578 557 637 eillcacior
572 575 714 652 clemins,
731 585 760 636 et
773 593 847 654 quae
857 593 914 635 nou
924 577 1048 654 peperit,

45 678 47 684 ·
76 659 158 718 multo
175 675 246 720 vero
268 662 460 738 praestantior
479 660 508 719 in
529 661 606 738 apris
628 669 682 719 est.
709 660 795 738 igitur
819 677 886 718 usus
908 660 1050 736 axungiae

52 751 119 804 sest
132 741 164 802 ad
178 743 365 822 emollienda,
389 743 622 820 excalfacienda,
645 742 820 802 discutienda
835 742 1049 820 purgandaque.

76 826 241 886 medicorum
256 827 341 904 aliqui
362 827 485 888 admixto
507 829 618 887 anseris
637 826 719 904 adipe
741 835 942 904 taurorumque
958 825 1030 886 sebo
1042 835 1091 891 137

78 918 104 970 et
117 925 225 987 oesypo
247 910 281 970 ad
295 910 441 988 podagras
460 909 499 968 uti
517 909 628 987 iubent,
651 911 674 970 si
695 927 766 968 uero
782 917 929 988 permanet
955 909 1050 984 dolor,

78 1009 134 1053 com
149 1009 225 1068 cera,
241 1002 345 1070 myrto,
361 995 467 1069 resina,
483 995 559 1071 pica.
584 994 696 1052 sincera
712 993 834 1070 axungia
848 992 977 1051 medetur
993 1009 1050 1051 am·

77 1075 159 1136 bustis
169 1075 218 1134 vel
233 1077 310 1151 niue,
326 1076 513 1155 pernionibus
530 1085 624 1136 autem
637 1093 699 1136 cum
709 1075 809 1135 hordei
821 1076 918 1136 cinere
930 1085 960 1135 ct
974 1075 1052 1152 galla
1136 1097 1138 1108 ¹

41 1178 68 1219 ao
78 1159 133 1238 pari
147 1155 247 1240 modo,
275 1160 396 1238 prodest
412 1169 441 1219 et
457 1159 622 1220 confricatis
636 1159 778 1235 membris,
794 1161 980 1236 itinerumque
995 1158 1051 1218 las·

77 1241 206 1306 situdiues
216 1251 250 1301 et
261 1241 446 1318 fatigationes
462 1242 549 1302 levat.
579 1243 613 1303 ad
627 1245 726 1303 tussim
741 1252 869 1302 veterem
884 1259 987 1302 recens
1003 1243 1051 1302 de·

76 1327 200 1403 coquitur
212 1326 374 1404 quadrantis
386 1325 514 1405 pondere
527 1327 554 1385 ln
562 1327 617 1386 vini
626 1326 734 1401 cyathis
746 1325 837 1385 tribus
848 1326 943 1386 addito
956 1319 1052 1385 melle.

72 1417 151 1468 uetus
163 1409 247 1468 etiam
262 1408 382 1488 phthisis
395 1409 491 1487 pilulis
499 1419 613 1487 sumpta
627 1417 707 1470 sanat
719 1427 792 1488 quae
804 1409 865 1468 sine
880 1408 940 1469 sale
952 1411 1031 1468 inve·
1043 1419 1095 1473 1238

69 1501 157 1552 teratu
169 1501 222 1551 est.
241 1494 354 1552 omnino
370 1495 444 1552 enim
460 1509 516 1552 non
528 1495 582 1552 nisi
595 1491 629 1552 ad
645 1511 679 1552 ca
696 1509 769 1570 quae
781 1492 927 1571 purganda
941 1493 996 1551 sint
1007 1500 1055 1552 aut

36 1591 141 1654 aequae
154 1593 213 1634 nou
229 1578 284 1636 sint
296 1575 462 1636 exulcerata
473 1575 582 1636 Gallica
594 1577 742 1654 recipitur.
767 1575 878 1652 quidam
889 1575 1053 1652 quadrantis
1090 1637 1096 1654 ι

68 1659 335 1735 axungiacctmulsi
346 1659 555 1733 invinicqathis
567 1658 806 1718 tribusdecocuut
816 1667 913 1717 contra
922 1657 1053 1736 phthisis,

67 1743 294 1820 quartoquoque
305 1741 352 1801 die
363 1743 456 1822 picem
468 1742 600 1820 liquidam
609 1745 638 1802 in
650 1757 706 1801 ovo
715 1741 787 1800 sumi
799 1740 905 1816 iubent,
914 1740 1053 1800 circumli-

65 1833 151 1902 gatur
173 1833 202 1884 et
221 1824 359 1885 lateribus
379 1826 507 1903 pectoris
528 1835 557 1884 et
581 1825 708 1904 scapulis
729 1841 827 1886 eorum
850 1825 896 1902 qui
920 1823 1053 1902 phthisim
1137 1835 1138 1838 ’

64 1908 201 1984 sentiunt,
214 1915 348 1987 tantaque
363 1917 408 1968 est
417 1909 462 1968 vis
473 1918 503 1968 ut
515 1908 638 1985 genibus
649 1910 734 1968 etiam
746 1907 899 1985 adalligata
914 1907 1015 1967 redeat
1025 1909 1054 1966 iu

30 2013 55 2054 so
64 2009 99 2052 os
112 2005 204 2068 sapor
215 2007 334 2070 eamque
348 2009 492 2070 exspuere
502 1991 661 2053 videantur.
678 2011 694 2052 e
707 2009 758 2052 sue
770 2009 843 2069 quae
854 2007 911 2050 non
924 1991 1038 2070 peperit
1046 2000 1096 2055 139

63 2076 217 2154 aptissime
240 2083 353 2134 utuntur
372 2075 408 2135 ad
429 2084 520 2135 cutem
543 2075 695 2151 mulieres,
720 2085 819 2134 contra
841 2073 967 2134 scabiem
982 2088 1053 2133 vero

62 2158 162 2237 quivis
178 2157 304 2216 admixto
316 2159 503 2219 iumentorum
515 2159 588 2219 sebo
600 2175 654 2238 pro
669 2167 750 2237 parte
766 2159 849 2218 tertia
867 2167 896 2216 01
910 2160 988 2237 pice,
1003 2174 1053 2235 pa·

61 2245 196 2318 riterque
214 2241 444 2301 subiervciactis.
476 2244 589 2302 sincera
605 2251 702 2322 partus
717 2242 746 2301 iu
760 2241 889 2301 abortum
908 2241 1054 2318 vergentis

61 2326 154 2384 nutrit
170 2324 275 2398 collyri
297 2324 382 2384 modo
399 2325 519 2387 subdita.
550 2326 702 2386 cicatrices
723 2325 895 2384 concolores
918 2323 987 2384 iacit
1007 2341 1054 2382 ce·

24 2425 150 2468 cerussa
166 2407 291 2468 admixta
310 2407 358 2468 uel
379 2411 489 2486 argenti
505 2425 621 2487 spuma,
646 2418 674 2468 at
696 2426 759 2466 cum
780 2408 898 2486 sulpure
920 2408 1055 2482 unguium

59 2489 221 2551 scabritias
237 2491 376 2551 emendat.
406 2491 534 2550 medetur
547 2500 577 2551 et
589 2492 695 2569 capillo
712 2491 808 2550 lluenti
824 2499 852 2550 et
867 2489 1012 2548 ulceribus
1026 2489 1054 2546 in

58 2576 165 2653 capite
187 2574 337 2634 mulierum
357 2591 419 2634 curn
439 2574 535 2651 gallae
556 2583 638 2654 parte
660 2583 759 2651 quarta
782 2583 811 2633 et
830 2573 964 2631 infumata
987 2570 1054 2648 pilis

57 2656 231 2718 oculorum.
261 2656 341 2718 datur
364 2668 393 2718 et
407 2657 554 2737 phthisicis
571 2659 703 2717 unciatim
721 2673 783 2716 cum
802 2657 859 2714 vini
876 2654 984 2712 veteris
1004 2652 1053 2711 he-

54 2741 140 2804 mina
158 2740 282 2800 decocta
297 2741 391 2802 donec
405 2750 464 2801 tres
482 2743 582 2802 unciae
599 2749 696 2800 etotc
715 2747 841 2814 restent,
858 2735 1002 2813 -aliqui
1026 2743 1054 2794 01

15 2841 44 2886 ao
54 2823 164 2884 mellis
179 2824 314 2900 exiguum
326 2825 459 2900 adiciunt,
474 2857 516 2870 ·-
531 2825 612 2904 panis
626 2823 706 2883 inlita
722 2820 890 2896 cumcuim,
908 2819 974 2878 item
992 2819 1096 2882 11110

52 2906 197 2968 runculis
215 2907 392 2986 duritiaeque
409 2925 598 2968 mammarum.
630 2915 713 2986 rupta
735 2914 764 2964 01
786 2903 924 2964 conuolsa
944 2911 973 2961 et
988 2919 1053 2980 spa·

51 3000 159 3051 smata
175 2998 206 3050 01
220 2990 317 3050 luxata
334 3001 423 3066 sanat,
440 2991 539 3051 clavos
556 3001 583 3052 01
596 2993 682 3050 rimas
698 2987 820 3066 callique
837 2983 1054 3046 1111001101οΙ-
1159 3025 1162 3032 -

51 3073 174 3134 lehoro
191 3073 276 3150 albo,
297 3074 442 3154 parotidas
456 3075 577 3134 admixta
590 3075 680 3134 iarina
697 3071 931 3132 salsamentariae
950 3076 1054 3142 testae,

50 3175 122 3236 quo
140 3173 256 3234 genere
267 3159 380 3236 prolicit
394 3167 424 3217 01
439 3159 474 3219 ad
489 3169 619 3218 strumas.
642 3158 767 3235 pruritus
785 3162 814 3214 01
829 3152 949 3232 papulas
963 3152 991 3208 in
1005 3149 1054 3208 ba·

15 3241 147 3302 1011000
175 3243 324 3318 perunctis
349 3241 439 3316 tollit,
465 3242 580 3320 alioque
604 3242 754 3300 etiamnum
778 3237 864 3297 ruodo
889 3233 1055 3313 podagricis

47 3323 194 3403 prodest
208 3325 296 3382 mixto
313 3324 379 3384 oleo
396 3335 513 3401 vetere,
537 3325 660 3384 contrito
681 3339 736 3381 una
755 3317 938 3396 sarcophago
959 3314 1056 3394 lapide

49 3416 88 3468 et
105 3407 318 3486 quinquefolio
337 3417 420 3468 tunso
441 3411 469 3466 in
485 3411 553 3468 vino
569 3405 617 3466 rel
634 3423 697 3466 cum
713 3404 795 3464 calce
809 3402 857 3462 vel
870 3400 931 3460 cuin
947 3398 1055 3458 cinere.

46 3491 136 3552 facit
153 3501 187 3550 01
202 3491 349 3570 peculiare
363 3490 546 3571 emplastrum
563 3488 697 3552 Lxxvll
711 3486 833 3568 ponderi
856 3492 970 3544 centum
990 3499 1056 3562 spu·
