2396 3900
269 269 350 318 nnn.
369 268 460 318 man.
477 270 574 317 xvnnn.
591 267 711 320 no-as,
729 257 882 335 (oo-ot.)
1004 255 1064 320 129

73 423 153 484 citius
165 423 229 483 alias
246 423 356 484 tardius
373 423 494 484 caelesti
510 424 618 484 ellectu
635 424 672 486 ad
686 434 792 484 terram
808 424 948 501 deciduo,
973 424 1064 503 volgo

42 509 48 565 l
73 509 214 568 serenitate
230 507 343 568 reddita
367 509 531 568 conlectum
548 509 628 568 sidus
643 509 781 569 audimus.
812 508 967 570 Praeterea
983 516 1107 572 comtos

42 614 47 625 ·
72 593 157 651 omnia
169 590 239 652 baec
254 592 338 652 statis
356 591 500 652 sideribus
517 592 659 672 caeloque
682 591 784 652 adfixis
807 601 956 670 constent,
977 594 1064 654 inter·

42 700 43 708 ι
42 676 176 735 veniunt
188 685 266 736 motu
282 675 432 736 stellarum
442 677 609 754 grandines,
626 677 733 737 imbres
746 685 775 736 et
787 677 843 755 ipsi
855 695 911 738 non
923 678 981 738 levi
994 677 1063 737 elle-

48 769 126 834 ictu,
138 769 162 820 ut
174 760 339 837 docuimus,
357 759 530 840 turbantque
547 770 708 840 conceptae
723 779 788 840 spen
781 762 939 822 ordinem
966 761 1107 842 nuquam

70 860 106 904 ne
118 843 189 904 nobis
201 852 310 905 tantum
322 853 456 924 putemus
468 846 616 925 accidere,
631 845 785 924 etreliqua
796 846 1064 906 lallitanimaliasa·

39 910 174 1006 gaciora
187 929 266 989 cinca
278 927 346 1005 boc,
359 937 390 988 ut
402 946 459 1008 quo
471 930 529 990 vita
539 946 637 990 eornm
648 937 764 990 constet
765 929 970 1010 ,aestivasque
980 931 1064 991 alites

68 1015 239 1090 praeposteri
257 1022 306 1074 aut
325 1014 518 1113 praeproperi
533 1015 649 1092 rigores
661 1023 782 1091 necant,
799 1013 935 1075 hibernas
955 1022 1064 1075 aestus.

68 1096 129 1156 ideo
143 1097 289 1176 Vergilius
306 1099 460 1158 errantium
477 1115 595 1178 quoque
615 1099 741 1158 siderum
758 1099 898 1159 rationem
915 1098 1108 1162 ediscenlob

33 1181 126 1273 padam
138 1183 289 1261 praecipit,
311 1181 468 1242 admonens
478 1181 689 1244 observandum
698 1182 822 1260 frigidae
834 1183 948 1244 Saturni
960 1182 1064 1242 stellae

31 1285 32 1288 ¹
67 1267 212 1329 transitum.
245 1274 312 1326 sunt
330 1267 379 1345 ιιιι
389 1267 580 1327 certissimum
591 1267 670 1327 veris
682 1265 816 1326 indicium
837 1266 1012 1327 arbitrentur
1027 1265 1064 1326 ob

24 1310 36 1436 ι
69 1349 247 1410 infirmitatem
264 1350 393 1411 animalis
410 1350 583 1430 papiliones.
615 1351 643 1411 id
658 1367 694 1410 eo
711 1351 777 1428 ipso
800 1368 874 1411 anno
899 1368 963 1411 curn
987 1369 1063 1412 com·

22 1438 30 1513 ι’
67 1444 248 1494 mactaremur
263 1435 338 1494 haec
352 1443 479 1494 notatum
496 1444 551 1510 est,
569 1443 740 1514 proventum
757 1451 858 1496 eornm
874 1445 920 1495 ter
936 1438 1062 1514 repetito

21 1517 28 1599 ἰ
67 1517 164 1596 bigone
182 1519 374 1595 exstinctum,
397 1518 584 1597 advenasque
604 1520 742 1580 volucres
763 1537 789 1579 a.
806 1519 833 1580 d.
857 1533 903 1579 vr.
924 1518 1064 1580 kalendas

20 1599 142 1679 tutent.
160 1620 246 1684 spenn
258 1603 338 1662 veris
354 1602 485 1663 attulisse
494 1619 564 1663 mox
580 1604 750 1664 saevissima
762 1602 857 1663 hieme
874 1603 1063 1664 conflictatus.

65 1685 119 1747 lies
139 1705 266 1767 anceps:
290 1688 411 1765 primum
433 1689 556 1748 omniurn
577 1687 694 1748 acaelo
717 1688 778 1767 peti
800 1687 914 1766 legem,
940 1687 1107 1751 deindeblo

65 1790 120 1832 earn
139 1772 318 1850 argumentis
340 1789 408 1830 esse
432 1773 635 1852 quaerendam.
673 1789 763 1850 super
786 1773 880 1832 omnia
902 1780 948 1831 est
969 1770 1064 1830 mundi

20 1869 23 1930 j
65 1859 226 1917 convexitas
240 1864 441 1934 terrarumque
458 1856 540 1934 globi
556 1857 735 1931 differentia,
761 1857 864 1917 eodem
886 1857 983 1916 sidere
1007 1855 1064 1916 alio

15 1947 20 1999 ι
65 1949 187 2020 ternpore
203 1941 269 2001 aliis
285 1941 437 2019 aperiente
455 1959 488 2000 se
504 1939 651 2018 gentibus,
670 1958 728 2020 quo
745 1940 818 2000 litut
834 1957 920 2002 cansa
932 1941 994 2001 eius
1007 1956 1065 1999 non

7 2001 19 2122 ι
36 2025 158 2086 ιιιιιιιιιι
174 2024 279 2086 diebus
293 2023 401 2103 ubique
416 2025 522 2086 valeat.
552 2025 690 2086 addidere
709 2025 906 2087 dillicnltatenn
919 2034 948 2085 et
964 2033 1063 2085 ancto-

64 2128 107 2169 res
119 2109 268 2170 diversis
258 2126 287 2168 nn
302 2108 377 2168 locis
394 2108 590 2185 observando,
608 2127 676 2170 mox
691 2109 800 2170 etiann'
791 2128 819 2168 m
835 2110 936 2170 iisdem
949 2110 1065 2170 diversa

64 2194 218 2272 prodendo
251 2202 312 2253 tres
339 2201 435 2254 autem
456 2193 539 2254 luere
555 2203 673 2270 sectae,
700 2189 863 2270 Chaldaea,
890 2194 1046 2272 Aegyptia,
1055 2203 1106 2256 ull

64 2275 178 2339 Graeca.
209 2277 255 2338 his
270 2277 379 2339 addidit
394 2285 523 2357 quartam
538 2277 614 2356 apud
631 2295 685 2338 nos
700 2274 811 2338 Caesar
828 2277 953 2338 dictator
974 2294 1065 2337 annos

63 2362 93 2422 ad
108 2363 179 2424 solis
196 2380 312 2422 cursum
327 2361 465 2440 redigens
488 2362 619 2440 singulos
641 2363 786 2440 Sosigene
807 2363 900 2441 perito
925 2363 1066 2422 scientiae

35 2447 120 2507 acius
136 2445 277 2510 adhibito.
308 2454 338 2506 et
353 2465 388 2507 ea
403 2448 467 2526 ipsa
483 2448 556 2506 ratio
582 2456 686 2525 postea
708 2455 851 2525 conperto
876 2463 977 2506 errore
1001 2463 1064 2505 cor·

61 2540 200 2592 recteest
215 2531 255 2590 ita
273 2540 369 2592 utxll
390 2531 470 2591 annis
492 2531 634 2592 continuis
656 2549 713 2591 non
735 2529 972 2607 intercalaretur,
998 2530 1066 2606 quia

6 2615 7 2668 ἶ
62 2623 199 2696 coeperat
213 2614 310 2674 sidera
326 2633 414 2675 annus
426 2616 532 2675 morari
546 2615 593 2693 ιιιιι
605 2616 684 2695 prius
696 2613 901 2676 antecedebat
929 2621 958 2671 et
968 2611 1047 2671 Sosi·
1037 2623 1108 2676 -blb

61 2717 147 2777 genes
167 2701 233 2778 ipse
246 2700 328 2759 trinis
341 2699 639 2781 commentationibus,
656 2716 826 2799 quamquam
838 2697 1004 2774 diligentior
1016 2714 1064 2757 ce·

6 2793 7 2796 ’
61 2786 137 2862 ιιιιι,
152 2801 213 2845 ιιοιι
229 2785 358 2844 cessavit
372 2794 467 2844 tamen
487 2782 687 2845 addubitare
680 2801 744 2863 npse
764 2790 857 2842 semet
878 2780 1065 2859 corrigendo.

36 2877 193 2931 ”auctores
208 2867 366 2948 prodidere
384 2886 419 2929 ea
435 2885 509 2948 quos
524 2868 742 2947 praetexuimus
756 2865 892 2926 volumini
908 2865 985 2942 buic,
998 2883 1065 2926 raro

61 2953 141 3014 ullius
158 2953 305 3015 sententia
322 2970 386 3013 cum
401 2953 459 3013 alio
481 2962 670 3030 congruente.
709 2952 800 3011 minus
817 2950 905 3011 hoc
897 2970 925 3009 nn
944 2949 1065 3030 reliquis

4 3094 5 3100 ,
60 3038 165 3114 mirum,
182 3055 258 3117 quos
275 3037 384 3098 diversi
400 3038 606 3098 excusaverint
625 3045 744 3096 tractus.
778 3053 876 3098 eorum
898 3037 945 3115 qui
967 3036 995 3094 in
1016 3053 1064 3094 ea·

62 3122 120 3184 dem
139 3124 266 3200 regione
289 3121 457 3197 discedere,
482 3140 566 3182 unam
587 3120 760 3181 discordiam
781 3138 920 3199 ponemus
939 3119 1065 3197 exempli

61 3208 163 3304 gratia:
186 3224 325 3268 occasum
336 3207 499 3266 matutinum
511 3206 698 3283 vergiliarum
709 3203 854 3268 Hesiodus
865 3239 907 3251 -
922 3221 985 3262 nam
997 3202 1047 3263 hu·
1037 3213 1107 3267 -bl3

35 3290 99 3352 cius
111 3292 353 3372 quoquenomine
362 3299 457 3351 exstat
469 3290 674 3367 astrologia—
636 3289 796 3350 —tradidit
808 3290 881 3366 lieri,
893 3305 955 3348 cunr
965 3287 1063 3386 aequi·

6 3429 7 3436 ,
61 3379 182 3437 nootrnm
192 3376 321 3436 autumni
331 3374 536 3450 conficeretur,
546 3373 653 3434 Thales
661 3387 742 3434 xxv
756 3375 802 3435 die
816 3373 852 3435 ab
866 3371 1063 3471 aepuinootio,

63 3458 275 3522 Anaximander
297 3473 413 3534 xxtx„
431 3458 592 3520 Euctemon
608 3471 728 3519 xmvm.
763 3476 817 3518 nos
831 3457 978 3534 sequimur
995 3454 1046 3515 ob·
1055 3464 1108 3518 ιιι

6 3480 12 3618 Ι
63 3547 256 3606 servationem
272 3541 408 3604 Caesaris
427 3561 574 3620 maxume,
590 3543 664 3604 haec
683 3543 738 3602 erit
754 3541 855 3602 ltaliae
872 3541 955 3601 ratio.
984 3539 1063 3600 dice-

1 3619 45 3748 ι’
99 3632 388 3690 ιιιιι.ιιιι.ιιιιτ.ιΙΙ.
463 3667 473 3673 -
880 3625 898 3684 9
