2406 3914
256 236 338 284 uuo.
353 235 445 284 samu.
462 221 537 284 xxr.
554 235 674 289 11-13.
696 223 851 304 (eu—44.)
1005 221 1066 284 245

68 409 135 472 pore
158 391 331 468 degenerat.
366 407 434 450 rosa
456 400 485 451 et
511 390 731 469 quinquennium
756 389 869 469 perlert
892 407 950 451 non
973 391 1067 450 recisa

68 495 117 536 nee
132 475 243 536 adusta.
275 473 327 534 illo
349 474 424 534 euim
445 475 531 534 modo
554 475 724 535 iuvenescit.
756 474 887 535 Diximus
908 483 939 534 et
961 482 1068 534 terram
1078 494 1099 528 o

1 583 2 594 ι
68 561 174 621 referre
191 558 362 638 plurumum.
395 575 459 618 nam
474 559 501 617 in
516 557 653 638 Aegypto
675 560 737 618 sine
763 559 855 619 odore
871 559 945 618 haec
963 559 1067 635 orunia,

69 651 227 722 tantumque
243 644 345 717 myrtis
360 642 435 702 odor
455 643 640 720 praecipuus.
671 641 778 702 alicubi
794 643 879 702 etiam
894 640 969 702 binis
989 660 1067 703 men·

54 728 142 789 rubus
159 725 308 787 antecedit
323 727 493 803 germinatio
516 726 649 786 omnium.
683 723 805 788 llosaria
820 744 837 786 a
850 726 967 787 favonio
987 728 1067 788 fossa

71 820 179 892 oportet
202 829 273 870 esse
292 811 452 889 iterumque
474 807 615 885 solstitio,
644 819 673 870 et
696 810 724 870 ld
741 810 883 886 agendum
904 819 934 870 ut
951 812 1024 871 intra
1040 811 1068 871 ivl

1 891 2 962 l
70 906 176 974 tempus
192 903 370 973 perpurgata
387 912 423 955 ac
438 912 510 972 pura
524 894 589 953 sint.

124 979 173 1040 12.
197 977 283 1056 (41.)
307 979 416 1039 Verum
436 978 528 1038 lrortis
544 979 816 1057 coronamentisque
831 984 963 1038 maxume
986 978 1063 1038 alva·
1077 988 1111 1043 70

1 1129 2 1146 ,
70 1064 106 1124 u'a
122 1072 152 1123 et
166 1080 239 1142 apes
261 1063 451 1137 conveniunt,
477 1080 526 1122 res
545 1063 696 1141 praecipui
720 1071 873 1140 quaestus,
903 1062 1067 1141 conpendio

1 1149 2 1228 l
45 1164 127 1208 ocum
141 1147 231 1208 favet.
262 1146 361 1207 harum
379 1163 452 1224 ergo
471 1163 558 1206 causa
574 1155 693 1226 oportet
710 1163 810 1207 serere
826 1145 967 1221 thymum,
990 1146 1067 1224 apia·

1 1233 2 1268 l
70 1241 167 1306 strum,
198 1246 314 1307 rosam,
346 1229 456 1305 violas,
486 1229 591 1306 lilium,
620 1232 759 1306 cytisum,
786 1229 898 1306 labam,
927 1230 1067 1305 erviliam,

71 1315 200 1391 cunilam,
227 1331 373 1394 papaver,
401 1331 556 1391 conyuam,
586 1316 707 1390 casiam,
733 1313 907 1391 meliloton,
935 1314 1067 1375 melisso-

71 1399 208 1478 phyllum,
234 1399 394 1459 cerinthum.
428 1416 462 1459 aa
483 1407 528 1458 est
554 1408 648 1458 autem
668 1398 741 1459 lolio
763 1397 902 1474 candido,
935 1400 1067 1473 incurvo,

72 1483 214 1558 cubitalis,
253 1483 348 1561 capite
375 1499 505 1543 concavo
531 1481 626 1542 mellis
648 1499 748 1542 sucum
780 1481 915 1542 habente.
957 1481 1064 1542 Horum
1077 1487 1110 1544 ll

45 1567 143 1629 oloris
158 1567 343 1628 avidissimae
358 1576 437 1641 sunt,
464 1575 551 1645 atque
569 1569 655 1627 etiam
668 1567 801 1645 sinapis,
828 1565 906 1645 quod
922 1568 1068 1641 miremur,

72 1670 127 1711 cunr
143 1651 240 1712 olivae
255 1649 356 1712 liorem
372 1651 408 1711 ab
430 1651 473 1711 lris
494 1667 552 1710 uon
575 1651 676 1728 attingi
694 1659 823 1726 constet,
848 1650 914 1710 ideo
935 1651 1008 1711 hanc
1023 1667 1067 1710 ar·

71 1736 165 1797 iorem
178 1735 282 1814 procul
299 1753 366 1795 esse
383 1735 485 1794 melius
497 1736 545 1810 sit,
559 1752 623 1794 cum
636 1734 748 1813 aliquas
759 1752 844 1813 quam
859 1751 999 1813 proxume
1010 1734 1070 1792 seri

72 1821 219 1880 conveniat
235 1837 310 1899 quae
332 1828 362 1880 et
381 1818 556 1880 evolantium
580 1819 710 1878 examina
735 1819 854 1878 invitent
877 1835 932 1878 uec
955 1818 1068 1894 longius

71 1904 144 1965 abire
161 1905 314 1983 patiantur.

46 2003 66 2044 u
109 1987 195 2068 (42.)
216 1987 343 2048 Coruum
359 2005 476 2067 quoque
491 1986 626 2048 arborem
647 1987 746 2048 caveri
762 1995 887 2065 oportet.
917 1986 990 2046 llore
1005 1987 1066 2045 eius
1079 1993 1112 2048 72

73 2072 219 2148 degustato
238 2071 305 2132 alvo
327 2074 384 2133 cita
404 2073 572 2132 moriuntur.
603 2071 761 2132 remedium
780 2069 868 2130 sorba
891 2079 1031 2131 contunsa
1052 2087 1069 2128 e

73 2155 151 2215 melle
169 2154 318 2234 praebere
338 2155 382 2216 his
398 2155 448 2216 vel
467 2155 577 2216 urinam
595 2154 716 2216 hominis
734 2154 782 2214 vel
806 2153 893 2214 boum
913 2162 960 2214 aut
980 2171 1069 2231 grana

75 2240 160 2317 punici
182 2237 251 2300 mali
269 2239 391 2300 Amineo
415 2241 482 2299 vino
505 2256 675 2319 consperso.
707 2247 735 2299 at
755 2238 885 2316 genistas
902 2239 1069 2298 circumseri

75 2323 181 2383 alvariis
197 2324 400 2401 gratissimum.

48 2424 68 2465 u
130 2405 212 2486 (43.)
242 2405 344 2467 llimm
378 2415 424 2467 ost
457 2407 631 2485 (lignumque
659 2414 818 2466 memoratu
852 2405 889 2464 de
926 2403 1112 2465 alimentia73

74 2491 143 2569 quod
164 2492 297 2570 conperi.
330 2490 454 2551 Hostilia
474 2492 556 2550 viem
581 2489 704 2550 adluitur
720 2489 809 2550 Pado.
841 2486 923 2547 huius
941 2485 1069 2563 inquilini

74 2574 170 2652 pabulo
192 2577 272 2635 cirea
295 2574 449 2636 deficiente
472 2576 610 2652 inponunt
627 2573 748 2635 cambus
768 2572 850 2632 alvos
876 2567 1070 2647 noctibusque

74 2660 150 2736 quina
173 2659 253 2720 milia
277 2676 414 2738 passuum
439 2660 586 2719 contrario
611 2661 693 2718 amne
720 2653 890 2715 subvehunt.
930 2668 1069 2730 egressae

74 2741 132 2802 luce
157 2761 230 2822 apes
257 2752 417 2823 pastaeque
435 2742 569 2810 adnavit
597 2742 703 2802 cotidie
728 2747 858 2800 remeant
877 2738 1010 2797 mutantis
1027 2736 1070 2796 lo·

48 2843 147 2904 utum,
174 2827 271 2888 donee
291 2828 423 2905 pondere
444 2828 510 2904 ipso
525 2828 636 2905 pressis
652 2823 772 2885 navibus
788 2821 893 2901 plenae
910 2820 967 2880 alvi
989 2820 1070 2880 intel·

76 2908 199 2988 legantur
221 2913 409 2989 retentisque
431 2912 590 2970 eximantur
610 2910 706 2970 mella.
753 2906 801 2968 13.
825 2903 862 2964 Et
884 2907 912 2964 in
929 2903 1067 2984 Hispania
1079 2912 1114 2967 74

75 2995 147 3055 mulis
161 2994 327 3074 provehunt
348 2993 433 3055 simili
451 2995 486 3054 tle
510 3011 613 3071 causa,
646 2993 731 3072 (44.)
750 2999 915 3066 tantumque
936 2988 1070 3066 pabulum

5 3093 7 3098 ·
76 3079 156 3139 relert
182 3089 214 3140 ut
230 3078 319 3139 mella
342 3095 458 3157 quoque
480 3086 622 3138 venenata
645 3077 721 3136 liant.
749 3071 903 3132 Heracliae
927 3073 955 3131 in
980 3073 1071 3132 Ponto

76 3162 236 3238 quibusdam
260 3162 342 3224 annis
361 3162 605 3241 perniciosissima
632 3161 774 3220 exsistunt
794 3155 830 3216 ab
850 3155 952 3215 iisdem
969 3155 1072 3234 apibus

50 3245 151 3308 oracta.
183 3265 241 3308 nec
256 3246 360 3307 dixere
376 3255 511 3306 auctores
533 3263 548 3303 e
564 3245 668 3323 quibus
685 3240 804 3302 floribus
820 3256 855 3298 ea
871 3238 992 3314 lierent,
1019 3256 1073 3299 uos

76 3330 210 3391 trademus
228 3347 305 3410 quae
322 3331 513 3409 conperimus.
544 3327 642 3388 Herba
662 3334 707 3386 est
720 3324 756 3384 ab
775 3323 863 3382 exitio
884 3330 914 3380 et
934 3324 1073 3384 iumento·

76 3431 129 3474 rum
153 3415 286 3494 quidem,
317 3413 371 3474 sed
400 3414 558 3493 praecipue
583 3425 750 3490 caprarum,
778 3403 928 3482 appellata
954 3406 1074 3485 aegole-

6 3523 8 3580 g
76 3495 159 3559 tiron.
185 3499 269 3560 huius
288 3495 364 3582 lloqe
379 3497 544 3576 concipiunt
558 3497 674 3556 noxium
689 3493 768 3551 virus
784 3503 896 3565 aquoso
912 3506 985 3550 vere
1002 3509 1075 3551 mar·
