2508 3924
288 223 366 270 nnn.
382 222 471 272 ussa.
487 223 610 272 nunus.
630 221 672 276 ιο.
688 222 731 274 11.
747 209 894 286 (45-48)
1027 213 1085 274 187
1123 190 1146 266 ι’

100 374 191 436 melle
209 375 327 452 inungui
349 376 559 452 obscuritates,
589 376 657 436 item
675 375 747 436 ielle
764 376 877 453 ursino,
907 378 1084 456 epinyctidas

100 459 188 538 adipe
206 476 315 537 apruno
332 477 395 520 cum
407 477 542 521 rosaceo.
570 459 692 536 uugrrlae
707 459 832 520 asininae
845 460 915 520 cinis
929 463 1084 522 inunctuse

99 559 154 602 suo
166 540 244 602 lacte
255 543 401 604 oculorum
416 544 568 604 cicatrices
580 553 610 604 et
619 541 769 618 albugines
780 542 863 604 tollit.
883 543 1006 604 medulla
1018 544 1067 605 bu·
1076 553 1126 610 168

98 625 167 684 bula
181 643 199 684 e
214 625 314 687 dextro
331 645 414 687 crura
434 628 530 704 priore
550 627 695 686 tritanum
713 626 833 702 iuligine
852 627 919 704 pilis
938 637 968 688 et
984 627 1083 707 palpe-

74 708 215 768 sbrarum
232 709 306 768 vitiis
322 709 546 787 angulorumque
561 712 700 785 occurrit,
717 709 917 788 calliblephari
935 711 1020 771 modo
1042 711 1083 770 lu·

96 793 160 868 ligo
175 792 203 851 in
216 791 273 851 hoc
285 811 337 853 usu
348 801 532 871 temperatur,
542 801 657 871 optume
669 793 813 868 ellychnio
826 811 991 872 papyraceo
1003 794 1083 854 cleo·

98 893 156 953 que
172 877 332 953 sesamino,
357 874 477 954 iuligine
496 877 525 935 in
539 892 643 936 nouom
657 893 709 935 vas
725 877 816 954 pinnis
833 876 964 955 detersa,
986 877 1082 938 ellicu-

1 1010 2 1018 ,
97 960 215 1020 cissime
230 966 324 1018 tamen
341 959 460 1020 evolsos
476 959 516 1019 ibi
529 960 606 1038 pilos
623 967 749 1020 coercet.
782 958 852 1020 felle
866 962 938 1020 tauri
954 978 1018 1021 cum
1036 961 1083 1019 cvi

97 1041 166 1102 albo
184 1041 306 1116 collyria
331 1043 415 1119 liunt,
436 1060 565 1122 aquaque
587 1042 724 1104 dissoluta
746 1043 883 1120 inungunt
903 1061 957 1122 per
978 1046 1083 1121 quatri·

0 1165 2 1168 ψ
62 1125 192 1186 toduum.
223 1124 323 1184 sebum
338 1126 419 1186 vituli
438 1144 502 1186 curu
518 1125 629 1187 anseris
644 1126 729 1204 adipe
744 1135 774 1186 ct
789 1127 872 1188 ocimi
888 1143 959 1187 sucu
974 1144 1062 1202 gena·
1075 1134 1125 1190 169
1171 1199 1174 1206 ⁴

100 1227 161 1268 rum
177 1209 255 1268 vitiis
269 1210 444 1286 aptissimum
460 1218 513 1270 est.
546 1209 674 1270 eiusdem
694 1208 836 1270 medullae
852 1227 914 1269 cum
934 1211 996 1288 pari
1012 1225 1082 1288 pnn-

98 1292 169 1352 dere
185 1309 271 1352 cerae
295 1301 324 1352 et
345 1293 403 1353 olei
417 1293 465 1352 uel
484 1293 599 1354 rosacei
619 1291 714 1352 addito
731 1308 788 1353 ovo
811 1292 930 1353 duritiae
947 1308 1083 1370 genarum

96 1374 260 1436 inlinuntur.
291 1392 379 1436 caseo
394 1376 474 1436 molli
489 1377 607 1454 captiuo
627 1375 752 1454 inposito
768 1394 806 1436 ex
827 1394 899 1454 aqua
914 1375 1005 1436 calida
1022 1377 1082 1454 epi·

96 1457 209 1537 phocae
236 1458 387 1535 sedantur,
414 1461 438 1519 si
458 1468 550 1519 tumor
571 1459 625 1534 sit,
651 1477 689 1518 ex
709 1459 804 1521 melle.
841 1468 990 1536 utrumque
1010 1476 1082 1518 varo

2 1573 7 1609 ς
62 1561 86 1602 ¹u
97 1559 169 1602 sero
186 1540 280 1602 calido
296 1542 459 1602 fouendum.
491 1544 569 1603 sicca
580 1541 718 1621 lippitudo
734 1541 868 1603 lumbulis
882 1560 961 1602 suum
972 1542 1081 1602 exustis

1 1643 7 1697 p
95 1634 184 1703 atque
203 1627 332 1686 annuitis
352 1635 382 1686 et
396 1627 529 1703 inpositis
545 1624 663 1685 tollitur.
694 1623 803 1703 (lapras
825 1634 931 1702 negant
946 1625 1061 1705 lippire,
1073 1631 1125 1688 170

1 1741 7 1780 p
93 1710 232 1787 quoniam
247 1708 383 1786 quasdam
398 1709 504 1769 herbas
519 1708 614 1784 edint,
628 1709 695 1768 item
710 1707 860 1770 dorcadas.
892 1709 930 1768 ob
944 1709 973 1768 id
986 1710 1081 1768 limum

0 1821 2 1829 ν
92 1809 194 1852 earum
209 1809 276 1851 cara
291 1792 492 1853 circumdatum
503 1808 581 1874 nova
595 1791 660 1852 luna
671 1793 813 1852 devorare
827 1791 934 1867 iubent,
950 1800 979 1851 et
993 1807 1080 1869 quon

93 1877 151 1935 iam
177 1883 264 1935 noctu
287 1893 340 1935 eae
364 1891 479 1955 quoque
504 1884 629 1934 cernant.
673 1876 810 1953 sauguine
838 1875 950 1936 hircino
976 1875 1081 1934 lusciu-

3 2015 5 2022 ,
58 1976 146 2021 meos
162 1959 257 2018 sanari
271 1967 369 2036 putant
390 1959 560 2036 nyctalopas
580 1957 730 2020 adraaois
753 1959 862 2035 dictos,
886 1975 991 2037 caprae
1010 1974 1081 2016 vero

92 2042 227 2104 iocinere
241 2041 270 2100 in
285 2043 352 2102 vino
374 2051 488 2102 austero
514 2041 647 2102 decoctu.
678 2043 791 2122 quidam
811 2043 929 2103 inassati
945 2041 1081 2102 iocineris

0 2145 7 2193 ς
92 2125 178 2186 sanie
192 2125 329 2202 inungunt
344 2133 391 2184 aut
407 2125 478 2200 ielle
495 2142 611 2202 caprae,
630 2127 782 2204 carnisque
798 2127 881 2186 vesci
896 2143 947 2186 eas
961 2134 1000 2200 et,
1017 2125 1080 2184 dum

1 2229 9 2286 ·,
93 2217 270 2286 coquantur,
293 2207 395 2268 oculos
418 2209 553 2288 vaporari
570 2209 615 2268 bis
637 2210 827 2288 praecipiunt.
860 2208 889 2269 id
904 2226 1020 2286 quoque
1033 2225 1078 2266 re·

0 2341 3 2347 ,,
92 2293 175 2352 ferre
190 2290 362 2351 arbitrantur
387 2300 417 2349 ut
437 2292 514 2351 rutili
539 2291 647 2351 coloris
666 2293 761 2352 luerit.
791 2292 900 2353 Volunt
920 2303 949 2352 et
971 2291 1061 2352 suffiri
1072 2300 1120 2355 171

2 2437 4 2441 .
57 2373 344 2436 asuculcsiuciuere
364 2373 474 2433 inullis
490 2375 631 2451 decocto,
655 2375 766 2453 quidam
787 2376 923 2436 inassatn.
958 2374 998 2434 iel
1020 2373 1079 2452 qui·

93 2458 161 2518 dem
181 2459 327 2534 caprinum
346 2457 476 2536 pluribus
495 2456 586 2517 modis
606 2457 768 2535 adsumunt,
791 2476 854 2518 cum
873 2457 960 2518 melle
982 2466 1080 2516 contra

94 2541 248 2617 caligines,
261 2558 323 2599 cum
337 2542 444 2600 veratri
459 2539 570 2600 candidi
583 2541 667 2600 tertia
683 2550 763 2618 parte
779 2550 878 2600 contra
890 2540 1080 2616 glaucomata,

93 2643 161 2684 cum
175 2625 241 2683 vino
257 2634 356 2682 contra
372 2624 523 2683 cicatrices
538 2632 567 2682 et
581 2621 732 2699 albugines
746 2633 774 2683 et
790 2624 929 2698 caligines
945 2631 973 2682 et
984 2631 1080 2700 ptery-

76 2709 144 2785 'gia
170 2715 199 2768 et
224 2723 357 2784 argema,
383 2707 418 2766 ad
440 2706 595 2786 palpebras
615 2723 687 2767 vero
710 2706 812 2766 evolso
833 2707 912 2784 prius
932 2704 992 2783 pilo
1016 2721 1079 2762 cum

55 2807 168 2856 manco
185 2791 274 2850 oleris
293 2793 331 2852 ita
355 2799 383 2850 ut
404 2792 499 2850 unctio
521 2792 677 2867 inarescat,
705 2798 921 2867 contraruptas
942 2785 1081 2848 tuniculas

94 2893 160 2936 cunr
177 2873 253 2934 lacte
268 2875 405 2934 mulieris.
428 2874 465 2936 ad
480 2875 573 2934 omnia
588 2877 775 2933 inveteratum
788 2871 829 2934 fel
846 2871 994 2932 efficacius
1006 2888 1057 2949 pu·
1070 2878 1120 2934 172

90 2967 166 3035 taut,
181 2975 237 3018 nec
252 2957 384 3018 abdicant
398 2959 491 3017 limum
508 2975 546 3016 ex
561 2957 648 3016 melle
662 2957 769 3018 inlitum
783 2955 947 3035 epiphoris,
968 2962 1079 3014 coutra-

92 3059 154 3120 que
169 3041 289 3100 dolores
304 3040 470 3118 medullam,
485 3043 553 3100 item
568 3041 731 3119 pulmonem
746 3039 870 3118 leporis,
887 3047 918 3099 et
931 3037 967 3098 ad
982 3037 1079 3114 caligi-

94 3141 149 3184 nes
165 3124 206 3185 iel
222 3142 286 3184 cum
300 3141 389 3203 passo
409 3133 456 3202 apt
470 3124 567 3184 melle.
610 3125 707 3203 lupino
724 3140 839 3201 quoque
861 3123 945 3202 adipe
959 3122 1007 3181 vel
1021 3139 1079 3179 me·

1 3254 5 3292 ξ
56 3207 175 3270 tsdulla
200 3225 281 3266 suum
307 3208 402 3268 fricari
433 3208 535 3268 oculus
560 3215 659 3268 contra
683 3208 866 3285 lippitudines
891 3206 1078 3285 praecipiunt.

92 3309 161 3352 nanu
176 3291 322 3368 vulpinam
336 3291 460 3367 linguam
475 3291 606 3351 habentis
626 3293 655 3350 iu
669 3290 777 3355 armilla
792 3290 945 3370 lippituros
964 3296 1078 3364 negant.

158 3372 244 3452 (48.)
265 3374 382 3433 Aurium
398 3373 489 3434 dolori
506 3383 534 3434 et
549 3375 625 3434 vitiis
636 3373 784 3433 medentur
797 3376 877 3434 urina
893 3373 954 3452 apri
975 3373 1003 3430 iu
1017 3371 1058 3429 vi·
1069 3379 1120 3435 173

2 3449 4 3524 s
93 3465 160 3518 trec
177 3465 310 3533 seruata,
333 3457 373 3516 iel
392 3459 456 3535 apri
475 3457 523 3518 rel
538 3458 597 3518 suis
613 3457 660 3518 vel
674 3456 808 3518 bubulum
828 3473 891 3518 cum
905 3457 971 3518 olen
987 3456 1077 3516 cituco
