2370 3922
178 240 217 304 34
529 253 558 301 c.
575 251 670 300 curru
685 248 834 301 sncmror

178 407 260 469 cialia
276 415 306 468 ct
321 408 466 468 brassicae
480 407 544 466 cnm
559 407 620 466 rite
637 405 714 482 odia,
728 403 824 483 ipsum
843 405 909 466 olus
929 423 988 482 quo
1003 407 1153 484 ritisingu-

148 501 224 554 ttur
241 491 390 552 adversum
404 490 562 566 cyclamino
579 498 609 549 et
627 491 748 566 origano
757 490 874 548 arescit.
907 491 976 566 quin
988 497 1019 548 ct
1043 507 1153 550 annosas

8 545 10 640 l
178 578 232 634 iam
250 583 280 634 et
296 591 369 652 quae
384 580 549 634 sternantur
564 573 687 632 arbores
702 571 848 631 difficillus
860 571 956 647 caedi,
971 571 1093 633 celerius
1104 574 1154 633 ina-

8 661 9 694 l
140 663 150 680 ‘
177 675 297 718 resuere
314 657 442 732 tradunt,
457 658 481 715 si
498 656 577 733 prius
594 670 677 714 manu
693 671 776 732 quam
795 655 876 714 lerrc
900 657 1082 730 attingantur.
1110 674 1154 733 po

176 757 285 800 morum
306 756 425 800 oncraa
437 740 571 798 iumentis
587 739 683 796 statim
703 739 804 798 sentiri
824 755 874 812 ac,
897 740 953 796 nisi
973 740 1052 815 prius
1069 747 1176 800 osten-c

178 822 279 882 dantur
293 823 349 900 his,
367 823 494 900 quamvis
510 839 600 899 pauca
614 829 743 898 portent,
759 819 863 882 sudare
874 821 952 880 ilico.
982 820 1092 880 ferulae
1108 825 1154 882 ast

176 907 221 963 nis
237 907 402 982 gratissimo
426 912 492 964 sunt
515 906 545 963 iu
567 903 690 982 pabulo,
708 905 816 963 ceteris
837 921 910 964 vcro
926 905 1060 963 iumentis
1083 921 1176 981 prae-r

176 996 317 1048 sentaneu
333 1005 461 1065 veneno,
477 1005 532 1065 qua
543 987 677 1046 dccausa
687 986 717 1046 id
728 985 1152 1064 ammalbiberupatriadsigna·
1174 975 1176 1052 1

150 1080 223 1137 atur
239 1074 284 1130 cui
304 1079 335 1131 et
357 1070 458 1130 ferula.
476 1070 578 1130 Sardis
589 1073 674 1130 ctiam
690 1087 786 1129 rerum
799 1087 850 1128 sua
861 1071 1039 1148 cuiquesuut
1053 1088 1152 1132 venera

177 1172 211 1214 ac
226 1156 356 1214 minumis
373 1171 497 1230 quoquc.
536 1142 648 1230 philyra
671 1154 735 1212 ccci
758 1160 788 1212 ct
813 1153 922 1230 polline
942 1155 1060 1212 nimium
1074 1153 1115 1214 sal

176 1239 250 1298 cibis
267 1239 409 1312 eximunt,
427 1236 624 1315 praedulcium
639 1237 783 1296 fastidium
799 1235 842 1296 sal
855 1245 1006 1314 temperat.
1035 1239 1152 1298 nitrosae

102 1343 109 1360 ·
176 1330 226 1381 aut
248 1337 360 1380 amarae
384 1337 476 1397 aquae
499 1320 620 1398 polenta
641 1320 735 1380 addita
751 1321 933 1396 mitigantur,
955 1327 988 1378 ut
1004 1321 1080 1379 intra
1095 1320 1152 1380 duas

176 1403 266 1464 boras
290 1403 351 1463 bibi
374 1403 504 1480 possint,
525 1421 580 1481 qua
603 1404 639 1464 de
657 1419 743 1462 causa
758 1412 788 1462 ct
804 1405 834 1463 in
854 1421 956 1462 saccos
972 1405 1101 1464 vinarius
1116 1404 1153 1464 nd·

176 1487 253 1546 ditur
264 1487 391 1565 polenta.
411 1486 512 1546 similis
527 1487 572 1546 vis
587 1485 718 1546 Rhodiae
733 1495 832 1546 cretae
850 1495 880 1546 et
894 1485 1017 1563 argillae
1032 1489 1151 1546 nostrati

125 1591 128 1597 ’
177 1567 340 1632 Concordia
362 1569 475 1647 ualent,
500 1587 563 1632 cum
576 1571 627 1648 pix
647 1569 715 1630 oleo
732 1569 908 1644 extrahitur,
927 1570 1040 1646 quando
1056 1579 1151 1630 utrum

176 1671 233 1732 que
245 1656 361 1733 pinguis
375 1661 494 1714 naturae
508 1663 562 1714 cst.
590 1653 686 1712 oleum
697 1652 790 1712 solum
805 1653 876 1712 calci
887 1654 1038 1730 miscetur,
1050 1653 1150 1731 quando
1175 1707 1176 1720 2

176 1746 327 1814 utrumque
353 1755 441 1814 aquas
466 1737 534 1798 odit,
568 1738 683 1796 cummis
705 1743 789 1796 aceto
811 1737 923 1798 lacilius
945 1737 1070 1813 eluitur,
1090 1745 1160 1818 atra-3

176 1829 301 1880 mentum
319 1838 408 1897 aqua,
434 1825 581 1882 innumera
604 1827 758 1897 practerea
777 1819 833 1878 alia
855 1838 929 1897 quae
952 1821 1013 1878 suis
1032 1819 1104 1879 locis
1119 1819 1150 1878 di·

146 1911 278 1967 ⁴lcerrtur
293 1903 419 1963 adsidue,
454 1903 528 1962 Hinc
543 1911 607 1962 nata
622 1903 769 1962 medicina.
804 1902 876 1962 hacc
889 1903 953 1962 sola
968 1911 1087 1962 naturae
1101 1903 1150 1981 pla·

131 2027 132 2031 ,
177 1993 276 2044 cuerat
299 2004 366 2044 esse
387 1987 514 2046 remedia
536 1994 634 2064 parata
656 1985 766 2062 volgo,
790 1988 908 2045 inventu
929 1985 1025 2046 lucilia
1048 2005 1081 2044 ac
1094 1987 1134 2046 sin

175 2066 312 2144 inpendio
340 2076 370 2128 ct
397 2069 500 2145 quibus
525 2071 655 2128 vivimus.
697 2076 801 2146 postea
824 2069 941 2128 fraudes
966 2069 1108 2129 homiuum
1125 2075 1149 2128 cl
1168 2092 1176 2146 p

175 2151 357 2226 ingeniorum
384 2160 522 2229 capturae
544 2153 672 2212 cilicinas
688 2154 830 2212 invenere
845 2154 917 2211 istas
938 2155 968 2210 in
988 2153 1092 2229 quibus
1107 2169 1148 2212 sua
1167 2175 1173 2228 's

175 2235 278 2315 cuique
293 2232 400 2292 bomini
417 2235 527 2294 venalis
541 2237 716 2312 promittitur
731 2236 797 2294 vita.
829 2237 925 2294 statim
938 2237 1147 2313 conpositiones

147 2325 207 2383 set
226 2319 366 2376 mixturae
383 2317 604 2394 inexplicabiles
621 2318 822 2394 decantantur,
846 2317 955 2377 Arabia
975 2327 1063 2396 atque
1080 2318 1147 2377 India

176 2402 205 2460 in
228 2400 323 2460 medio
346 2401 547 2478 aestimantur,
572 2401 719 2480 ulcerique
741 2416 832 2480 parto
852 2401 993 2462 medicina
1020 2401 1146 2478 aRubro
1172 2445 1176 2482 Ι

174 2485 245 2544 mari
262 2485 425 2562 inputatur,
441 2502 503 2543 cum
519 2484 645 2544 remedia
662 2503 732 2543 vera
747 2483 854 2543 cotidie
866 2487 1067 2563 pauperrimus
1082 2485 1145 2561 quis·

175 2585 231 2645 que
248 2576 341 2627 cenet.
372 2568 475 2627 namsi
493 2586 531 2627 ex
546 2568 631 2627 burto
653 2575 806 2646 petantur,
827 2575 874 2626 aut
889 2566 980 2626 herba
994 2568 1046 2627 ‘vel
1061 2568 1145 2626 lrutcr
1164 2607 1176 2651 p

175 2659 344 2728 quaeratur,
358 2649 435 2710 nulla
451 2653 552 2710 artium
568 2651 653 2709 vilior
668 2651 724 2708 liat.
758 2651 797 2708 ita
814 2659 860 2709 est
876 2651 1030 2727 proiecto,
1052 2650 1144 2726 magui·

174 2733 242 2792 tudo
262 2734 360 2811 populi
386 2733 511 2811 perdidit
525 2736 614 2809 ritus,
638 2734 839 2810 vincendoque
852 2734 921 2792 victi
939 2751 1045 2792 sumus.
1074 2750 1143 2810 pare·
1173 2726 1176 2802 ζ

174 2833 235 2872 mus
253 2819 400 2893 externis,
417 2826 446 2876 et
464 2835 518 2876 una
533 2818 634 2874 artium
653 2817 878 2894 imperatoribus
900 2833 1017 2893 quoque
1035 2819 1142 2893 impera·

174 2907 286 2956 verunt.
323 2917 420 2958 verum
435 2900 471 2959 de
492 2900 537 2958 his
552 2899 622 2958 alias
640 2899 730 2976 plura.
1158 2953 1162 2978 ὲ

147 2991 164 3046 6
219 2979 246 3038 2.
269 2979 328 3057 (2.)
357 2981 452 3044 Leton
463 2982 579 3054 herbam
590 2983 716 3059 itemque
731 2982 908 3060 Aegyptiam
920 2981 1025 3042 codem
1040 2983 1141 3042 nominc

133 3060 284 3148 1³p2i⁴alias
303 3071 332 3122 et
348 3063 487 3139 Syrticam
501 3066 635 3126 arborem
650 3065 770 3124 diximus
786 3067 846 3124 suis
863 3065 944 3125 lucis.
976 3065 1049 3126 baec
1063 3066 1141 3140 lotos,
1169 3055 1174 3082 ³

174 3163 247 3224 quae
263 3144 327 3203 laba
343 3143 451 3206 Graeca
467 3149 657 3228 appellatura
672 3149 792 3224 nostris,
808 3148 902 3208 alvom
914 3149 993 3208 bacis
1009 3152 1091 3208 sistit.
1105 3165 1140 3206 ra·
1159 3180 1168 3223 ,-

173 3237 267 3289 menta
282 3227 352 3303 ligni
365 3226 485 3290 decocta
500 3233 529 3290 in
544 3233 611 3290 vinu
629 3239 750 3308 prosunt
763 3231 966 3309 dysintericis,
986 3233 1117 3292 menstrui
1157 3262 1165 3312 .'

173 3311 542 3390 vertigini-comitialibus,
560 3313 698 3374 cohibent
720 3322 749 3374 et
763 3315 904 3393 capsslum.
933 3317 1035 3375 mirum
1049 3316 1090 3374 his
1104 3330 1139 3372 ra·
1175 3313 1176 3316 ’

173 3395 276 3454 mentis
296 3391 366 3452 uihil
383 3409 449 3452 esse
472 3398 591 3456 amarius
612 3398 762 3474 fructuque
782 3397 900 3458 dulcius.
933 3399 1009 3457 litet
1027 3419 1043 3458 e
1061 3397 1122 3457 scob
1149 3404 1176 3482 ᾖ,

174 3480 235 3535 eius
252 3475 484 3534 medicamentum
498 3495 534 3535 ex
545 3496 617 3556 aqua
631 3483 715 3554 myrti
731 3480 862 3558 decocta,
880 3482 998 3542 subacta
1017 3491 1046 3542 et
1060 3469 1176 3574 divisusspe‘
