<?xml version="1.0" encoding="UTF-8"?>
<!DOCTYPE html PUBLIC "-//W3C//DTD XHTML 1.0 Transitional//EN"
    "http://www.w3.org/TR/xhtml1/DTD/xhtml1-transitional.dtd">
<html xmlns="http://www.w3.org/1999/xhtml" xml:lang="en" lang="en">
 <head>
  <title>
</title>
<meta http-equiv="Content-Type" content="text/html;charset=utf-8" />
  <meta name='ocr-system' content='tesseract 3.04.00' />
  <meta name='ocr-capabilities' content='ocr_page ocr_carea ocr_par ocr_line ocrx_word'/>
</head>
<body>
  <div class='ocr_page' id='page_1' title='image "./naturalishistor00plingoog_0711.png"; bbox 0 0 2504 3930; ppageno 0'>
   <div class='ocr_carea' id='block_1_1' title="bbox 363 285 1172 356">
    <p class='ocr_par' dir='ltr' id='par_1_1' title="bbox 363 285 1172 356">
     <span class='ocr_line' id='line_1_1' title="bbox 363 285 1172 356; baseline 0.002 -10"><span class='ocrx_word' id='word_1_1' title='bbox 363 289 879 356; x_wconf 74' lang='lat' dir='ltr'>nar.nrsr.xxx11.t.(tl—at.)</span> <span class='ocrx_word' id='word_1_2' title='bbox 1066 285 1129 350; x_wconf 81' lang='grc'>299</span> <span class='ocrx_word' id='word_1_3' title='bbox 1170 287 1172 294; x_wconf 84' lang='grc'><em>’</em></span> 
     </span>
    </p>
   </div>
   <div class='ocr_carea' id='block_1_2' title="bbox 108 451 1220 1195">
    <p class='ocr_par' dir='ltr' id='par_1_2' title="bbox 132 451 1130 532">
     <span class='ocr_line' id='line_1_2' title="bbox 132 451 1130 532; baseline 0 -20"><span class='ocrx_word' id='word_1_4' title='bbox 132 451 300 513; x_wconf 83' lang='lat' dir='ltr'>volneribus</span> <span class='ocrx_word' id='word_1_5' title='bbox 321 452 524 512; x_wconf 83' lang='lat' dir='ltr'>efficacissime</span> <span class='ocrx_word' id='word_1_6' title='bbox 546 451 676 532; x_wconf 89' lang='lat' dir='ltr'>prodest.</span> <span class='ocrx_word' id='word_1_7' title='bbox 708 451 855 531; x_wconf 87' lang='lat' dir='ltr'>parotides</span> <span class='ocrx_word' id='word_1_8' title='bbox 877 452 1014 511; x_wconf 88' lang='lat' dir='ltr'>muricum</span> <span class='ocrx_word' id='word_1_9' title='bbox 1035 459 1130 512; x_wconf 85' lang='lat' dir='ltr'>testae</span> 
     </span>
    </p>

    <p class='ocr_par' dir='ltr' id='par_1_3' title="bbox 108 535 1220 1098">
     <span class='ocr_line' id='line_1_3' title="bbox 133 535 1220 612; baseline -0.003 -16"><span class='ocrx_word' id='word_1_10' title='bbox 133 538 233 596; x_wconf 89' lang='lat' dir='ltr'>cinere</span> <span class='ocrx_word' id='word_1_11' title='bbox 254 553 317 594; x_wconf 92' lang='lat' dir='ltr'>cum</span> <span class='ocrx_word' id='word_1_12' title='bbox 331 536 419 595; x_wconf 91' lang='lat' dir='ltr'>melle</span> <span class='ocrx_word' id='word_1_13' title='bbox 434 535 482 595; x_wconf 90' lang='lat' dir='ltr'>vel</span> <span class='ocrx_word' id='word_1_14' title='bbox 496 535 713 611; x_wconf 73' lang='lat' dir='ltr'>conchyliorum</span> <span class='ocrx_word' id='word_1_15' title='bbox 728 554 765 595; x_wconf 88' lang='lat' dir='ltr'>ex</span> <span class='ocrx_word' id='word_1_16' title='bbox 779 535 871 594; x_wconf 88' lang='lat' dir='ltr'>mulso</span> <span class='ocrx_word' id='word_1_17' title='bbox 887 543 1030 594; x_wconf 77' lang='lat' dir='ltr'>curantur.</span> <span class='ocrx_word' id='word_1_18' title='bbox 1216 605 1220 612; x_wconf 24' lang='grc' dir='ltr'>ι</span> 
     </span>
     <span class='ocr_line' id='line_1_4' title="bbox 197 618 1172 698; baseline 0.006 -20"><span class='ocrx_word' id='word_1_19' title='bbox 197 619 280 698; x_wconf 86' lang='grc'>(26.)</span> <span class='ocrx_word' id='word_1_20' title='bbox 302 619 434 678; x_wconf 90' lang='lat' dir='ltr'>Dentium</span> <span class='ocrx_word' id='word_1_21' title='bbox 452 619 572 679; x_wconf 87' lang='lat' dir='ltr'>dolores</span> <span class='ocrx_word' id='word_1_22' title='bbox 585 618 721 679; x_wconf 91' lang='lat' dir='ltr'>sedantur</span> <span class='ocrx_word' id='word_1_23' title='bbox 741 618 855 678; x_wconf 86' lang='lat' dir='ltr'>ossibus</span> <span class='ocrx_word' id='word_1_24' title='bbox 876 619 1012 678; x_wconf 88' lang='lat' dir='ltr'>draconis</span> <span class='ocrx_word' id='word_1_25' title='bbox 1025 618 1126 680; x_wconf 92' lang='lat' dir='ltr'>marini</span> <span class='ocrx_word' id='word_1_26' title='bbox 1137 628 1172 685; x_wconf 82' lang='lat' dir='ltr'>to</span> 
     </span>
     <span class='ocr_line' id='line_1_5' title="bbox 133 701 1129 780; baseline -0.002 -17"><span class='ocrx_word' id='word_1_27' title='bbox 133 701 306 780; x_wconf 79' lang='lat' dir='ltr'><strong>scariphatis</strong></span> <span class='ocrx_word' id='word_1_28' title='bbox 321 703 457 780; x_wconf 85' lang='lat' dir='ltr'>gingivis,</span> <span class='ocrx_word' id='word_1_29' title='bbox 473 701 597 763; x_wconf 88' lang='lat' dir='ltr'>cerebro</span> <span class='ocrx_word' id='word_1_30' title='bbox 611 703 757 763; x_wconf 81' lang='lat' dir='ltr'>caniculae</span> <span class='ocrx_word' id='word_1_31' title='bbox 772 705 801 762; x_wconf 91' lang='lat' dir='ltr'>iu</span> <span class='ocrx_word' id='word_1_32' title='bbox 816 702 883 762; x_wconf 88' lang='lat' dir='ltr'>oleo</span> <span class='ocrx_word' id='word_1_33' title='bbox 895 701 1021 762; x_wconf 86' lang='lat' dir='ltr'>decocto</span> <span class='ocrx_word' id='word_1_34' title='bbox 1031 701 1129 761; x_wconf 87' lang='lat' dir='ltr'>adser-</span> 
     </span>
     <span class='ocr_line' id='line_1_6' title="bbox 108 785 1129 864; baseline -0.005 -13"><span class='ocrx_word' id='word_1_35' title='bbox 108 797 275 864; x_wconf 77' lang='lat' dir='ltr'>statuque,</span> <span class='ocrx_word' id='word_1_36' title='bbox 299 795 329 845; x_wconf 91' lang='lat' dir='ltr'>ut</span> <span class='ocrx_word' id='word_1_37' title='bbox 349 804 387 846; x_wconf 87' lang='lat' dir='ltr'>ex</span> <span class='ocrx_word' id='word_1_38' title='bbox 407 804 444 846; x_wconf 90' lang='lat' dir='ltr'>eo</span> <span class='ocrx_word' id='word_1_39' title='bbox 461 786 563 846; x_wconf 87' lang='lat' dir='ltr'>dentes</span> <span class='ocrx_word' id='word_1_40' title='bbox 580 785 671 846; x_wconf 88' lang='lat' dir='ltr'>semel</span> <span class='ocrx_word' id='word_1_41' title='bbox 689 805 763 847; x_wconf 89' lang='lat' dir='ltr'>anno</span> <span class='ocrx_word' id='word_1_42' title='bbox 781 786 939 845; x_wconf 89' lang='lat' dir='ltr'>coluantur.</span> <span class='ocrx_word' id='word_1_43' title='bbox 961 788 1129 864; x_wconf 79' lang='lat' dir='ltr'>pastinacae</span> 
     </span>
     <span class='ocr_line' id='line_1_7' title="bbox 132 868 1129 950; baseline -0.002 -20"><span class='ocrx_word' id='word_1_44' title='bbox 132 889 250 950; x_wconf 92' lang='lat' dir='ltr'>quoque</span> <span class='ocrx_word' id='word_1_45' title='bbox 267 870 348 930; x_wconf 89' lang='lat' dir='ltr'>radio</span> <span class='ocrx_word' id='word_1_46' title='bbox 364 869 523 948; x_wconf 83' lang='lat' dir='ltr'>scariphari</span> <span class='ocrx_word' id='word_1_47' title='bbox 540 871 674 948; x_wconf 79' lang='lat' dir='ltr'>gingivas</span> <span class='ocrx_word' id='word_1_48' title='bbox 689 873 716 929; x_wconf 92' lang='lat' dir='ltr'>in</span> <span class='ocrx_word' id='word_1_49' title='bbox 733 869 835 930; x_wconf 87' lang='lat' dir='ltr'>dolore</span> <span class='ocrx_word' id='word_1_50' title='bbox 851 868 1038 929; x_wconf 90' lang='lat' dir='ltr'>utilissimum.</span> <span class='ocrx_word' id='word_1_51' title='bbox 1059 887 1129 930; x_wconf 92' lang='lat' dir='ltr'>con·</span> 
     </span>
     <span class='ocr_line' id='line_1_8' title="bbox 130 952 1129 1020; baseline -0.002 -6"><span class='ocrx_word' id='word_1_52' title='bbox 130 957 215 1014; x_wconf 89' lang='lat' dir='ltr'>tritus</span> <span class='ocrx_word' id='word_1_53' title='bbox 232 956 257 1012; x_wconf 90' lang='lat' dir='ltr'>is</span> <span class='ocrx_word' id='word_1_54' title='bbox 275 963 304 1014; x_wconf 88' lang='lat' dir='ltr'>ct</span> <span class='ocrx_word' id='word_1_55' title='bbox 322 971 385 1020; x_wconf 84' lang='lat' dir='ltr'>cum</span> <span class='ocrx_word' id='word_1_56' title='bbox 399 952 551 1014; x_wconf 81' lang='lat' dir='ltr'>helleboro</span> <span class='ocrx_word' id='word_1_57' title='bbox 575 953 642 1012; x_wconf 93' lang='lat' dir='ltr'>albo</span> <span class='ocrx_word' id='word_1_58' title='bbox 661 952 757 1013; x_wconf 91' lang='lat' dir='ltr'>inlitus</span> <span class='ocrx_word' id='word_1_59' title='bbox 778 953 871 1012; x_wconf 89' lang='lat' dir='ltr'>dentis</span> <span class='ocrx_word' id='word_1_60' title='bbox 891 955 952 1013; x_wconf 89' lang='lat' dir='ltr'>sine</span> <span class='ocrx_word' id='word_1_61' title='bbox 974 953 1129 1012; x_wconf 88' lang='lat' dir='ltr'>vexatione</span> 
     </span>
     <span class='ocr_line' id='line_1_9' title="bbox 130 1035 1130 1098; baseline -0.002 0"><span class='ocrx_word' id='word_1_62' title='bbox 130 1037 265 1098; x_wconf 79' lang='lat' dir='ltr'>extrahit</span> <span class='ocrx_word' id='word_1_63' title='bbox 291 1036 529 1097; x_wconf 79' lang='lat' dir='ltr'>salsamentorum</span> <span class='ocrx_word' id='word_1_64' title='bbox 544 1039 629 1098; x_wconf 89' lang='lat' dir='ltr'>etiam</span> <span class='ocrx_word' id='word_1_65' title='bbox 645 1038 724 1098; x_wconf 86' lang='lat' dir='ltr'>fictili</span> <span class='ocrx_word' id='word_1_66' title='bbox 739 1055 809 1098; x_wconf 88' lang='lat' dir='ltr'>vase</span> <span class='ocrx_word' id='word_1_67' title='bbox 825 1035 1040 1097; x_wconf 89' lang='lat' dir='ltr'>combustorum</span> <span class='ocrx_word' id='word_1_68' title='bbox 1056 1038 1130 1096; x_wconf 85' lang='lat' dir='ltr'>cinis</span> 
     </span>
    </p>

    <p class='ocr_par' dir='ltr' id='par_1_4' title="bbox 130 1119 1172 1195">
     <span class='ocr_line' id='line_1_10' title="bbox 130 1119 1172 1195; baseline -0.001 -15"><span class='ocrx_word' id='word_1_69' title='bbox 130 1121 227 1180; x_wconf 88' lang='lat' dir='ltr'>addita</span> <span class='ocrx_word' id='word_1_70' title='bbox 237 1120 329 1180; x_wconf 80' lang='lat' dir='ltr'>farina</span> <span class='ocrx_word' id='word_1_71' title='bbox 340 1123 488 1180; x_wconf 87' lang='lat' dir='ltr'>marmoris</span> <span class='ocrx_word' id='word_1_72' title='bbox 499 1123 574 1180; x_wconf 89' lang='lat' dir='ltr'>inter</span> <span class='ocrx_word' id='word_1_73' title='bbox 584 1120 711 1181; x_wconf 89' lang='lat' dir='ltr'>remedia</span> <span class='ocrx_word' id='word_1_74' title='bbox 724 1130 778 1180; x_wconf 87' lang='lat' dir='ltr'>est.</span> <span class='ocrx_word' id='word_1_75' title='bbox 802 1130 832 1180; x_wconf 90' lang='lat' dir='ltr'>et</span> <span class='ocrx_word' id='word_1_76' title='bbox 842 1120 926 1195; x_wconf 75' lang='lat' dir='ltr'>cybia</span> <span class='ocrx_word' id='word_1_77' title='bbox 936 1130 1036 1180; x_wconf 86' lang='lat' dir='ltr'>vetera</span> <span class='ocrx_word' id='word_1_78' title='bbox 1050 1119 1126 1179; x_wconf 86' lang='lat' dir='ltr'>eluta</span> <span class='ocrx_word' id='word_1_79' title='bbox 1136 1131 1172 1186; x_wconf 72' lang='lat' dir='ltr'>eo</span> 
     </span>
    </p>
   </div>
   <div class='ocr_carea' id='block_1_3' title="bbox 4 1203 1128 1284">
    <p class='ocr_par' dir='ltr' id='par_1_5' title="bbox 4 1203 1128 1284">
     <span class='ocr_line' id='line_1_11' title="bbox 4 1203 1128 1284; baseline 0 -20"><span class='ocrx_word' id='word_1_80' title='bbox 4 1227 5 1236; x_wconf 50' lang='lat'>¹</span> <span class='ocrx_word' id='word_1_81' title='bbox 98 1226 121 1264; x_wconf 79' lang='lat' dir='ltr'>ro</span> <span class='ocrx_word' id='word_1_82' title='bbox 131 1224 160 1263; x_wconf 90' lang='lat' dir='ltr'>m</span> <span class='ocrx_word' id='word_1_83' title='bbox 175 1220 254 1264; x_wconf 88' lang='lat' dir='ltr'>novo</span> <span class='ocrx_word' id='word_1_84' title='bbox 270 1221 358 1279; x_wconf 82' lang='lat' dir='ltr'>vase,</span> <span class='ocrx_word' id='word_1_85' title='bbox 375 1203 441 1264; x_wconf 88' lang='lat' dir='ltr'>dein</span> <span class='ocrx_word' id='word_1_86' title='bbox 457 1205 537 1281; x_wconf 83' lang='lat' dir='ltr'>tnta,</span> <span class='ocrx_word' id='word_1_87' title='bbox 552 1213 674 1282; x_wconf 89' lang='lat' dir='ltr'>prosunt</span> <span class='ocrx_word' id='word_1_88' title='bbox 691 1204 850 1266; x_wconf 86' lang='lat' dir='ltr'>doloribus.</span> <span class='ocrx_word' id='word_1_89' title='bbox 876 1221 969 1284; x_wconf 88' lang='lat' dir='ltr'>aeque</span> <span class='ocrx_word' id='word_1_90' title='bbox 984 1203 1128 1282; x_wconf 85' lang='lat' dir='ltr'>prodesse</span> 
     </span>
    </p>
   </div>
   <div class='ocr_carea' id='block_1_4' title="bbox 2 1278 1129 1783">
    <p class='ocr_par' dir='ltr' id='par_1_6' title="bbox 2 1278 1129 1783">
     <span class='ocr_line' id='line_1_12' title="bbox 59 1278 1128 1365; baseline -0.001 -18"><span class='ocrx_word' id='word_1_91' title='bbox 59 1313 64 1322; x_wconf 96' lang='lat'><em>·</em></span> <span class='ocrx_word' id='word_1_92' title='bbox 131 1289 264 1348; x_wconf 91' lang='lat' dir='ltr'>dicuntur</span> <span class='ocrx_word' id='word_1_93' title='bbox 278 1289 401 1346; x_wconf 89' lang='lat' dir='ltr'>omnium</span> <span class='ocrx_word' id='word_1_94' title='bbox 416 1278 653 1347; x_wconf 79' lang='lat' dir='ltr'>salsamentorum</span> <span class='ocrx_word' id='word_1_95' title='bbox 673 1289 773 1365; x_wconf 87' lang='lat' dir='ltr'>spinae</span> <span class='ocrx_word' id='word_1_96' title='bbox 795 1286 962 1348; x_wconf 86' lang='lat' dir='ltr'>combustae</span> <span class='ocrx_word' id='word_1_97' title='bbox 985 1289 1128 1364; x_wconf 85' lang='lat' dir='ltr'>tritaeque</span> 
     </span>
     <span class='ocr_line' id='line_1_13' title="bbox 131 1369 1129 1448; baseline -0.001 -18"><span class='ocrx_word' id='word_1_98' title='bbox 131 1380 160 1430; x_wconf 89' lang='lat' dir='ltr'>et</span> <span class='ocrx_word' id='word_1_99' title='bbox 177 1371 285 1430; x_wconf 89' lang='lat' dir='ltr'>inlitae.</span> <span class='ocrx_word' id='word_1_100' title='bbox 313 1369 491 1430; x_wconf 88' lang='lat' dir='ltr'>decocuntur</span> <span class='ocrx_word' id='word_1_101' title='bbox 511 1381 541 1431; x_wconf 89' lang='lat' dir='ltr'>et</span> <span class='ocrx_word' id='word_1_102' title='bbox 558 1389 646 1431; x_wconf 89' lang='lat' dir='ltr'>ranae</span> <span class='ocrx_word' id='word_1_103' title='bbox 661 1371 841 1448; x_wconf 76' lang='lat' dir='ltr'>singulaene</span> <span class='ocrx_word' id='word_1_104' title='bbox 857 1373 933 1431; x_wconf 92' lang='lat' dir='ltr'>aceti</span> <span class='ocrx_word' id='word_1_105' title='bbox 947 1371 1080 1445; x_wconf 85' lang='lat' dir='ltr'>heminis,</span> <span class='ocrx_word' id='word_1_106' title='bbox 1098 1379 1129 1430; x_wconf 93' lang='lat' dir='ltr'>ut</span> 
     </span>
     <span class='ocr_line' id='line_1_14' title="bbox 130 1453 1129 1532; baseline -0.004 -16"><span class='ocrx_word' id='word_1_107' title='bbox 130 1455 234 1516; x_wconf 89' lang='lat' dir='ltr'>dentes</span> <span class='ocrx_word' id='word_1_108' title='bbox 249 1457 287 1514; x_wconf 90' lang='lat' dir='ltr'>ita</span> <span class='ocrx_word' id='word_1_109' title='bbox 303 1453 453 1513; x_wconf 92' lang='lat' dir='ltr'>coluantur</span> <span class='ocrx_word' id='word_1_110' title='bbox 466 1455 730 1532; x_wconf 83' lang='lat' dir='ltr'>contineaturque</span> <span class='ocrx_word' id='word_1_111' title='bbox 721 1473 751 1514; x_wconf 93' lang='grc' dir='ltr'>ιιι</span> <span class='ocrx_word' id='word_1_112' title='bbox 765 1473 817 1514; x_wconf 90' lang='lat' dir='ltr'>ore</span> <span class='ocrx_word' id='word_1_113' title='bbox 831 1473 927 1514; x_wconf 90' lang='lat' dir='ltr'>sucus.</span> <span class='ocrx_word' id='word_1_114' title='bbox 949 1473 973 1514; x_wconf 76' lang='grc' dir='ltr'>ει</span> <span class='ocrx_word' id='word_1_115' title='bbox 966 1453 1129 1513; x_wconf 81' lang='lat' dir='ltr'>fastidium</span> 
     </span>
     <span class='ocr_line' id='line_1_15' title="bbox 131 1536 1127 1617; baseline -0.002 -19"><span class='ocrx_word' id='word_1_116' title='bbox 131 1538 276 1614; x_wconf 83' lang='lat' dir='ltr'>obstaret,</span> <span class='ocrx_word' id='word_1_117' title='bbox 300 1537 498 1613; x_wconf 90' lang='lat' dir='ltr'>suspendebat</span> <span class='ocrx_word' id='word_1_118' title='bbox 527 1537 650 1616; x_wconf 88' lang='lat' dir='ltr'>pedibus</span> <span class='ocrx_word' id='word_1_119' title='bbox 671 1536 882 1617; x_wconf 87' lang='lat' dir='ltr'>posterioribus</span> <span class='ocrx_word' id='word_1_120' title='bbox 902 1555 952 1597; x_wconf 89' lang='lat' dir='ltr'>eas</span> <span class='ocrx_word' id='word_1_121' title='bbox 975 1537 1127 1596; x_wconf 85' lang='lat' dir='ltr'>Sallustius</span> 
     </span>
     <span class='ocr_line' id='line_1_16' title="bbox 2 1597 1129 1698; baseline 0.003 -22"><span class='ocrx_word' id='word_1_122' title='bbox 2 1597 4 1670; x_wconf 70' lang='lat' dir='ltr'>l</span> <span class='ocrx_word' id='word_1_123' title='bbox 95 1621 296 1698; x_wconf 71' lang='lat' dir='ltr'>altramnus,</span> <span class='ocrx_word' id='word_1_124' title='bbox 311 1629 341 1679; x_wconf 89' lang='lat' dir='ltr'>nt</span> <span class='ocrx_word' id='word_1_125' title='bbox 356 1639 393 1679; x_wconf 91' lang='lat' dir='ltr'>ex</span> <span class='ocrx_word' id='word_1_126' title='bbox 410 1637 462 1680; x_wconf 87' lang='lat' dir='ltr'>ore</span> <span class='ocrx_word' id='word_1_127' title='bbox 477 1623 556 1681; x_wconf 86' lang='lat' dir='ltr'>virus</span> <span class='ocrx_word' id='word_1_128' title='bbox 574 1621 714 1682; x_wconf 88' lang='lat' dir='ltr'>dellucret</span> <span class='ocrx_word' id='word_1_129' title='bbox 728 1623 757 1680; x_wconf 91' lang='lat' dir='ltr'>in</span> <span class='ocrx_word' id='word_1_130' title='bbox 772 1630 884 1682; x_wconf 89' lang='lat' dir='ltr'>acetum</span> <span class='ocrx_word' id='word_1_131' title='bbox 899 1621 1026 1696; x_wconf 81' lang='lat' dir='ltr'>fervens,</span> <span class='ocrx_word' id='word_1_132' title='bbox 1042 1621 1129 1698; x_wconf 90' lang='lat' dir='ltr'>idque</span> 
     </span>
     <span class='ocr_line' id='line_1_17' title="bbox 131 1703 1129 1783; baseline -0.001 -19"><span class='ocrx_word' id='word_1_133' title='bbox 131 1724 148 1764; x_wconf 89' lang='lat' dir='ltr'>e</span> <span class='ocrx_word' id='word_1_134' title='bbox 168 1704 299 1783; x_wconf 88' lang='lat' dir='ltr'>pluribus</span> <span class='ocrx_word' id='word_1_135' title='bbox 319 1705 406 1762; x_wconf 90' lang='lat' dir='ltr'>ranis.</span> <span class='ocrx_word' id='word_1_136' title='bbox 436 1704 605 1764; x_wconf 81' lang='lat' dir='ltr'>fortioribus</span> <span class='ocrx_word' id='word_1_137' title='bbox 630 1705 785 1765; x_wconf 89' lang='lat' dir='ltr'>stomachis</span> <span class='ocrx_word' id='word_1_138' title='bbox 809 1723 847 1763; x_wconf 88' lang='lat' dir='ltr'>ox</span> <span class='ocrx_word' id='word_1_139' title='bbox 869 1706 931 1764; x_wconf 88' lang='lat' dir='ltr'>iure</span> <span class='ocrx_word' id='word_1_140' title='bbox 953 1703 1129 1764; x_wconf 85' lang='lat' dir='ltr'>mandendas</span> 
     </span>
    </p>
   </div>
   <div class='ocr_carea' id='block_1_5' title="bbox 23 1787 1185 1950">
    <p class='ocr_par' dir='ltr' id='par_1_7' title="bbox 23 1787 1185 1950">
     <span class='ocr_line' id='line_1_18' title="bbox 129 1787 1128 1866; baseline -0.002 -18"><span class='ocrx_word' id='word_1_141' title='bbox 129 1788 225 1864; x_wconf 81' lang='lat' dir='ltr'>dabat,</span> <span class='ocrx_word' id='word_1_142' title='bbox 244 1787 459 1866; x_wconf 81' lang='lat' dir='ltr'>maxillarisque</span> <span class='ocrx_word' id='word_1_143' title='bbox 476 1790 513 1848; x_wconf 88' lang='lat' dir='ltr'>ita</span> <span class='ocrx_word' id='word_1_144' title='bbox 528 1790 630 1852; x_wconf 83' lang='lat' dir='ltr'>sanari</span> <span class='ocrx_word' id='word_1_145' title='bbox 638 1790 796 1866; x_wconf 89' lang='lat' dir='ltr'>praecipue</span> <span class='ocrx_word' id='word_1_146' title='bbox 808 1788 901 1848; x_wconf 89' lang='lat' dir='ltr'>dentis</span> <span class='ocrx_word' id='word_1_147' title='bbox 915 1797 1024 1866; x_wconf 89' lang='lat' dir='ltr'>putant,</span> <span class='ocrx_word' id='word_1_148' title='bbox 1036 1787 1128 1848; x_wconf 91' lang='lat' dir='ltr'>mohi-</span> 
     </span>
     <span class='ocr_line' id='line_1_19' title="bbox 23 1867 1185 1950; baseline -0.003 -17"><span class='ocrx_word' id='word_1_149' title='bbox 23 1867 32 1878; x_wconf 77' lang='grc'><strong>“</strong></span> <span class='ocrx_word' id='word_1_150' title='bbox 130 1874 166 1933; x_wconf 87' lang='lat' dir='ltr'>lis</span> <span class='ocrx_word' id='word_1_151' title='bbox 182 1889 253 1932; x_wconf 90' lang='lat' dir='ltr'>vero</span> <span class='ocrx_word' id='word_1_152' title='bbox 275 1870 454 1949; x_wconf 89' lang='lat' dir='ltr'>supradicto</span> <span class='ocrx_word' id='word_1_153' title='bbox 473 1880 558 1931; x_wconf 88' lang='lat' dir='ltr'>aceto</span> <span class='ocrx_word' id='word_1_154' title='bbox 580 1871 712 1931; x_wconf 89' lang='lat' dir='ltr'>stabiliri.</span> <span class='ocrx_word' id='word_1_155' title='bbox 743 1871 777 1932; x_wconf 95' lang='lat' dir='ltr'>ad</span> <span class='ocrx_word' id='word_1_156' title='bbox 792 1872 849 1932; x_wconf 91' lang='lat' dir='ltr'>hoc</span> <span class='ocrx_word' id='word_1_157' title='bbox 864 1869 1125 1950; x_wconf 62' lang='lat' dir='ltr'>quidam&#39;ranarum</span> <span class='ocrx_word' id='word_1_158' title='bbox 1136 1883 1185 1937; x_wconf 77' lang='lat'>81·</span> 
     </span>
    </p>
   </div>
   <div class='ocr_carea' id='block_1_6' title="bbox 45 1954 1171 2868">
    <p class='ocr_par' dir='ltr' id='par_1_8' title="bbox 45 1954 1171 2868">
     <span class='ocr_line' id='line_1_20' title="bbox 130 1954 1129 2034; baseline -0.001 -19"><span class='ocrx_word' id='word_1_159' title='bbox 130 1973 258 2033; x_wconf 89' lang='lat' dir='ltr'>corpora</span> <span class='ocrx_word' id='word_1_160' title='bbox 278 1954 407 2014; x_wconf 89' lang='lat' dir='ltr'>binarum</span> <span class='ocrx_word' id='word_1_161' title='bbox 424 1956 565 2034; x_wconf 89' lang='lat' dir='ltr'>praecisis</span> <span class='ocrx_word' id='word_1_162' title='bbox 585 1955 708 2034; x_wconf 88' lang='lat' dir='ltr'>pedibus</span> <span class='ocrx_word' id='word_1_163' title='bbox 729 1957 756 2014; x_wconf 93' lang='lat' dir='ltr'>in</span> <span class='ocrx_word' id='word_1_164' title='bbox 778 1957 836 2014; x_wconf 89' lang='lat' dir='ltr'>vini</span> <span class='ocrx_word' id='word_1_165' title='bbox 856 1955 968 2015; x_wconf 91' lang='lat' dir='ltr'>hemina</span> <span class='ocrx_word' id='word_1_166' title='bbox 982 1965 1129 2014; x_wconf 87' lang='lat' dir='ltr'>macerant</span> 
     </span>
     <span class='ocr_line' id='line_1_21' title="bbox 94 2037 1129 2116; baseline 0.005 -24"><span class='ocrx_word' id='word_1_167' title='bbox 94 2049 162 2098; x_wconf 81' lang='lat' dir='ltr'>acet</span> <span class='ocrx_word' id='word_1_168' title='bbox 181 2041 220 2098; x_wconf 87' lang='lat' dir='ltr'>ita</span> <span class='ocrx_word' id='word_1_169' title='bbox 241 2037 317 2098; x_wconf 89' lang='lat' dir='ltr'>colui</span> <span class='ocrx_word' id='word_1_170' title='bbox 338 2038 462 2097; x_wconf 90' lang='lat' dir='ltr'>dentium</span> <span class='ocrx_word' id='word_1_171' title='bbox 484 2038 606 2098; x_wconf 89' lang='lat' dir='ltr'>labantis</span> <span class='ocrx_word' id='word_1_172' title='bbox 627 2037 733 2100; x_wconf 89' lang='lat' dir='ltr'>iubent</span> <span class='ocrx_word' id='word_1_173' title='bbox 766 2039 853 2116; x_wconf 86' lang='lat' dir='ltr'>aliqui</span> <span class='ocrx_word' id='word_1_174' title='bbox 874 2048 950 2099; x_wconf 88' lang='lat' dir='ltr'>totas</span> <span class='ocrx_word' id='word_1_175' title='bbox 972 2037 1129 2115; x_wconf 76' lang='lat' dir='ltr'>adalligant</span> 
     </span>
     <span class='ocr_line' id='line_1_22' title="bbox 129 2121 1127 2182; baseline 0 -2"><span class='ocrx_word' id='word_1_176' title='bbox 129 2121 264 2181; x_wconf 84' lang='lat' dir='ltr'>maxillis.</span> <span class='ocrx_word' id='word_1_177' title='bbox 286 2122 336 2180; x_wconf 91' lang='lat' dir='ltr'>alii</span> <span class='ocrx_word' id='word_1_178' title='bbox 353 2121 464 2181; x_wconf 89' lang='lat' dir='ltr'>denas</span> <span class='ocrx_word' id='word_1_179' title='bbox 456 2140 484 2181; x_wconf 89' lang='grc' dir='ltr'>ιιι</span> <span class='ocrx_word' id='word_1_180' title='bbox 500 2123 634 2182; x_wconf 89' lang='lat' dir='ltr'>sextariis</span> <span class='ocrx_word' id='word_1_181' title='bbox 648 2122 741 2182; x_wconf 87' lang='lat' dir='ltr'>tribus</span> <span class='ocrx_word' id='word_1_182' title='bbox 761 2124 835 2182; x_wconf 89' lang='lat' dir='ltr'>aceti</span> <span class='ocrx_word' id='word_1_183' title='bbox 851 2122 999 2182; x_wconf 85' lang='lat' dir='ltr'>decoxere</span> <span class='ocrx_word' id='word_1_184' title='bbox 1015 2123 1050 2182; x_wconf 90' lang='lat' dir='ltr'>ad</span> <span class='ocrx_word' id='word_1_185' title='bbox 1071 2131 1127 2181; x_wconf 90' lang='lat' dir='ltr'>ter-</span> 
     </span>
     <span class='ocr_line' id='line_1_23' title="bbox 129 2204 1128 2283; baseline 0.001 -18"><span class='ocrx_word' id='word_1_186' title='bbox 129 2208 186 2265; x_wconf 90' lang='lat' dir='ltr'>tias</span> <span class='ocrx_word' id='word_1_187' title='bbox 205 2206 296 2283; x_wconf 87' lang='lat' dir='ltr'>partis</span> <span class='ocrx_word' id='word_1_188' title='bbox 317 2215 345 2264; x_wconf 91' lang='lat' dir='ltr'>nt</span> <span class='ocrx_word' id='word_1_189' title='bbox 364 2204 478 2265; x_wconf 90' lang='lat' dir='ltr'>mobilis</span> <span class='ocrx_word' id='word_1_190' title='bbox 502 2205 626 2266; x_wconf 88' lang='lat' dir='ltr'>dentium</span> <span class='ocrx_word' id='word_1_191' title='bbox 651 2206 821 2266; x_wconf 89' lang='lat' dir='ltr'>stabilirent.</span> <span class='ocrx_word' id='word_1_192' title='bbox 849 2223 905 2266; x_wconf 89' lang='lat' dir='ltr'>nec</span> <span class='ocrx_word' id='word_1_193' title='bbox 926 2223 985 2266; x_wconf 95' lang='lat' dir='ltr'>non</span> <span class='ocrx_word' id='word_1_194' title='bbox 1002 2205 1128 2266; x_wconf 84' lang='lat' dir='ltr'>XXXVI</span> 
     </span>
     <span class='ocr_line' id='line_1_24' title="bbox 129 2279 1128 2352; baseline -0.001 -4"><span class='ocrx_word' id='word_1_195' title='bbox 129 2307 262 2348; x_wconf 90' lang='lat' dir='ltr'>ranarum</span> <span class='ocrx_word' id='word_1_196' title='bbox 281 2287 404 2348; x_wconf 88' lang='lat' dir='ltr'>corda</span> <span class='ocrx_word' id='word_1_197' title='bbox 395 2307 423 2347; x_wconf 88' lang='grc' dir='ltr'>ιιι</span> <span class='ocrx_word' id='word_1_198' title='bbox 444 2289 502 2349; x_wconf 92' lang='lat' dir='ltr'>olei</span> <span class='ocrx_word' id='word_1_199' title='bbox 523 2291 631 2350; x_wconf 84' lang='lat' dir='ltr'>veteris</span> <span class='ocrx_word' id='word_1_200' title='bbox 648 2293 775 2352; x_wconf 86' lang='lat' dir='ltr'>sextario</span> <span class='ocrx_word' id='word_1_201' title='bbox 793 2289 845 2350; x_wconf 89' lang='lat' dir='ltr'>sub</span> <span class='ocrx_word' id='word_1_202' title='bbox 863 2307 953 2350; x_wconf 90' lang='lat' dir='ltr'>aereo</span> <span class='ocrx_word' id='word_1_203' title='bbox 974 2299 1051 2349; x_wconf 85' lang='lat' dir='ltr'>testo</span> <span class='ocrx_word' id='word_1_204' title='bbox 1072 2279 1128 2349; x_wconf 82' lang='lat' dir='ltr'>dis</span> 
     </span>
     <span class='ocr_line' id='line_1_25' title="bbox 132 2372 1129 2471; baseline -0.002 -39"><span class='ocrx_word' id='word_1_205' title='bbox 132 2389 255 2432; x_wconf 88' lang='lat' dir='ltr'>coxere</span> <span class='ocrx_word' id='word_1_206' title='bbox 264 2382 293 2431; x_wconf 91' lang='lat' dir='ltr'>ut</span> <span class='ocrx_word' id='word_1_207' title='bbox 312 2372 494 2432; x_wconf 81' lang='lat' dir='ltr'>infunderent</span> <span class='ocrx_word' id='word_1_208' title='bbox 510 2391 564 2471; x_wconf 89' lang='lat' dir='ltr'>per</span> <span class='ocrx_word' id='word_1_209' title='bbox 575 2391 673 2433; x_wconf 89' lang='lat' dir='ltr'>aurem</span> <span class='ocrx_word' id='word_1_210' title='bbox 684 2373 808 2433; x_wconf 84' lang='lat' dir='ltr'>dolentis</span> <span class='ocrx_word' id='word_1_211' title='bbox 820 2373 964 2433; x_wconf 90' lang='lat' dir='ltr'>maxillae.</span> <span class='ocrx_word' id='word_1_212' title='bbox 987 2373 1055 2432; x_wconf 90' lang='lat' dir='ltr'>alii</span> <span class='ocrx_word' id='word_1_213' title='bbox 1047 2389 1129 2432; x_wconf 90' lang='lat' dir='ltr'>rocnr</span> 
     </span>
     <span class='ocr_line' id='line_1_26' title="bbox 95 2455 1128 2534; baseline -0.001 -19"><span class='ocrx_word' id='word_1_214' title='bbox 95 2474 220 2515; x_wconf 80' lang='lat' dir='ltr'>asranae</span> <span class='ocrx_word' id='word_1_215' title='bbox 246 2456 397 2516; x_wconf 88' lang='lat' dir='ltr'>decoctum</span> <span class='ocrx_word' id='word_1_216' title='bbox 428 2465 457 2515; x_wconf 88' lang='lat' dir='ltr'>et</span> <span class='ocrx_word' id='word_1_217' title='bbox 482 2457 576 2516; x_wconf 91' lang='lat' dir='ltr'>tritum</span> <span class='ocrx_word' id='word_1_218' title='bbox 606 2475 670 2516; x_wconf 92' lang='lat' dir='ltr'>cum</span> <span class='ocrx_word' id='word_1_219' title='bbox 694 2457 813 2516; x_wconf 89' lang='lat' dir='ltr'>melle</span> <span class='ocrx_word' id='word_1_220' title='bbox 805 2474 961 2534; x_wconf 89' lang='lat' dir='ltr'>rnposuere</span> <span class='ocrx_word' id='word_1_221' title='bbox 986 2455 1128 2515; x_wconf 82' lang='lat' dir='ltr'>dentibus.</span> 
     </span>
     <span class='ocr_line' id='line_1_27' title="bbox 132 2539 1171 2617; baseline 0.004 -18"><span class='ocrx_word' id='word_1_222' title='bbox 132 2541 226 2600; x_wconf 93' lang='lat' dir='ltr'>omnia</span> <span class='ocrx_word' id='word_1_223' title='bbox 243 2541 451 2617; x_wconf 87' lang='lat' dir='ltr'>suprascripta</span> <span class='ocrx_word' id='word_1_224' title='bbox 470 2559 507 2599; x_wconf 87' lang='lat' dir='ltr'>ex</span> <span class='ocrx_word' id='word_1_225' title='bbox 522 2543 629 2600; x_wconf 91' lang='lat' dir='ltr'>marina</span> <span class='ocrx_word' id='word_1_226' title='bbox 645 2539 822 2600; x_wconf 83' lang='lat' dir='ltr'>efficaciora.</span> <span class='ocrx_word' id='word_1_227' title='bbox 851 2540 881 2598; x_wconf 88' lang='lat' dir='ltr'>Si</span> <span class='ocrx_word' id='word_1_228' title='bbox 899 2541 1004 2599; x_wconf 90' lang='lat' dir='ltr'>cariosi</span> <span class='ocrx_word' id='word_1_229' title='bbox 1022 2548 1051 2597; x_wconf 91' lang='lat' dir='ltr'>et</span> <span class='ocrx_word' id='word_1_230' title='bbox 1064 2539 1124 2598; x_wconf 87' lang='lat' dir='ltr'>iae·</span> <span class='ocrx_word' id='word_1_231' title='bbox 1136 2548 1171 2603; x_wconf 85' lang='grc'>82</span> 
     </span>
     <span class='ocr_line' id='line_1_28' title="bbox 129 2619 1126 2701; baseline 0 -19"><span class='ocrx_word' id='word_1_232' title='bbox 129 2623 181 2682; x_wconf 90' lang='lat' dir='ltr'>tidi</span> <span class='ocrx_word' id='word_1_233' title='bbox 204 2631 283 2698; x_wconf 82' lang='lat' dir='ltr'>sunt,</span> <span class='ocrx_word' id='word_1_234' title='bbox 308 2632 401 2682; x_wconf 91' lang='lat' dir='ltr'>cetum</span> <span class='ocrx_word' id='word_1_235' title='bbox 423 2623 451 2680; x_wconf 93' lang='lat' dir='ltr'>in</span> <span class='ocrx_word' id='word_1_236' title='bbox 475 2624 558 2683; x_wconf 89' lang='lat' dir='ltr'>iurno</span> <span class='ocrx_word' id='word_1_237' title='bbox 581 2624 695 2684; x_wconf 84' lang='lat' dir='ltr'>arefieri</span> <span class='ocrx_word' id='word_1_238' title='bbox 715 2641 770 2701; x_wconf 91' lang='lat' dir='ltr'>per</span> <span class='ocrx_word' id='word_1_239' title='bbox 795 2632 910 2682; x_wconf 90' lang='lat' dir='ltr'>noctem</span> <span class='ocrx_word' id='word_1_240' title='bbox 936 2619 1126 2700; x_wconf 85' lang='lat' dir='ltr'>praecipiunt,</span> 
     </span>
     <span class='ocr_line' id='line_1_29' title="bbox 45 2705 1128 2786; baseline -0.001 -21"><span class='ocrx_word' id='word_1_241' title='bbox 45 2734 52 2747; x_wconf 92' lang='lat'><strong>·</strong></span> <span class='ocrx_word' id='word_1_242' title='bbox 131 2715 236 2784; x_wconf 90' lang='lat' dir='ltr'>postea</span> <span class='ocrx_word' id='word_1_243' title='bbox 247 2705 412 2766; x_wconf 90' lang='lat' dir='ltr'>tantundem</span> <span class='ocrx_word' id='word_1_244' title='bbox 424 2708 492 2766; x_wconf 88' lang='lat' dir='ltr'>salis</span> <span class='ocrx_word' id='word_1_245' title='bbox 505 2707 570 2767; x_wconf 90' lang='lat' dir='ltr'>addi</span> <span class='ocrx_word' id='word_1_246' title='bbox 581 2717 666 2786; x_wconf 90' lang='lat' dir='ltr'>atque</span> <span class='ocrx_word' id='word_1_247' title='bbox 678 2709 716 2765; x_wconf 92' lang='lat' dir='ltr'>ita</span> <span class='ocrx_word' id='word_1_248' title='bbox 732 2706 839 2766; x_wconf 85' lang='lat' dir='ltr'>fricari.</span> <span class='ocrx_word' id='word_1_249' title='bbox 862 2705 998 2781; x_wconf 76' lang='lat' dir='ltr'>enhydris</span> <span class='ocrx_word' id='word_1_250' title='bbox 1007 2715 1128 2766; x_wconf 88' lang='lat' dir='ltr'>vocatur</span> 
     </span>
     <span class='ocr_line' id='line_1_30' title="bbox 132 2788 1127 2868; baseline -0.003 -17"><span class='ocrx_word' id='word_1_251' title='bbox 132 2789 252 2851; x_wconf 86' lang='lat' dir='ltr'>Graecis</span> <span class='ocrx_word' id='word_1_252' title='bbox 271 2789 390 2850; x_wconf 88' lang='lat' dir='ltr'>colubra</span> <span class='ocrx_word' id='word_1_253' title='bbox 410 2790 438 2848; x_wconf 92' lang='lat' dir='ltr'>in</span> <span class='ocrx_word' id='word_1_254' title='bbox 456 2809 529 2868; x_wconf 91' lang='lat' dir='ltr'>aqua</span> <span class='ocrx_word' id='word_1_255' title='bbox 549 2791 660 2850; x_wconf 88' lang='lat' dir='ltr'>vivens.</span> <span class='ocrx_word' id='word_1_256' title='bbox 687 2791 770 2849; x_wconf 88' lang='lat' dir='ltr'>huius</span> <span class='ocrx_word' id='word_1_257' title='bbox 785 2797 919 2867; x_wconf 90' lang='lat' dir='ltr'>quattuor</span> <span class='ocrx_word' id='word_1_258' title='bbox 941 2788 1065 2849; x_wconf 87' lang='lat' dir='ltr'>dentium</span> <span class='ocrx_word' id='word_1_259' title='bbox 1080 2807 1127 2848; x_wconf 86' lang='lat' dir='ltr'>sn-</span> 
     </span>
    </p>
   </div>
   <div class='ocr_carea' id='block_1_7' title="bbox 1 2871 1127 2952">
    <p class='ocr_par' dir='ltr' id='par_1_9' title="bbox 1 2871 1127 2952">
     <span class='ocr_line' id='line_1_31' title="bbox 1 2871 1127 2952; baseline 0.002 -22"><span class='ocrx_word' id='word_1_260' title='bbox 1 2881 2 2920; x_wconf 69' lang='lat'><em>}</em></span> <span class='ocrx_word' id='word_1_261' title='bbox 97 2871 297 2950; x_wconf 79' lang='lat' dir='ltr'>superioribus</span> <span class='ocrx_word' id='word_1_262' title='bbox 311 2874 340 2931; x_wconf 92' lang='lat' dir='ltr'>in</span> <span class='ocrx_word' id='word_1_263' title='bbox 355 2873 458 2933; x_wconf 91' lang='lat' dir='ltr'>dolore</span> <span class='ocrx_word' id='word_1_264' title='bbox 474 2876 655 2952; x_wconf 90' lang='lat' dir='ltr'>superiorum</span> <span class='ocrx_word' id='word_1_265' title='bbox 670 2875 803 2950; x_wconf 87' lang='lat' dir='ltr'>gingivas</span> <span class='ocrx_word' id='word_1_266' title='bbox 820 2871 995 2952; x_wconf 81' lang='lat' dir='ltr'>scariphant,</span> <span class='ocrx_word' id='word_1_267' title='bbox 1011 2873 1127 2932; x_wconf 82' lang='lat' dir='ltr'>inferio·</span> 
     </span>
    </p>
   </div>
   <div class='ocr_carea' id='block_1_8' title="bbox 21 2955 1212 3619">
    <p class='ocr_par' dir='ltr' id='par_1_10' title="bbox 130 2955 1128 3183">
     <span class='ocr_line' id='line_1_32' title="bbox 131 2955 1126 3036; baseline -0.003 -21"><span class='ocrx_word' id='word_1_268' title='bbox 131 2973 192 3015; x_wconf 92' lang='lat' dir='ltr'>rum</span> <span class='ocrx_word' id='word_1_269' title='bbox 207 2955 401 3016; x_wconf 81' lang='lat' dir='ltr'>inferioribus.</span> <span class='ocrx_word' id='word_1_270' title='bbox 432 2957 519 3036; x_wconf 91' lang='lat' dir='ltr'>aliqui</span> <span class='ocrx_word' id='word_1_271' title='bbox 541 2959 641 3017; x_wconf 90' lang='lat' dir='ltr'>canino</span> <span class='ocrx_word' id='word_1_272' title='bbox 661 2965 767 3016; x_wconf 92' lang='lat' dir='ltr'>tantum</span> <span class='ocrx_word' id='word_1_273' title='bbox 790 2974 888 3016; x_wconf 89' lang='lat' dir='ltr'>earum</span> <span class='ocrx_word' id='word_1_274' title='bbox 907 2958 1033 3017; x_wconf 89' lang='lat' dir='ltr'>contenti</span> <span class='ocrx_word' id='word_1_275' title='bbox 1053 2965 1126 3016; x_wconf 89' lang='lat' dir='ltr'>sunt.</span> 
     </span>
     <span class='ocr_line' id='line_1_33' title="bbox 130 3038 1128 3117; baseline 0 -20"><span class='ocrx_word' id='word_1_276' title='bbox 130 3047 245 3098; x_wconf 90' lang='lat' dir='ltr'>utuntur</span> <span class='ocrx_word' id='word_1_277' title='bbox 269 3050 299 3100; x_wconf 89' lang='lat' dir='ltr'>et</span> <span class='ocrx_word' id='word_1_278' title='bbox 319 3057 488 3100; x_wconf 89' lang='lat' dir='ltr'>cancrorum</span> <span class='ocrx_word' id='word_1_279' title='bbox 516 3043 630 3117; x_wconf 88' lang='lat' dir='ltr'>cinere,</span> <span class='ocrx_word' id='word_1_280' title='bbox 657 3058 721 3100; x_wconf 90' lang='lat' dir='ltr'>nam</span> <span class='ocrx_word' id='word_1_281' title='bbox 741 3040 878 3099; x_wconf 89' lang='lat' dir='ltr'>muricum</span> <span class='ocrx_word' id='word_1_282' title='bbox 904 3041 975 3100; x_wconf 91' lang='lat' dir='ltr'>cinis</span> <span class='ocrx_word' id='word_1_283' title='bbox 1000 3038 1128 3099; x_wconf 87' lang='lat' dir='ltr'>dentilri·</span> 
     </span>
     <span class='ocr_line' id='line_1_34' title="bbox 130 3123 983 3183; baseline 0.001 -1"><span class='ocrx_word' id='word_1_284' title='bbox 130 3123 204 3182; x_wconf 91' lang='lat' dir='ltr'>cium</span> <span class='ocrx_word' id='word_1_285' title='bbox 222 3133 275 3183; x_wconf 86' lang='lat' dir='ltr'>est.</span> <span class='ocrx_word' id='word_1_286' title='bbox 979 3151 983 3160; x_wconf 93' lang='lat'>·</span> 
     </span>
    </p>

    <p class='ocr_par' dir='ltr' id='par_1_11' title="bbox 21 3206 1212 3619">
     <span class='ocr_line' id='line_1_35' title="bbox 194 3206 1171 3285; baseline 0.005 -20"><span class='ocrx_word' id='word_1_287' title='bbox 194 3207 277 3285; x_wconf 83' lang='lat'>(27.)</span> <span class='ocrx_word' id='word_1_288' title='bbox 300 3206 440 3266; x_wconf 81' lang='lat' dir='ltr'>lichenas</span> <span class='ocrx_word' id='word_1_289' title='bbox 457 3215 485 3266; x_wconf 89' lang='lat' dir='ltr'>et</span> <span class='ocrx_word' id='word_1_290' title='bbox 500 3207 598 3285; x_wconf 85' lang='lat' dir='ltr'>lepras</span> <span class='ocrx_word' id='word_1_291' title='bbox 614 3207 689 3267; x_wconf 92' lang='lat' dir='ltr'>tollit</span> <span class='ocrx_word' id='word_1_292' title='bbox 705 3207 787 3284; x_wconf 91' lang='lat' dir='ltr'>adips</span> <span class='ocrx_word' id='word_1_293' title='bbox 801 3207 883 3266; x_wconf 84' lang='lat' dir='ltr'>rituli</span> <span class='ocrx_word' id='word_1_294' title='bbox 898 3207 1012 3281; x_wconf 86' lang='lat' dir='ltr'>marini,</span> <span class='ocrx_word' id='word_1_295' title='bbox 1027 3221 1122 3266; x_wconf 86' lang='lat' dir='ltr'>mena·</span> <span class='ocrx_word' id='word_1_296' title='bbox 1134 3215 1171 3270; x_wconf 81' lang='grc'>83</span> 
     </span>
     <span class='ocr_line' id='line_1_36' title="bbox 21 3289 1212 3369; baseline -0.003 -17"><span class='ocrx_word' id='word_1_297' title='bbox 21 3354 26 3363; x_wconf 78' lang='grc'><strong>,</strong></span> <span class='ocrx_word' id='word_1_298' title='bbox 95 3305 191 3352; x_wconf 77' lang='lat' dir='ltr'>aarum</span> <span class='ocrx_word' id='word_1_299' title='bbox 210 3290 359 3349; x_wconf 87' lang='lat' dir='ltr'>ciniscnm</span> <span class='ocrx_word' id='word_1_300' title='bbox 378 3289 472 3349; x_wconf 86' lang='lat' dir='ltr'>mellis</span> <span class='ocrx_word' id='word_1_301' title='bbox 495 3289 589 3350; x_wconf 90' lang='lat' dir='ltr'>obolis</span> <span class='ocrx_word' id='word_1_302' title='bbox 607 3293 713 3364; x_wconf 81' lang='lat' dir='ltr'>ternis,</span> <span class='ocrx_word' id='word_1_303' title='bbox 735 3292 816 3349; x_wconf 90' lang='lat' dir='ltr'>iecur</span> <span class='ocrx_word' id='word_1_304' title='bbox 828 3293 996 3369; x_wconf 88' lang='lat' dir='ltr'>pastinacae</span> <span class='ocrx_word' id='word_1_305' title='bbox 1013 3290 1041 3348; x_wconf 92' lang='lat' dir='ltr'>in</span> <span class='ocrx_word' id='word_1_306' title='bbox 1057 3289 1127 3348; x_wconf 90' lang='lat' dir='ltr'>oleo</span> <span class='ocrx_word' id='word_1_307' title='bbox 1209 3292 1212 3300; x_wconf 83' lang='grc'>’</span> 
     </span>
     <span class='ocr_line' id='line_1_37' title="bbox 130 3373 1128 3452; baseline 0 -20"><span class='ocrx_word' id='word_1_308' title='bbox 130 3381 254 3449; x_wconf 83' lang='lat' dir='ltr'>coctum,</span> <span class='ocrx_word' id='word_1_309' title='bbox 272 3373 458 3451; x_wconf 88' lang='lat' dir='ltr'>hippocampi</span> <span class='ocrx_word' id='word_1_310' title='bbox 479 3383 526 3433; x_wconf 92' lang='lat' dir='ltr'>aut</span> <span class='ocrx_word' id='word_1_311' title='bbox 546 3373 674 3452; x_wconf 87' lang='lat' dir='ltr'>delphini</span> <span class='ocrx_word' id='word_1_312' title='bbox 687 3376 760 3433; x_wconf 90' lang='lat' dir='ltr'>cinis</span> <span class='ocrx_word' id='word_1_313' title='bbox 777 3391 814 3432; x_wconf 92' lang='lat' dir='ltr'>ex</span> <span class='ocrx_word' id='word_1_314' title='bbox 826 3392 900 3450; x_wconf 92' lang='lat' dir='ltr'>aqua</span> <span class='ocrx_word' id='word_1_315' title='bbox 916 3374 1022 3432; x_wconf 89' lang='lat' dir='ltr'>inlitus.</span> <span class='ocrx_word' id='word_1_316' title='bbox 1047 3373 1128 3432; x_wconf 86' lang='lat' dir='ltr'>exul·</span> 
     </span>
     <span class='ocr_line' id='line_1_38' title="bbox 131 3455 1128 3536; baseline -0.003 -22"><span class='ocrx_word' id='word_1_317' title='bbox 131 3456 308 3515; x_wconf 84' lang='lat' dir='ltr'>cenationem</span> <span class='ocrx_word' id='word_1_318' title='bbox 324 3455 511 3533; x_wconf 85' lang='lat' dir='ltr'>sequidebet</span> <span class='ocrx_word' id='word_1_319' title='bbox 525 3459 647 3533; x_wconf 85' lang='lat' dir='ltr'>curatio,</span> <span class='ocrx_word' id='word_1_320' title='bbox 665 3475 739 3534; x_wconf 88' lang='lat' dir='ltr'>quae</span> <span class='ocrx_word' id='word_1_321' title='bbox 753 3456 885 3536; x_wconf 89' lang='lat' dir='ltr'>perducit</span> <span class='ocrx_word' id='word_1_322' title='bbox 900 3456 935 3518; x_wconf 92' lang='lat' dir='ltr'>ad</span> <span class='ocrx_word' id='word_1_323' title='bbox 951 3457 1128 3516; x_wconf 82' lang='lat' dir='ltr'>cicatricem.</span> 
     </span>
     <span class='ocr_line' id='line_1_39' title="bbox 130 3538 1048 3619; baseline 0.002 -21"><span class='ocrx_word' id='word_1_324' title='bbox 130 3539 244 3617; x_wconf 89' lang='lat' dir='ltr'>quidam</span> <span class='ocrx_word' id='word_1_325' title='bbox 259 3538 388 3617; x_wconf 89' lang='lat' dir='ltr'>delphini</span> <span class='ocrx_word' id='word_1_326' title='bbox 403 3542 431 3598; x_wconf 93' lang='lat' dir='ltr'>in</span> <span class='ocrx_word' id='word_1_327' title='bbox 445 3541 525 3600; x_wconf 89' lang='lat' dir='ltr'>lictili</span> <span class='ocrx_word' id='word_1_328' title='bbox 537 3550 647 3601; x_wconf 89' lang='lat' dir='ltr'>torrent</span> <span class='ocrx_word' id='word_1_329' title='bbox 659 3540 753 3600; x_wconf 89' lang='lat' dir='ltr'>donec</span> <span class='ocrx_word' id='word_1_330' title='bbox 767 3541 936 3619; x_wconf 88' lang='lat' dir='ltr'>pinguitudo</span> <span class='ocrx_word' id='word_1_331' title='bbox 948 3539 1048 3601; x_wconf 83' lang='lat' dir='ltr'>similis</span> 
     </span>
    </p>
   </div>
   <div class='ocr_carea' id='block_1_9' title="bbox 0 0 1259 3930">
    <p class='ocr_par' dir='ltr' id='par_1_12' title="bbox 0 0 1259 3930">
     <span class='ocr_line' id='line_1_40' title="bbox 0 0 1259 3930; baseline 0 0"><span class='ocrx_word' id='word_1_332' title='bbox 0 0 1259 3930; x_wconf 95' lang='lat' dir='ltr'> </span> 
     </span>
    </p>
   </div>
  </div>
 </body>
</html>
