2430 3896
232 277 313 327 nar.
331 277 422 326 nisu.
437 279 508 326 xvr.
525 273 645 328 38-39.
662 265 816 343 (tn—75.)
984 261 1024 324 35

14 437 16 502 i
43 451 83 512 qua
106 432 270 494 dedolanda
297 431 387 494 arbos
417 441 559 493 sternatur
585 440 651 492 ante
678 434 772 494 editos
804 451 873 492 suos
903 431 1023 491 fructus.

40 516 121 578 llobur
139 535 212 577 vere
229 534 349 577 caesum
370 517 527 578 teredinem
549 519 652 593 sentit,
670 516 770 577 bruma
792 526 887 576 autem
908 525 1068 595 neque189

39 603 134 662 udatur
153 619 253 680 neque
276 601 434 680 pandatur,
458 602 529 661 alias
552 601 708 661 obnoxium
732 603 818 662 etiam
841 611 871 660 ut
889 594 1032 680 torqueat*

14 713 15 720 ¹
39 703 93 746 sese
116 685 283 764 lindatque,
311 685 389 764 quod
413 687 441 744 in
466 685 573 745 subere
600 687 774 765 tempestive
797 703 914 766 qnoque
936 703 1025 745 caeso

22 771 125 830 revenit.
158 769 304 830 lniinitnm
321 770 412 831 refert
430 778 460 829 et
475 770 582 830 lunaris
597 771 681 847 ratic,
698 788 753 830 uec
766 770 821 830 nisi
836 788 852 830 a
866 770 1006 830 vicesima
1018 777 1070 832 190

38 857 59 914 in
70 855 240 914 tricesimam
255 854 340 914 caedi
354 855 463 916 volunt.
495 855 571 914 inter
587 857 678 914 omnis
693 873 764 914 vero
784 855 918 914 convenit
933 853 1024 913 utilis·

38 939 93 998 sine
105 941 133 997 in
149 939 231 998 coitu
247 940 311 998 eius
324 941 423 1014 sterni,
440 956 530 1016 quem·
540 938 616 998 diem
627 939 675 999 alii
689 938 835 1016 interluni,
849 938 897 998 alii
914 937 1025 998 silentis

14 1019 15 1072 Ϊ
37 1023 105 1082 lunae
120 1021 283 1101 appellant.
315 1023 358 1082 sic
374 1031 455 1082 certe
467 1021 720 1084 TiberiusGaesar
733 1033 919 1083 concremato
937 1029 1025 1100 ponte

37 1107 236 1166 mumachiario
257 1107 364 1166 larices
388 1107 424 1168 ad
441 1106 649 1167 restituendum
673 1107 755 1169 caedi
777 1109 805 1167 in
820 1107 922 1168 Raetia
942 1124 1026 1185 prae·

14 1191 122 1250 ninint.
150 1189 268 1269 quidam
283 1191 380 1251 dicunt
395 1193 467 1251 utin
484 1193 561 1251 coitu
580 1200 609 1250 et
624 1191 677 1252 snb
693 1201 770 1252 terra
786 1193 823 1251 sit
838 1193 914 1268 luna,
927 1190 1005 1270 quod
1018 1198 1069 1253 191

39 1275 86 1334 ieri
105 1291 166 1335 uon
192 1284 292 1353 potest
314 1276 370 1334 nisi
389 1285 487 1335 noctu.
531 1276 556 1335 si
579 1285 735 1355 conpetant
763 1279 856 1336 coitus
878 1278 906 1336 in
929 1276 1025 1335 novis-

38 1359 120 1418 sinum
138 1359 218 1419 diem
233 1359 363 1436 brumae,
380 1360 429 1420 illa
443 1361 479 1419 sit
497 1367 616 1420 aeterna
631 1361 778 1436 materies,
794 1379 946 1440 proxume,
961 1377 1026 1421 cnm

14 1467 16 1476 ¹
38 1461 108 1521 snpra
123 1443 211 1503 dictis
229 1443 382 1504 sideribus.
414 1442 528 1522 quidam
550 1452 579 1503 et
599 1446 679 1505 cauis
704 1454 797 1505 ortum
815 1445 921 1506 addunt
938 1445 1027 1504 etsie

14 1555 15 1572 2
37 1545 123 1587 caesas
138 1528 278 1586 materies
290 1529 319 1586 in
333 1527 426 1588 iorum
440 1528 609 1605 Augustum.
632 1528 696 1589 Nec
710 1529 846 1590 novellae
861 1537 955 1589 autem
969 1529 1005 1589 ad
1018 1535 1069 1592 192

14 1599 171 1694 enuntiem
191 1630 248 1671 nec
268 1620 387 1672 veteres
410 1613 590 1672 utilissimae.
629 1614 816 1673 circumcisas
844 1629 962 1691 quoque
989 1610 1025 1671 ad

14 1697 15 1778 J
37 1694 176 1756 nednllam
188 1695 278 1774 aliqui
293 1715 350 1756 non
363 1696 498 1756 inutiliter
512 1693 665 1772 relincunt,
682 1707 713 1756 ut
725 1697 816 1756 omnis
829 1714 911 1757 umor
927 1696 1024 1756 stanti·

37 1779 78 1839 ins
92 1779 210 1840 delluat.
245 1777 347 1840 llirum
371 1781 445 1859 apud
460 1780 594 1859 antiquos
609 1781 827 1859 primo‘Punico
846 1780 928 1840 bello
950 1781 1027 1840 olas-⁴

37 1881 84 1924 nn
98 1863 188 1923 Duilli
205 1864 389 1942 imperatoris
405 1864 442 1924 ab
454 1864 559 1924 arbore
574 1879 630 1924 Lx.
649 1865 695 1925 die
710 1866 906 1942 navigavisss,
925 1873 1026 1925 contra

37 1965 93 2007 rem
106 1946 267 2008 Hieronem
282 1966 385 2027 regem
401 1961 492 2008 ccxx
506 1950 587 2008 navis
603 1947 723 2008 effectas
740 1948 842 2008 diebus
854 1961 924 2009 XLV
938 1949 1025 2008 tradit

14 2007 61 2096 lla
74 2031 148 2091 Piso.
180 2032 313 2093 secundo
329 2051 446 2112 quoque
461 2033 568 2092 Punico
586 2033 730 2112 Scipionis
752 2033 856 2092 classis
871 2047 927 2092 xn.
944 2034 991 2093 die
1008 2049 1025 2092 a

37 2117 118 2174 securi
133 2117 292 2193 navigavit.
324 2126 431 2178 tantum
443 2118 652 2194 tempestivitas
664 2117 750 2177 etiam
763 2118 791 2176 in
805 2118 906 2196 rapida
920 2117 1024 2177 celeri-

36 2207 82 2258 tate
116 2200 201 2261 ollet.

14 2315 15 2318 ¹
87 2218 170 2364 (ll5.)
208 2281 281 2344 Cato
297 2283 440 2344 hominum
455 2303 579 2345 summus
600 2285 627 2344 in
650 2288 726 2344 omni
748 2305 801 2346 usu
819 2286 855 2346 de
876 2286 1068 2348 materiis193

14 2365 96 2428 ³laec
118 2369 223 2430 adicit:
255 2367 399 2428 Prelum
424 2387 469 2428 ex
493 2369 657 2448 sappino
683 2379 764 2430 atra
791 2371 1024 2450 potissimum

14 2431 150 2519 liacito,
191 2453 366 2528 ulmeam,
400 2453 558 2532 pineam,
589 2471 756 2529 nuceam,
791 2455 884 2515 hanc
914 2463 1023 2530 atque

37 2535 129 2598 aliam
152 2539 345 2599 materiam
369 2556 523 2612 omnem,
550 2554 625 2596 cum
650 2537 829 2612 effodies,
858 2538 942 2598 luna
963 2538 1022 2596 de-

36 2631 226 2682 crescente
245 2622 399 2698 eximito
415 2620 705 2700 postmeridiem
727 2624 808 2681 sine
831 2631 940 2681 vento
964 2639 1023 2680 au·

36 2711 110 2765 stro.
141 2716 214 2765 tum
236 2706 310 2765 erit
329 2706 576 2784 tempestiva,
600 2723 675 2764 cum
692 2723 817 2766 semen
841 2723 1022 2765 suumma·

14 2855 16 2864 Ι
36 2791 137 2848 turum
159 2790 245 2850 erit.
280 2799 490 2869 cavetoque
514 2807 580 2868 per
599 2806 720 2848 rorem
743 2789 868 2850 trahas
885 2798 944 2849 aut
961 2790 1021 2850 do·

14 2867 89 2930 bles.
116 2873 255 2954 idemque
272 2890 356 2932 mox:
374 2873 455 2933 Nisi
470 2874 704 2933 intermestri
720 2874 881 2953 lunaque
902 2874 1066 2938 dimi-194

35 2951 542 3035 dietanetangasmateriem.
570 2957 1022 3037 tumellodiasautprae·

36 3037 204 3102 cidasabs
224 3052 340 3102 terra.
356 3041 486 3102 diebus
502 3051 646 3120 septem
662 3043 870 3119 proxumis,
888 3041 1023 3122 quibus

35 3119 106 3184 luna
124 3127 237 3204 plena
258 3125 391 3201 inerit,
415 3134 562 3204 optume
579 3126 761 3185 eximitur.
806 3128 949 3185 omnino
967 3144 1024 3187 ca·

35 3215 110 3267 reto
138 3213 173 3270 ni
195 3227 300 3290 qnam
321 3211 508 3269 materiam
529 3209 637 3270 doles
659 3228 751 3269 neve
774 3211 910 3271 caedas
931 3228 1023 3269 neve

14 3271 155 3369 ltangas
175 3295 247 3354 nisi
269 3295 419 3370 siccam,
442 3311 534 3353 neve
555 3293 827 3372 gelidamneve
849 3294 1022 3354 rorulen-

35 3379 103 3434 tam.
135 3378 268 3440 'liberius
289 3377 366 3437 idem
387 3386 415 3437 et
436 3378 464 3444 in
490 3379 596 3456 capillo
617 3377 763 3438 tondendo
785 3380 911 3439 servavit
937 3378 1023 3436 inter·

36 3454 113 3519 lunia.
142 3462 178 3523 ll.
194 3464 291 3524 Varro
308 3462 448 3523 adversus
465 3462 588 3522 deiluvia
604 3463 756 3541 praecepit
768 3460 980 3523 observandum
995 3459 1024 3520 id

38 3542 232 3620 aptenitmits.
815 3626 863 3686 3*
