2458 3906
184 236 242 294 144
459 271 462 276 -
519 240 549 289 o.
564 238 660 286 rursu
675 236 824 286 suouunr

180 409 384 481 praeterquam
406 395 538 456 iumentis
555 411 649 472 opere
662 391 870 456 laborantibus.
903 389 1045 468 culmum,
1068 394 1173 456 saxosis

181 485 255 546 locis
272 501 335 544 curu
355 482 474 555 inaruit,
500 477 605 539 baculo
623 476 759 554 frangunt
773 476 826 537 sub
847 483 936 536 strata
951 477 1121 536 animalium.
1151 477 1173 534 si

134 569 285 648 ooopelea
307 565 422 641 delicit,
447 573 477 624 et
498 562 608 622 culmus
625 563 736 621 teritur.
769 561 843 626 ratio
866 561 954 621 haec:
980 561 1115 620 maturius
1128 561 1173 620 de·

181 661 297 728 sectus,
315 650 405 709 muria
421 649 491 709 dura
509 664 645 725 sparsus,
667 645 734 705 dein
748 647 874 707 siccatus
890 645 918 703 in
933 644 1097 724 manipulos
1112 662 1174 704 con·

180 737 307 798 volvitur
320 741 407 812 atque
422 734 460 792 ita
476 749 530 810 pro
549 730 617 792 leno
633 729 727 790 bubus
747 730 840 791 datur.
871 737 936 789 suut
957 730 1006 808 qui
1023 729 1196 790 accendente

180 823 209 881 in
223 837 293 880 arvo
309 828 339 879 et
354 817 492 896 stipulas,
520 832 624 893 magno
639 813 753 892 Vergili
768 814 937 895 praeconio.
964 831 1073 874 summa
1088 822 1177 873 autem

182 907 243 964 eius
261 905 334 964 ratio
351 910 381 961 ut
395 900 549 961 herbarum
564 916 664 960 semen
680 908 810 959 exurant.
838 899 910 958 ritus
925 897 1060 958 diversos
1074 898 1175 975 magni·

181 989 249 1050 tudo
265 987 335 1048 lacit
348 986 484 1045 messium
500 992 529 1044 et
542 985 647 1044 raritas
661 984 870 1062 operariorum.

134 1083 189 1138 301
234 1093 236 1098 ’
256 1070 340 1151 (73.)
363 1067 482 1130 conexa
501 1076 546 1128 est
561 1069 635 1128 ratio
657 1067 789 1127 irumenti
809 1066 953 1127 servandi.
983 1064 1096 1127 Horrea
1110 1083 1176 1145 ope·

180 1158 241 1217 rosi
254 1153 389 1234 tripedali
403 1151 593 1214 crassitudine
607 1153 719 1230 pariete
736 1151 868 1212 latericio
881 1149 1068 1211 exaedificari
1083 1150 1203 1213 iuuenta

181 1240 279 1318 aliqui.
311 1245 466 1318 praeterea
480 1253 608 1315 superne
623 1236 727 1315 inpleri
748 1255 804 1296 nec
825 1235 946 1296 adflatus
967 1235 1117 1296 admittere
1133 1243 1178 1296 aut

181 1325 324 1384 fenestras
351 1320 460 1382 babere
486 1321 571 1381 ullas.
609 1321 657 1382 alii
685 1320 721 1380 ab
742 1329 846 1380 exortu
871 1328 978 1381 tantum
999 1321 1110 1382 aestivo
1133 1327 1178 1379 aut

182 1407 398 1488 septentrione,
425 1423 519 1484 eaque
545 1405 607 1465 sine
633 1405 716 1465 calce
741 1406 883 1480 construi,
911 1404 1045 1482 quoniam
1068 1405 1104 1464 sit
1123 1403 1177 1464 iru-

140 1509 169 1553 re,
177 1511 200 1544 ιι
208 1501 304 1552 mento
321 1490 525 1550 inimicissima.
545 1507 609 1549 uam
621 1507 696 1568 quae
707 1489 743 1549 de
755 1506 870 1549 amurca
882 1497 1098 1567 praeceperunt
1112 1487 1177 1548 iudi·

134 1578 339 1638 manavimus.
370 1573 440 1634 alibi
455 1582 556 1634 contra
577 1574 755 1653 suspendunt
774 1574 907 1651 granaria
922 1571 1020 1650 lignea
1042 1572 1177 1633 columnis
1185 1586 1204 1628 ιι

181 1671 210 1722 et
226 1659 343 1742 perflari
358 1658 482 1736 undique
497 1659 618 1734 malunt,
642 1666 728 1736 atque
743 1659 827 1718 etiam
843 1674 860 1716 a
875 1657 974 1717 lundo.
1005 1657 1054 1716 alii
1068 1658 1177 1718 omuino

181 1745 328 1824 pendente
345 1743 473 1803 tabulato
488 1743 638 1803 extenuari
653 1759 771 1820 granum
786 1740 960 1802 arbitrantur
973 1751 1019 1818 et,
1037 1742 1061 1800 si
1075 1741 1178 1819 tegulis

182 1829 346 1903 subiaceat,
375 1826 612 1888 confervescere.
661 1825 740 1886 multi
765 1826 905 1886 ventilare
932 1843 1049 1904 quoqne
1073 1834 1178 1886 vetant.

181 1912 377 1973 curculionem
395 1911 469 1970 enim
484 1927 541 1970 non
556 1909 738 1970 descendere
751 1910 825 1970 infra
841 1919 975 1988 quattuor
991 1911 1109 1988 digitos,
1126 1927 1178 1970 nec

133 2005 191 2060 303
201 1996 323 2074 amplius
338 1994 506 2074 periclitari.
536 1993 698 2055 Columella
713 2003 742 2054 et
754 1995 897 2054 favonium
913 2003 1030 2054 reanum
1045 1993 1209 2066 coniectori

180 2081 322 2140 frumento
337 2077 502 2158 praedicat,
529 2079 607 2157 quod
620 2080 709 2140 miror
724 2079 875 2158 equidem,
902 2079 1094 2140 siccissimum
1111 2078 1176 2139 alio·

181 2163 238 2242 qui.
265 2171 329 2222 sunt
348 2163 396 2241 qui
410 2162 510 2223 rubeta
527 2181 597 2223 rana
612 2165 640 2222 in
655 2163 750 2223 limine
766 2163 863 2243 borrei
878 2163 955 2243 pede
969 2181 985 2223 e
1001 2162 1177 2242 longioribus

180 2265 322 2326 suspensa
337 2246 475 2307 iuvebere
492 2246 617 2308 iubeant.
649 2247 734 2308 nobis
759 2248 873 2308 referre
893 2248 1054 2326 plurumum
1071 2256 1176 2326 tempe·

180 2332 292 2391 stivitas
308 2331 451 2392 condendi
471 2331 624 2391 videbitur.
653 2333 760 2392 namsi
780 2349 881 2410 parum
901 2341 1008 2393 tostum
1023 2341 1111 2412 atque
1132 2348 1176 2391 ro·

179 2415 293 2476 bustum
309 2415 464 2476 collectum
479 2418 516 2476 sit
533 2424 580 2476 aut
596 2416 718 2477 calidum
734 2417 895 2494 conditum,
919 2417 987 2477 vitia
1003 2419 1116 2478 innasci
1132 2427 1206 2476 neu

133 2509 287 2566 scioessa
307 2509 361 2561 est.
398 2499 596 2559 Diuturuitatis
614 2517 721 2561 causae
743 2501 856 2580 plures:
875 2511 922 2562 aut
942 2501 971 2561 in
992 2503 1085 2580 ipsius
1102 2499 1179 2580 gram

180 2584 277 2660 corio,
305 2603 368 2646 cum
391 2592 436 2644 est
460 2585 657 2660 numerosius,
679 2594 710 2644 ιιι
731 2585 827 2661 ιηῑιίο,
853 2595 901 2646 aut
922 2586 984 2645 suci
1004 2583 1177 2664 pinguedine

179 2670 227 2747 qui
241 2685 295 2746 pro
313 2685 414 2728 umore
430 2667 535 2728 suflicit
550 2676 673 2744 tantum,
702 2678 732 2729 ιι
750 2671 891 2746 sesimae,
920 2678 969 2730 aut
983 2669 1177 2747 amaritudine,

178 2760 208 2811 ιιι
222 2752 322 2830 lupino
338 2761 368 2812 el
384 2751 559 2812 cicerculae.
591 2751 623 2812 ln
639 2754 734 2815 tritico
757 2771 888 2815 maxume
904 2763 1063 2816 nascuntur
1079 2755 1177 2816 anima-

178 2834 233 2910 lia,
262 2836 395 2914 quoniam
410 2836 558 2914 spissitate
574 2855 625 2897 sua
643 2838 821 2899 concalescit
842 2848 871 2899 et
886 2839 997 2900 furlure
1013 2857 1117 2900 crasso
1131 2845 1209 2897 vett

178 2920 270 2978 stitur.
302 2921 417 2979 tenuior
433 2920 546 2980 bordeo
568 2921 670 3000 palea,
694 2922 780 2983 exilis
804 2933 833 2984 et
858 2924 1013 3002 legumini,
1039 2923 1110 2984 ideo
1126 2938 1178 2981 non

178 3011 327 3081 generant.
364 3003 431 3065 laba
449 3006 640 3065 crassioribus
662 3008 766 3067 tunicis
783 3009 928 3087 operitur,
957 3007 996 3068 ob
1017 3008 1077 3070 hoc
1097 3006 1176 3068 elicr-

134 3087 299 3150 adsuescit.
331 3087 451 3160 Quidam
468 3090 560 3168 ipsum
585 3091 708 3150 triticum
734 3091 924 3153 diuturnitatis
945 3091 1176 3170 gratia'adsper-

177 3180 247 3249 gunt
262 3189 394 3248 amurca,
423 3173 501 3233 mille
522 3174 636 3234 modios
656 3176 852 3254 quadrantali,
879 3177 928 3236 alii
943 3174 1113 3238 Chalcidica
1133 3179 1177 3234 aut

90 3258 93 3261 ’
179 3252 282 3316 llarioa
299 3265 378 3316 creta
395 3259 542 3318 autetiam
563 3259 716 3320 absinthio.
746 3269 791 3320 est
813 3271 843 3321 et
859 3259 975 3336 Olynthi
992 3279 1028 3322 ac
1049 3256 1209 3321 ‘Geriutbiss

177 3337 317 3400 Euboeae
333 3349 410 3400 terra
429 3358 503 3420 quae
518 3344 663 3422 eorrumpi
678 3361 736 3403 nou
751 3345 833 3405 sinat.
862 3363 918 3405 nee
933 3346 999 3406 fere
1020 3345 1135 3407 condita
1147 3341 1175 3400 iu

133 3430 186 3485 306
199 3425 279 3501 spica
301 3425 466 3500 laeduntur,
495 3427 645 3487 utilissime
672 3436 766 3487 tamen
790 3439 941 3490 serrantur
960 3431 990 3489 in
1012 3427 1172 3498 scrobibus,

177 3523 251 3583 quos
267 3509 343 3568 siros
358 3518 480 3586 vocant,
509 3511 581 3569 utin
596 3511 783 3590 Cappadocia
805 3531 840 3573 ae
856 3513 979 3574 Threcia
997 3522 1027 3574 et
1041 3509 1174 3593 Hispania
