<?xml version="1.0" encoding="UTF-8"?>
<!DOCTYPE html PUBLIC "-//W3C//DTD XHTML 1.0 Transitional//EN"
    "http://www.w3.org/TR/xhtml1/DTD/xhtml1-transitional.dtd">
<html xmlns="http://www.w3.org/1999/xhtml" xml:lang="en" lang="en">
 <head>
  <title>
</title>
<meta http-equiv="Content-Type" content="text/html;charset=utf-8" />
  <meta name='ocr-system' content='tesseract 3.04.00' />
  <meta name='ocr-capabilities' content='ocr_page ocr_carea ocr_par ocr_line ocrx_word'/>
</head>
<body>
  <div class='ocr_page' id='page_1' title='image "./naturalishistor00plingoog_0566.png"; bbox 0 0 2396 3922; ppageno 0'>
   <div class='ocr_carea' id='block_1_1' title="bbox 181 229 828 300">
    <p class='ocr_par' dir='ltr' id='par_1_1' title="bbox 181 229 828 300">
     <span class='ocr_line' id='line_1_1' title="bbox 181 229 828 300; baseline -0.005 -2"><span class='ocrx_word' id='word_1_1' title='bbox 181 229 245 298; x_wconf 67' lang='lat'><strong>152</strong></span> <span class='ocrx_word' id='word_1_2' title='bbox 513 251 544 300; x_wconf 88' lang='lat' dir='ltr'><strong>c.</strong></span> <span class='ocrx_word' id='word_1_3' title='bbox 565 249 660 298; x_wconf 79' lang='lat' dir='ltr'><strong>runnu</strong></span> <span class='ocrx_word' id='word_1_4' title='bbox 680 248 828 298; x_wconf 74' lang='lat' dir='ltr'><strong>secuntur</strong></span> 
     </span>
    </p>
   </div>
   <div class='ocr_carea' id='block_1_2' title="bbox 129 402 1184 3233">
    <p class='ocr_par' dir='ltr' id='par_1_2' title="bbox 174 402 1143 631">
     <span class='ocr_line' id='line_1_2' title="bbox 175 402 1142 480; baseline -0.003 -15"><span class='ocrx_word' id='word_1_5' title='bbox 175 404 275 465; x_wconf 85' lang='lat' dir='ltr'><strong>tulibet</strong></span> <span class='ocrx_word' id='word_1_6' title='bbox 288 405 453 465; x_wconf 73' lang='lat' dir='ltr'><strong>lassitudine</strong></span> <span class='ocrx_word' id='word_1_7' title='bbox 467 404 594 466; x_wconf 89' lang='lat' dir='ltr'><strong>recreari</strong></span> <span class='ocrx_word' id='word_1_8' title='bbox 612 402 761 478; x_wconf 87' lang='lat' dir='ltr'><strong>delessos,</strong></span> <span class='ocrx_word' id='word_1_9' title='bbox 778 405 861 464; x_wconf 87' lang='lat' dir='ltr'><strong>etiarn</strong></span> <span class='ocrx_word' id='word_1_10' title='bbox 878 419 943 462; x_wconf 88' lang='lat' dir='ltr'><strong>cum</strong></span> <span class='ocrx_word' id='word_1_11' title='bbox 958 402 1142 480; x_wconf 73' lang='lat' dir='ltr'>obmutuerint,</span> 
     </span>
     <span class='ocr_line' id='line_1_3' title="bbox 175 486 1143 565; baseline -0.002 -17"><span class='ocrx_word' id='word_1_12' title='bbox 175 491 200 548; x_wconf 90' lang='lat' dir='ltr'><strong>si</strong></span> <span class='ocrx_word' id='word_1_13' title='bbox 213 487 367 548; x_wconf 75' lang='lat' dir='ltr'><strong>subiciatur</strong></span> <span class='ocrx_word' id='word_1_14' title='bbox 382 489 513 565; x_wconf 84' lang='lat' dir='ltr'><strong>liuguae,</strong></span> <span class='ocrx_word' id='word_1_15' title='bbox 537 489 562 546; x_wconf 89' lang='lat' dir='ltr'><strong>si</strong></span> <span class='ocrx_word' id='word_1_16' title='bbox 582 486 754 563; x_wconf 72' lang='lat' dir='ltr'>devoretur,</span> <span class='ocrx_word' id='word_1_17' title='bbox 774 487 959 546; x_wconf 78' lang='lat' dir='ltr'><strong>vomitionem</strong></span> <span class='ocrx_word' id='word_1_18' title='bbox 980 489 1058 564; x_wconf 79' lang='lat' dir='ltr'><strong>sequi</strong></span> <span class='ocrx_word' id='word_1_19' title='bbox 1078 488 1143 546; x_wconf 88' lang='lat' dir='ltr'><strong>salu·</strong></span> 
     </span>
     <span class='ocr_line' id='line_1_4' title="bbox 174 582 274 631; baseline -0.03 0"><span class='ocrx_word' id='word_1_20' title='bbox 174 582 274 631; x_wconf 88' lang='lat' dir='ltr'><strong>tarem.</strong></span> 
     </span>
    </p>

    <p class='ocr_par' dir='ltr' id='par_1_3' title="bbox 133 651 1162 1149">
     <span class='ocr_line' id='line_1_5' title="bbox 133 651 1147 732; baseline -0.006 -12"><span class='ocrx_word' id='word_1_21' title='bbox 133 666 185 721; x_wconf 76' lang='lat'><strong>128</strong></span> <span class='ocrx_word' id='word_1_22' title='bbox 238 655 344 732; x_wconf 87' lang='grc'>(105.)</span> <span class='ocrx_word' id='word_1_23' title='bbox 368 653 514 715; x_wconf 85' lang='lat' dir='ltr'><strong>Rhecomu</strong></span> <span class='ocrx_word' id='word_1_24' title='bbox 528 654 653 714; x_wconf 74' lang='lat' dir='ltr'>adfertur</span> <span class='ocrx_word' id='word_1_25' title='bbox 665 671 702 712; x_wconf 81' lang='lat' dir='ltr'><strong>ex</strong></span> <span class='ocrx_word' id='word_1_26' title='bbox 717 651 847 731; x_wconf 88' lang='lat' dir='ltr'><strong>hisquae</strong></span> <span class='ocrx_word' id='word_1_27' title='bbox 861 657 948 731; x_wconf 71' lang='lat' dir='ltr'><strong>supra</strong></span> <span class='ocrx_word' id='word_1_28' title='bbox 960 653 1080 712; x_wconf 78' lang='lat' dir='ltr'><strong>Pontum</strong></span> <span class='ocrx_word' id='word_1_29' title='bbox 1094 664 1147 714; x_wconf 80' lang='lat' dir='ltr'><strong>snt</strong></span> 
     </span>
     <span class='ocr_line' id='line_1_6' title="bbox 173 737 1162 814; baseline 0 -16"><span class='ocrx_word' id='word_1_30' title='bbox 173 738 349 814; x_wconf 78' lang='lat' dir='ltr'><strong>regionibus.</strong></span> <span class='ocrx_word' id='word_1_31' title='bbox 379 739 460 797; x_wconf 86' lang='lat' dir='ltr'><strong>radix</strong></span> <span class='ocrx_word' id='word_1_32' title='bbox 475 747 558 798; x_wconf 90' lang='lat' dir='ltr'><strong>costo</strong></span> <span class='ocrx_word' id='word_1_33' title='bbox 574 737 657 813; x_wconf 80' lang='lat' dir='ltr'><strong>nigro</strong></span> <span class='ocrx_word' id='word_1_34' title='bbox 673 737 782 810; x_wconf 90' lang='lat' dir='ltr'><strong>similis,</strong></span> <span class='ocrx_word' id='word_1_35' title='bbox 800 739 892 795; x_wconf 90' lang='lat' dir='ltr'><strong>minor</strong></span> <span class='ocrx_word' id='word_1_36' title='bbox 910 745 941 796; x_wconf 90' lang='lat' dir='ltr'><strong>et</strong></span> <span class='ocrx_word' id='word_1_37' title='bbox 957 737 1046 795; x_wconf 88' lang='lat' dir='ltr'><strong>ruiior</strong></span> <span class='ocrx_word' id='word_1_38' title='bbox 1059 738 1162 814; x_wconf 72' lang='lat' dir='ltr'><strong>paulos</strong></span> 
     </span>
     <span class='ocr_line' id='line_1_7' title="bbox 174 819 1148 898; baseline -0.003 -16"><span class='ocrx_word' id='word_1_39' title='bbox 174 824 236 882; x_wconf 87' lang='lat' dir='ltr'><strong>siue</strong></span> <span class='ocrx_word' id='word_1_40' title='bbox 252 822 355 897; x_wconf 88' lang='lat' dir='ltr'><strong>odore,</strong></span> <span class='ocrx_word' id='word_1_41' title='bbox 372 822 528 883; x_wconf 81' lang='lat' dir='ltr'><strong>calfaciens</strong></span> <span class='ocrx_word' id='word_1_42' title='bbox 541 831 627 898; x_wconf 81' lang='lat' dir='ltr'><strong>gustu</strong></span> <span class='ocrx_word' id='word_1_43' title='bbox 642 829 671 879; x_wconf 88' lang='lat' dir='ltr'><strong>et</strong></span> <span class='ocrx_word' id='word_1_44' title='bbox 685 819 875 896; x_wconf 78' lang='lat' dir='ltr'><strong>adstringens.</strong></span> <span class='ocrx_word' id='word_1_45' title='bbox 905 820 1010 879; x_wconf 86' lang='lat' dir='ltr'><strong>eudem</strong></span> <span class='ocrx_word' id='word_1_46' title='bbox 1023 821 1089 880; x_wconf 87' lang='lat' dir='ltr'><strong>trita</strong></span> <span class='ocrx_word' id='word_1_47' title='bbox 1101 823 1148 879; x_wconf 85' lang='lat' dir='ltr'><strong>vini</strong></span> 
     </span>
     <span class='ocr_line' id='line_1_8' title="bbox 175 901 1149 965; baseline -0.003 0"><span class='ocrx_word' id='word_1_48' title='bbox 175 905 303 965; x_wconf 87' lang='lat' dir='ltr'><strong>colorem</strong></span> <span class='ocrx_word' id='word_1_49' title='bbox 318 905 412 964; x_wconf 81' lang='lat' dir='ltr'><strong>reddit</strong></span> <span class='ocrx_word' id='word_1_50' title='bbox 427 905 462 964; x_wconf 91' lang='lat' dir='ltr'><strong>ad</strong></span> <span class='ocrx_word' id='word_1_51' title='bbox 475 923 591 964; x_wconf 86' lang='lat' dir='ltr'><strong>crocum</strong></span> <span class='ocrx_word' id='word_1_52' title='bbox 606 904 796 964; x_wconf 74' lang='lat' dir='ltr'><strong>inclinantem.</strong></span> <span class='ocrx_word' id='word_1_53' title='bbox 825 903 904 963; x_wconf 87' lang='lat' dir='ltr'><strong>inlita</strong></span> <span class='ocrx_word' id='word_1_54' title='bbox 916 901 1149 964; x_wconf 79' lang='lat' dir='ltr'><strong>collectionesin</strong></span> 
     </span>
     <span class='ocr_line' id='line_1_9' title="bbox 174 987 1151 1066; baseline -0.003 -17"><span class='ocrx_word' id='word_1_55' title='bbox 174 989 436 1066; x_wconf 83' lang='lat' dir='ltr'><strong>dammationesque</strong></span> <span class='ocrx_word' id='word_1_56' title='bbox 463 989 559 1065; x_wconf 91' lang='lat' dir='ltr'><strong>sedat,</strong></span> <span class='ocrx_word' id='word_1_57' title='bbox 580 988 700 1047; x_wconf 86' lang='lat' dir='ltr'><strong>volnera</strong></span> <span class='ocrx_word' id='word_1_58' title='bbox 717 996 813 1063; x_wconf 86' lang='lat' dir='ltr'><strong>sanat,</strong></span> <span class='ocrx_word' id='word_1_59' title='bbox 836 987 994 1066; x_wconf 81' lang='lat' dir='ltr'><strong>epiphoras</strong></span> <span class='ocrx_word' id='word_1_60' title='bbox 1014 987 1151 1046; x_wconf 88' lang='lat' dir='ltr'><strong>oculornn</strong></span> 
     </span>
     <span class='ocr_line' id='line_1_10' title="bbox 175 1069 1151 1149; baseline -0.001 -18"><span class='ocrx_word' id='word_1_61' title='bbox 175 1071 256 1132; x_wconf 87' lang='lat' dir='ltr'><strong>sedat</strong></span> <span class='ocrx_word' id='word_1_62' title='bbox 271 1069 311 1130; x_wconf 79' lang='lat' dir='ltr'><strong>ex&#39;</strong></span> <span class='ocrx_word' id='word_1_63' title='bbox 324 1089 427 1148; x_wconf 87' lang='lat' dir='ltr'><strong>passo,</strong></span> <span class='ocrx_word' id='word_1_64' title='bbox 448 1073 581 1149; x_wconf 78' lang='lat' dir='ltr'><strong>insignita</strong></span> <span class='ocrx_word' id='word_1_65' title='bbox 602 1091 664 1130; x_wconf 90' lang='lat' dir='ltr'><strong>cunr</strong></span> <span class='ocrx_word' id='word_1_66' title='bbox 678 1071 765 1130; x_wconf 90' lang='lat' dir='ltr'><strong>melle</strong></span> <span class='ocrx_word' id='word_1_67' title='bbox 787 1081 816 1130; x_wconf 92' lang='lat' dir='ltr'><strong>et</strong></span> <span class='ocrx_word' id='word_1_68' title='bbox 835 1071 890 1130; x_wconf 88' lang='lat' dir='ltr'><strong>alia</strong></span> <span class='ocrx_word' id='word_1_69' title='bbox 906 1071 1081 1130; x_wconf 82' lang='lat' dir='ltr'><strong>liventia-ex</strong></span> <span class='ocrx_word' id='word_1_70' title='bbox 1095 1089 1151 1130; x_wconf 86' lang='lat' dir='ltr'><strong>ace·</strong></span> 
     </span>
    </p>

    <p class='ocr_par' dir='ltr' id='par_1_4' title="bbox 134 1153 1178 1567">
     <span class='ocr_line' id='line_1_11' title="bbox 134 1153 1178 1234; baseline -0.001 -16"><span class='ocrx_word' id='word_1_71' title='bbox 134 1166 183 1222; x_wconf 73' lang='lat'><strong>129</strong></span> <span class='ocrx_word' id='word_1_72' title='bbox 194 1166 233 1215; x_wconf 91' lang='lat' dir='ltr'><strong>to.</strong></span> <span class='ocrx_word' id='word_1_73' title='bbox 262 1156 351 1214; x_wconf 86' lang='lat' dir='ltr'><strong>iarius</strong></span> <span class='ocrx_word' id='word_1_74' title='bbox 375 1157 437 1214; x_wconf 88' lang='lat' dir='ltr'><strong>eius</strong></span> <span class='ocrx_word' id='word_1_75' title='bbox 460 1157 633 1234; x_wconf 78' lang='lat' dir='ltr'><strong>inspergitur</strong></span> <span class='ocrx_word' id='word_1_76' title='bbox 656 1163 754 1214; x_wconf 86' lang='lat' dir='ltr'><strong>contra</strong></span> <span class='ocrx_word' id='word_1_77' title='bbox 776 1153 916 1214; x_wconf 85' lang='lat' dir='ltr'><strong>cacoethe</strong></span> <span class='ocrx_word' id='word_1_78' title='bbox 941 1163 972 1212; x_wconf 92' lang='lat' dir='ltr'><strong>et</strong></span> <span class='ocrx_word' id='word_1_79' title='bbox 993 1157 1178 1231; x_wconf 81' lang='lat' dir='ltr'><strong>sanguineus</strong></span> 
     </span>
     <span class='ocr_line' id='line_1_12' title="bbox 174 1237 1154 1316; baseline -0.002 -17"><span class='ocrx_word' id='word_1_80' title='bbox 174 1237 357 1299; x_wconf 89' lang='lat' dir='ltr'><strong>reicientibus</strong></span> <span class='ocrx_word' id='word_1_81' title='bbox 379 1239 532 1298; x_wconf 80' lang='lat' dir='ltr'><strong>drachmae</strong></span> <span class='ocrx_word' id='word_1_82' title='bbox 550 1238 677 1316; x_wconf 87' lang='lat' dir='ltr'><strong>pondere</strong></span> <span class='ocrx_word' id='word_1_83' title='bbox 700 1241 727 1295; x_wconf 93' lang='lat' dir='ltr'><strong>in</strong></span> <span class='ocrx_word' id='word_1_84' title='bbox 750 1255 839 1315; x_wconf 88' lang='lat' dir='ltr'><strong>aqua,</strong></span> <span class='ocrx_word' id='word_1_85' title='bbox 861 1237 1048 1311; x_wconf 78' lang='lat' dir='ltr'><strong>dysintericis</strong></span> <span class='ocrx_word' id='word_1_86' title='bbox 1064 1247 1154 1297; x_wconf 79' lang='lat' dir='ltr'><strong>auten</strong></span> 
     </span>
     <span class='ocr_line' id='line_1_13' title="bbox 176 1321 1154 1399; baseline -0.002 -17"><span class='ocrx_word' id='word_1_87' title='bbox 176 1332 206 1382; x_wconf 89' lang='lat' dir='ltr'><strong>et</strong></span> <span class='ocrx_word' id='word_1_88' title='bbox 221 1322 369 1397; x_wconf 85' lang='lat' dir='ltr'><strong>coeliacis,</strong></span> <span class='ocrx_word' id='word_1_89' title='bbox 386 1324 410 1380; x_wconf 91' lang='lat' dir='ltr'><strong>si</strong></span> <span class='ocrx_word' id='word_1_90' title='bbox 425 1321 499 1382; x_wconf 91' lang='lat' dir='ltr'><strong>iebri</strong></span> <span class='ocrx_word' id='word_1_91' title='bbox 515 1332 622 1397; x_wconf 86' lang='lat' dir='ltr'><strong>carent,</strong></span> <span class='ocrx_word' id='word_1_92' title='bbox 637 1323 666 1380; x_wconf 89' lang='lat' dir='ltr'><strong>in</strong></span> <span class='ocrx_word' id='word_1_93' title='bbox 679 1323 761 1397; x_wconf 88' lang='lat' dir='ltr'><strong>vino,</strong></span> <span class='ocrx_word' id='word_1_94' title='bbox 780 1323 803 1380; x_wconf 93' lang='lat' dir='ltr'><strong>si</strong></span> <span class='ocrx_word' id='word_1_95' title='bbox 826 1321 926 1395; x_wconf 86' lang='lat' dir='ltr'><strong>aliter,</strong></span> <span class='ocrx_word' id='word_1_96' title='bbox 950 1339 988 1380; x_wconf 83' lang='lat' dir='ltr'><strong>ex</strong></span> <span class='ocrx_word' id='word_1_97' title='bbox 1005 1338 1091 1399; x_wconf 87' lang='lat' dir='ltr'><strong>aqua.</strong></span> <span class='ocrx_word' id='word_1_98' title='bbox 1122 1322 1154 1380; x_wconf 79' lang='lat' dir='ltr'><strong>lo</strong></span> 
     </span>
     <span class='ocr_line' id='line_1_14' title="bbox 174 1403 1156 1466; baseline -0.004 0"><span class='ocrx_word' id='word_1_99' title='bbox 174 1407 255 1466; x_wconf 90' lang='lat' dir='ltr'><strong>cilius</strong></span> <span class='ocrx_word' id='word_1_100' title='bbox 270 1407 370 1464; x_wconf 90' lang='lat' dir='ltr'><strong>teritur</strong></span> <span class='ocrx_word' id='word_1_101' title='bbox 381 1413 466 1465; x_wconf 90' lang='lat' dir='ltr'><strong>nocte</strong></span> <span class='ocrx_word' id='word_1_102' title='bbox 478 1405 666 1465; x_wconf 87' lang='lat' dir='ltr'><strong>antecedente</strong></span> <span class='ocrx_word' id='word_1_103' title='bbox 680 1403 849 1464; x_wconf 81' lang='lat' dir='ltr'><strong>madefacta.</strong></span> <span class='ocrx_word' id='word_1_104' title='bbox 869 1405 954 1463; x_wconf 86' lang='lat' dir='ltr'><strong>datur</strong></span> <span class='ocrx_word' id='word_1_105' title='bbox 969 1412 1000 1463; x_wconf 89' lang='lat' dir='ltr'><strong>et</strong></span> <span class='ocrx_word' id='word_1_106' title='bbox 1011 1404 1156 1464; x_wconf 83' lang='lat' dir='ltr'><strong>decoctum</strong></span> 
     </span>
     <span class='ocr_line' id='line_1_15' title="bbox 174 1487 1155 1567; baseline -0.005 -16"><span class='ocrx_word' id='word_1_107' title='bbox 174 1491 235 1552; x_wconf 88' lang='lat' dir='ltr'><strong>eius</strong></span> <span class='ocrx_word' id='word_1_108' title='bbox 249 1487 399 1548; x_wconf 88' lang='lat' dir='ltr'><strong>bibendum</strong></span> <span class='ocrx_word' id='word_1_109' title='bbox 417 1489 523 1567; x_wconf 87' lang='lat' dir='ltr'><strong>duplici</strong></span> <span class='ocrx_word' id='word_1_110' title='bbox 537 1505 669 1548; x_wconf 90' lang='lat' dir='ltr'><strong>mensura</strong></span> <span class='ocrx_word' id='word_1_111' title='bbox 684 1488 720 1548; x_wconf 90' lang='lat' dir='ltr'><strong>ad</strong></span> <span class='ocrx_word' id='word_1_112' title='bbox 740 1497 841 1567; x_wconf 85' lang='lat' dir='ltr'><strong>rupta,</strong></span> <span class='ocrx_word' id='word_1_113' title='bbox 866 1487 1026 1562; x_wconf 89' lang='lat' dir='ltr'><strong>convolsa,</strong></span> <span class='ocrx_word' id='word_1_114' title='bbox 1044 1497 1155 1548; x_wconf 89' lang='lat' dir='ltr'><strong>coutun-</strong></span> 
     </span>
    </p>

    <p class='ocr_par' dir='ltr' id='par_1_5' title="bbox 133 1571 1184 2388">
     <span class='ocr_line' id='line_1_16' title="bbox 133 1571 1178 1649; baseline -0.006 -18"><span class='ocrx_word' id='word_1_115' title='bbox 133 1585 183 1638; x_wconf 78' lang='lat'><strong>130</strong></span> <span class='ocrx_word' id='word_1_116' title='bbox 194 1575 249 1646; x_wconf 87' lang='lat' dir='ltr'><strong>sis,</strong></span> <span class='ocrx_word' id='word_1_117' title='bbox 273 1589 309 1636; x_wconf 82' lang='lat' dir='ltr'><strong>cx</strong></span> <span class='ocrx_word' id='word_1_118' title='bbox 326 1573 438 1632; x_wconf 86' lang='lat' dir='ltr'><strong>sublimi</strong></span> <span class='ocrx_word' id='word_1_119' title='bbox 454 1572 605 1632; x_wconf 87' lang='lat' dir='ltr'><strong>devolutis.</strong></span> <span class='ocrx_word' id='word_1_120' title='bbox 637 1573 661 1631; x_wconf 89' lang='lat' dir='ltr'><strong>si</strong></span> <span class='ocrx_word' id='word_1_121' title='bbox 678 1574 805 1649; x_wconf 90' lang='lat' dir='ltr'><strong>pectoris</strong></span> <span class='ocrx_word' id='word_1_122' title='bbox 821 1572 878 1631; x_wconf 92' lang='lat' dir='ltr'><strong>siut</strong></span> <span class='ocrx_word' id='word_1_123' title='bbox 892 1571 1030 1648; x_wconf 88' lang='lat' dir='ltr'><strong>dolores,</strong></span> <span class='ocrx_word' id='word_1_124' title='bbox 1053 1573 1178 1632; x_wconf 84' lang='lat' dir='ltr'><strong>additurrs</strong></span> 
     </span>
     <span class='ocr_line' id='line_1_17' title="bbox 174 1652 1156 1734; baseline -0.002 -20"><span class='ocrx_word' id='word_1_125' title='bbox 174 1657 283 1734; x_wconf 91' lang='lat' dir='ltr'><strong>piperis</strong></span> <span class='ocrx_word' id='word_1_126' title='bbox 298 1656 405 1733; x_wconf 85' lang='lat' dir='ltr'><strong>aliquid</strong></span> <span class='ocrx_word' id='word_1_127' title='bbox 421 1666 450 1716; x_wconf 91' lang='lat' dir='ltr'><strong>et</strong></span> <span class='ocrx_word' id='word_1_128' title='bbox 464 1673 590 1730; x_wconf 89' lang='lat' dir='ltr'><strong>murrae,</strong></span> <span class='ocrx_word' id='word_1_129' title='bbox 612 1657 637 1714; x_wconf 91' lang='lat' dir='ltr'><strong>si</strong></span> <span class='ocrx_word' id='word_1_130' title='bbox 654 1655 804 1714; x_wconf 86' lang='lat' dir='ltr'><strong>dissolutio</strong></span> <span class='ocrx_word' id='word_1_131' title='bbox 820 1653 977 1730; x_wconf 76' lang='lat' dir='ltr'><strong>stomachi,</strong></span> <span class='ocrx_word' id='word_1_132' title='bbox 1001 1673 1042 1714; x_wconf 80' lang='lat' dir='ltr'><strong>ex</strong></span> <span class='ocrx_word' id='word_1_133' title='bbox 1059 1652 1156 1730; x_wconf 77' lang='lat' dir='ltr'><strong>frigida</strong></span> 
     </span>
     <span class='ocr_line' id='line_1_18' title="bbox 172 1734 1156 1817; baseline -0.002 -20"><span class='ocrx_word' id='word_1_134' title='bbox 172 1757 245 1817; x_wconf 88' lang='lat' dir='ltr'><strong>aqua</strong></span> <span class='ocrx_word' id='word_1_135' title='bbox 265 1742 397 1815; x_wconf 88' lang='lat' dir='ltr'><strong>sumitur,</strong></span> <span class='ocrx_word' id='word_1_136' title='bbox 415 1741 457 1799; x_wconf 88' lang='lat' dir='ltr'><strong>sic</strong></span> <span class='ocrx_word' id='word_1_137' title='bbox 473 1749 501 1800; x_wconf 90' lang='lat' dir='ltr'><strong>et</strong></span> <span class='ocrx_word' id='word_1_138' title='bbox 520 1741 630 1798; x_wconf 86' lang='lat' dir='ltr'><strong>iniussi</strong></span> <span class='ocrx_word' id='word_1_139' title='bbox 644 1747 744 1798; x_wconf 90' lang='lat' dir='ltr'><strong>vetere</strong></span> <span class='ocrx_word' id='word_1_140' title='bbox 759 1756 793 1798; x_wconf 91' lang='lat' dir='ltr'><strong>ac</strong></span> <span class='ocrx_word' id='word_1_141' title='bbox 808 1738 967 1817; x_wconf 87' lang='lat' dir='ltr'><strong>purulentis</strong></span> <span class='ocrx_word' id='word_1_142' title='bbox 983 1734 1156 1798; x_wconf 79' lang='lat' dir='ltr'><strong>exscreatio</strong></span> 
     </span>
     <span class='ocr_line' id='line_1_19' title="bbox 172 1821 1157 1902; baseline -0.003 -21"><span class='ocrx_word' id='word_1_143' title='bbox 172 1823 264 1896; x_wconf 90' lang='lat' dir='ltr'><strong>uibus,</strong></span> <span class='ocrx_word' id='word_1_144' title='bbox 280 1825 347 1882; x_wconf 87' lang='lat' dir='ltr'><strong>item</strong></span> <span class='ocrx_word' id='word_1_145' title='bbox 369 1824 520 1902; x_wconf 88' lang='lat' dir='ltr'><strong>hepaticis,</strong></span> <span class='ocrx_word' id='word_1_146' title='bbox 536 1823 689 1901; x_wconf 88' lang='lat' dir='ltr'><strong>splenicis,</strong></span> <span class='ocrx_word' id='word_1_147' title='bbox 704 1821 885 1898; x_wconf 88' lang='lat' dir='ltr'><strong>ischiadicis,</strong></span> <span class='ocrx_word' id='word_1_148' title='bbox 903 1821 939 1881; x_wconf 90' lang='lat' dir='ltr'><strong>ad</strong></span> <span class='ocrx_word' id='word_1_149' title='bbox 954 1823 1069 1880; x_wconf 89' lang='lat' dir='ltr'><strong>renium</strong></span> <span class='ocrx_word' id='word_1_150' title='bbox 1088 1823 1157 1895; x_wconf 85' lang='lat' dir='ltr'><strong>vitia,</strong></span> 
     </span>
     <span class='ocr_line' id='line_1_20' title="bbox 172 1905 1158 1984; baseline 0 -20"><span class='ocrx_word' id='word_1_151' title='bbox 172 1907 305 1984; x_wconf 85' lang='lat' dir='ltr'><strong>suspirio,</strong></span> <span class='ocrx_word' id='word_1_152' title='bbox 320 1906 523 1984; x_wconf 87' lang='lat' dir='ltr'><strong>orthopnoeas.</strong></span> <span class='ocrx_word' id='word_1_153' title='bbox 554 1907 675 1966; x_wconf 89' lang='lat' dir='ltr'><strong>arteriae</strong></span> <span class='ocrx_word' id='word_1_154' title='bbox 690 1905 841 1965; x_wconf 86' lang='lat' dir='ltr'><strong>scabritias</strong></span> <span class='ocrx_word' id='word_1_155' title='bbox 862 1913 943 1964; x_wconf 85' lang='lat' dir='ltr'><strong>sanat</strong></span> <span class='ocrx_word' id='word_1_156' title='bbox 957 1923 996 1964; x_wconf 87' lang='lat' dir='ltr'><strong>ex</strong></span> <span class='ocrx_word' id='word_1_157' title='bbox 1013 1923 1105 1984; x_wconf 88' lang='lat' dir='ltr'><strong>passo</strong></span> <span class='ocrx_word' id='word_1_158' title='bbox 1117 1905 1158 1964; x_wconf 89' lang='lat' dir='ltr'><strong>tri·</strong></span> 
     </span>
     <span class='ocr_line' id='line_1_21' title="bbox 171 1987 1184 2068; baseline 0.002 -22"><span class='ocrx_word' id='word_1_159' title='bbox 171 1987 223 2046; x_wconf 91' lang='lat' dir='ltr'><strong>bus</strong></span> <span class='ocrx_word' id='word_1_160' title='bbox 238 1987 332 2047; x_wconf 90' lang='lat' dir='ltr'><strong>obolis</strong></span> <span class='ocrx_word' id='word_1_161' title='bbox 349 1991 426 2068; x_wconf 89' lang='lat' dir='ltr'><strong>potis</strong></span> <span class='ocrx_word' id='word_1_162' title='bbox 443 1992 507 2050; x_wconf 89' lang='lat' dir='ltr'><strong>trita</strong></span> <span class='ocrx_word' id='word_1_163' title='bbox 523 1999 569 2051; x_wconf 85' lang='lat' dir='ltr'><strong>aut</strong></span> <span class='ocrx_word' id='word_1_164' title='bbox 581 1989 731 2050; x_wconf 90' lang='lat' dir='ltr'><strong>decoctum</strong></span> <span class='ocrx_word' id='word_1_165' title='bbox 744 1989 814 2048; x_wconf 88' lang='lat' dir='ltr'><strong>eius.</strong></span> <span class='ocrx_word' id='word_1_166' title='bbox 847 1989 977 2049; x_wconf 86' lang='lat' dir='ltr'><strong>lichenas</strong></span> <span class='ocrx_word' id='word_1_167' title='bbox 992 2006 1113 2066; x_wconf 86' lang='lat' dir='ltr'><strong>quoque</strong></span> <span class='ocrx_word' id='word_1_168' title='bbox 1127 2005 1184 2048; x_wconf 85' lang='lat' dir='ltr'><strong>eurr</strong></span> 
     </span>
     <span class='ocr_line' id='line_1_22' title="bbox 170 2071 1158 2150; baseline 0.002 -22"><span class='ocrx_word' id='word_1_169' title='bbox 170 2079 254 2129; x_wconf 90' lang='lat' dir='ltr'><strong>aceto</strong></span> <span class='ocrx_word' id='word_1_170' title='bbox 267 2072 392 2148; x_wconf 90' lang='lat' dir='ltr'><strong>inposita</strong></span> <span class='ocrx_word' id='word_1_171' title='bbox 407 2083 519 2150; x_wconf 86' lang='lat' dir='ltr'><strong>purgat.</strong></span> <span class='ocrx_word' id='word_1_172' title='bbox 542 2073 648 2132; x_wconf 91' lang='lat' dir='ltr'><strong>bibitur</strong></span> <span class='ocrx_word' id='word_1_173' title='bbox 659 2083 760 2132; x_wconf 91' lang='lat' dir='ltr'><strong>contra</strong></span> <span class='ocrx_word' id='word_1_174' title='bbox 774 2071 937 2131; x_wconf 82' lang='lat' dir='ltr'><strong>inflationes</strong></span> <span class='ocrx_word' id='word_1_175' title='bbox 953 2079 982 2130; x_wconf 88' lang='lat' dir='ltr'><strong>et</strong></span> <span class='ocrx_word' id='word_1_176' title='bbox 1000 2072 1158 2150; x_wconf 73' lang='lat' dir='ltr'><strong>perfrictio</strong></span> 
     </span>
     <span class='ocr_line' id='line_1_23' title="bbox 171 2154 1159 2234; baseline -0.002 -22"><span class='ocrx_word' id='word_1_177' title='bbox 171 2171 239 2227; x_wconf 91' lang='lat' dir='ltr'><strong>nes,</strong></span> <span class='ocrx_word' id='word_1_178' title='bbox 268 2154 358 2213; x_wconf 90' lang='lat' dir='ltr'><strong>lebris</strong></span> <span class='ocrx_word' id='word_1_179' title='bbox 378 2155 512 2232; x_wconf 80' lang='lat' dir='ltr'><strong>frigidas,</strong></span> <span class='ocrx_word' id='word_1_180' title='bbox 541 2157 696 2234; x_wconf 81' lang='lat' dir='ltr'><strong>singultus,</strong></span> <span class='ocrx_word' id='word_1_181' title='bbox 721 2157 858 2229; x_wconf 90' lang='lat' dir='ltr'><strong>tormina,</strong></span> <span class='ocrx_word' id='word_1_182' title='bbox 880 2155 1039 2232; x_wconf 75' lang='lat' dir='ltr'><strong>herpetaS,</strong></span> <span class='ocrx_word' id='word_1_183' title='bbox 1063 2155 1159 2233; x_wconf 89' lang='lat' dir='ltr'><strong>capitis</strong></span> 
     </span>
     <span class='ocr_line' id='line_1_24' title="bbox 170 2237 1159 2317; baseline -0.001 -22"><span class='ocrx_word' id='word_1_184' title='bbox 170 2238 336 2313; x_wconf 80' lang='lat' dir='ltr'><strong>gravitates,</strong></span> <span class='ocrx_word' id='word_1_185' title='bbox 356 2238 581 2300; x_wconf 85' lang='lat' dir='ltr'><strong>melancholicas</strong></span> <span class='ocrx_word' id='word_1_186' title='bbox 597 2241 769 2317; x_wconf 76' lang='lat' dir='ltr'><strong>vertigines,</strong></span> <span class='ocrx_word' id='word_1_187' title='bbox 785 2238 981 2298; x_wconf 85' lang='lat' dir='ltr'><strong>lassitudinum</strong></span> <span class='ocrx_word' id='word_1_188' title='bbox 998 2237 1122 2298; x_wconf 89' lang='lat' dir='ltr'><strong>dolores</strong></span> <span class='ocrx_word' id='word_1_189' title='bbox 1135 2245 1159 2295; x_wconf 92' lang='lat' dir='ltr'><strong>et</strong></span> 
     </span>
     <span class='ocr_line' id='line_1_25' title="bbox 171 2321 383 2388; baseline 0.009 -11"><span class='ocrx_word' id='word_1_190' title='bbox 171 2321 383 2388; x_wconf 81' lang='lat' dir='ltr'><strong>convolsioues.</strong></span> 
     </span>
    </p>

    <p class='ocr_par' dir='ltr' id='par_1_6' title="bbox 130 2403 1181 2818">
     <span class='ocr_line' id='line_1_26' title="bbox 130 2403 1181 2484; baseline -0.006 -16"><span class='ocrx_word' id='word_1_191' title='bbox 130 2415 177 2468; x_wconf 84' lang='lat'><strong>131</strong></span> <span class='ocrx_word' id='word_1_192' title='bbox 239 2405 342 2484; x_wconf 89' lang='grc'>(106.)</span> <span class='ocrx_word' id='word_1_193' title='bbox 366 2403 451 2466; x_wconf 82' lang='lat' dir='ltr'><strong>Circa</strong></span> <span class='ocrx_word' id='word_1_194' title='bbox 459 2406 613 2466; x_wconf 82' lang='lat' dir='ltr'><strong>Ariminum</strong></span> <span class='ocrx_word' id='word_1_195' title='bbox 628 2413 749 2465; x_wconf 88' lang='lat' dir='ltr'><strong>uotacst</strong></span> <span class='ocrx_word' id='word_1_196' title='bbox 760 2405 852 2466; x_wconf 90' lang='lat' dir='ltr'><strong>herba</strong></span> <span class='ocrx_word' id='word_1_197' title='bbox 864 2425 949 2484; x_wconf 87' lang='lat' dir='ltr'><strong>quam</strong></span> <span class='ocrx_word' id='word_1_198' title='bbox 963 2405 1103 2466; x_wconf 88' lang='lat' dir='ltr'><strong>resedam</strong></span> <span class='ocrx_word' id='word_1_199' title='bbox 1113 2421 1181 2464; x_wconf 78' lang='lat' dir='ltr'><strong>voss</strong></span> 
     </span>
     <span class='ocr_line' id='line_1_27' title="bbox 171 2488 1159 2569; baseline -0.003 -21"><span class='ocrx_word' id='word_1_200' title='bbox 171 2497 246 2548; x_wconf 86' lang='lat' dir='ltr'><strong>caut.</strong></span> <span class='ocrx_word' id='word_1_201' title='bbox 263 2488 985 2569; x_wconf 79' lang='lat' dir='ltr'><strong>discutitcollectiouesinflammationesqueomuis.</strong></span> <span class='ocrx_word' id='word_1_202' title='bbox 1003 2491 1055 2568; x_wconf 87' lang='lat' dir='ltr'><strong>qui</strong></span> <span class='ocrx_word' id='word_1_203' title='bbox 1067 2495 1159 2548; x_wconf 89' lang='lat' dir='ltr'><strong>curant</strong></span> 
     </span>
     <span class='ocr_line' id='line_1_28' title="bbox 171 2570 1158 2649; baseline 0 -19"><span class='ocrx_word' id='word_1_204' title='bbox 171 2570 1158 2649; x_wconf 80' lang='lat' dir='ltr'><strong>eaadduuthaecverba:Beseda,morbisreseda,scisne,</strong></span> 
     </span>
     <span class='ocr_line' id='line_1_29' title="bbox 171 2655 1160 2735; baseline -0.001 -22"><span class='ocrx_word' id='word_1_205' title='bbox 171 2655 937 2735; x_wconf 77' lang='lat' dir='ltr'><strong>scisnequishicpullusegeritradicesl</strong></span> <span class='ocrx_word' id='word_1_206' title='bbox 970 2663 1160 2734; x_wconf 88' lang='lat' dir='ltr'><strong>neccaput</strong></span> 
     </span>
     <span class='ocr_line' id='line_1_30' title="bbox 170 2739 1159 2818; baseline 0 -23"><span class='ocrx_word' id='word_1_207' title='bbox 170 2755 235 2796; x_wconf 92' lang='lat' dir='ltr'><strong>uec</strong></span> <span class='ocrx_word' id='word_1_208' title='bbox 256 2740 369 2815; x_wconf 88' lang='lat' dir='ltr'><strong>pedes</strong></span> <span class='ocrx_word' id='word_1_209' title='bbox 393 2740 534 2800; x_wconf 83' lang='lat' dir='ltr'><strong>habeat.</strong></span> <span class='ocrx_word' id='word_1_210' title='bbox 563 2739 636 2798; x_wconf 90' lang='lat' dir='ltr'><strong>haec</strong></span> <span class='ocrx_word' id='word_1_211' title='bbox 656 2747 700 2797; x_wconf 88' lang='lat' dir='ltr'><strong>ter</strong></span> <span class='ocrx_word' id='word_1_212' title='bbox 713 2739 809 2800; x_wconf 90' lang='lat' dir='ltr'><strong>dicunt</strong></span> <span class='ocrx_word' id='word_1_213' title='bbox 824 2741 991 2818; x_wconf 84' lang='lat' dir='ltr'><strong>totiensque</strong></span> <span class='ocrx_word' id='word_1_214' title='bbox 1009 2741 1159 2817; x_wconf 89' lang='lat' dir='ltr'><strong>despuunt.</strong></span> 
     </span>
    </p>

    <p class='ocr_par' dir='ltr' id='par_1_7' title="bbox 168 2821 1184 3068">
     <span class='ocr_line' id='line_1_31' title="bbox 244 2821 1184 2900; baseline 0.004 -22"><span class='ocrx_word' id='word_1_215' title='bbox 244 2821 347 2900; x_wconf 80' lang='lat' dir='ltr'><strong>(tot.)</strong></span> <span class='ocrx_word' id='word_1_216' title='bbox 370 2822 547 2883; x_wconf 88' lang='lat' dir='ltr'><strong>Stoechasin</strong></span> <span class='ocrx_word' id='word_1_217' title='bbox 557 2823 657 2881; x_wconf 90' lang='lat' dir='ltr'><strong>insulis</strong></span> <span class='ocrx_word' id='word_1_218' title='bbox 672 2831 776 2882; x_wconf 89' lang='lat' dir='ltr'><strong>tautum</strong></span> <span class='ocrx_word' id='word_1_219' title='bbox 790 2823 918 2894; x_wconf 86' lang='lat' dir='ltr'><strong>eiusdem</strong></span> <span class='ocrx_word' id='word_1_220' title='bbox 933 2825 1059 2884; x_wconf 89' lang='lat' dir='ltr'><strong>nominis</strong></span> <span class='ocrx_word' id='word_1_221' title='bbox 1073 2824 1184 2898; x_wconf 81' lang='lat' dir='ltr'><strong>gigni-tt</strong></span> 
     </span>
     <span class='ocr_line' id='line_1_32' title="bbox 168 2901 1160 2983; baseline 0.006 -26"><span class='ocrx_word' id='word_1_222' title='bbox 168 2909 224 2974; x_wconf 89' lang='lat' dir='ltr'><strong>tur,</strong></span> <span class='ocrx_word' id='word_1_223' title='bbox 243 2901 361 2962; x_wconf 89' lang='lat' dir='ltr'><strong>odorata</strong></span> <span class='ocrx_word' id='word_1_224' title='bbox 384 2904 474 2965; x_wconf 91' lang='lat' dir='ltr'><strong>herba</strong></span> <span class='ocrx_word' id='word_1_225' title='bbox 494 2922 575 2965; x_wconf 87' lang='lat' dir='ltr'><strong>coma</strong></span> <span class='ocrx_word' id='word_1_226' title='bbox 594 2906 709 2983; x_wconf 78' lang='lat' dir='ltr'><strong>hysopi,</strong></span> <span class='ocrx_word' id='word_1_227' title='bbox 726 2923 821 2966; x_wconf 86' lang='lat' dir='ltr'><strong>amara</strong></span> <span class='ocrx_word' id='word_1_228' title='bbox 835 2917 940 2982; x_wconf 81' lang='lat' dir='ltr'><strong>gustu,</strong></span> <span class='ocrx_word' id='word_1_229' title='bbox 965 2923 1090 2966; x_wconf 88' lang='lat' dir='ltr'><strong>meuses</strong></span> <span class='ocrx_word' id='word_1_230' title='bbox 1110 2907 1160 2964; x_wconf 89' lang='lat' dir='ltr'><strong>ciet</strong></span> 
     </span>
     <span class='ocr_line' id='line_1_33' title="bbox 173 2987 1099 3068; baseline 0.008 -29"><span class='ocrx_word' id='word_1_231' title='bbox 173 2992 250 3059; x_wconf 89' lang='lat' dir='ltr'><strong>potu,</strong></span> <span class='ocrx_word' id='word_1_232' title='bbox 267 2989 393 3059; x_wconf 86' lang='lat' dir='ltr'><strong>pectoris</strong></span> <span class='ocrx_word' id='word_1_233' title='bbox 407 2987 525 3048; x_wconf 88' lang='lat' dir='ltr'><strong>dolores</strong></span> <span class='ocrx_word' id='word_1_234' title='bbox 538 2989 625 3050; x_wconf 84' lang='lat' dir='ltr'><strong>levat.</strong></span> <span class='ocrx_word' id='word_1_235' title='bbox 657 2989 792 3048; x_wconf 89' lang='lat' dir='ltr'><strong>antidotis</strong></span> <span class='ocrx_word' id='word_1_236' title='bbox 807 3007 924 3068; x_wconf 88' lang='lat' dir='ltr'><strong>quoque</strong></span> <span class='ocrx_word' id='word_1_237' title='bbox 944 2992 1099 3049; x_wconf 90' lang='lat' dir='ltr'><strong>miscetur.</strong></span> 
     </span>
    </p>

    <p class='ocr_par' dir='ltr' id='par_1_8' title="bbox 129 3065 1160 3148">
     <span class='ocr_line' id='line_1_34' title="bbox 129 3065 1160 3148; baseline 0.005 -24"><span class='ocrx_word' id='word_1_238' title='bbox 129 3074 179 3126; x_wconf 72' lang='grc'><strong>132</strong></span> <span class='ocrx_word' id='word_1_239' title='bbox 244 3065 292 3124; x_wconf 86' lang='grc'><strong>13.</strong></span> <span class='ocrx_word' id='word_1_240' title='bbox 315 3067 418 3148; x_wconf 88' lang='grc'>(108.)</span> <span class='ocrx_word' id='word_1_241' title='bbox 442 3071 576 3132; x_wconf 88' lang='lat' dir='ltr'><strong>Solauum</strong></span> <span class='ocrx_word' id='word_1_242' title='bbox 593 3071 697 3132; x_wconf 84' lang='lat' dir='ltr'><strong>Graeci</strong></span> <span class='ocrx_word' id='word_1_243' title='bbox 712 3073 870 3146; x_wconf 78' lang='lat' dir='ltr'><strong>strychnon</strong></span> <span class='ocrx_word' id='word_1_244' title='bbox 888 3083 1015 3148; x_wconf 89' lang='lat' dir='ltr'><strong>vocant,</strong></span> <span class='ocrx_word' id='word_1_245' title='bbox 1033 3081 1065 3131; x_wconf 89' lang='lat' dir='ltr'><strong>ut</strong></span> <span class='ocrx_word' id='word_1_246' title='bbox 1081 3072 1160 3132; x_wconf 89' lang='lat' dir='ltr'><strong>tradit</strong></span> 
     </span>
    </p>

    <p class='ocr_par' dir='ltr' id='par_1_9' title="bbox 133 3143 1081 3233">
     <span class='ocr_line' id='line_1_35' title="bbox 133 3143 1081 3233; baseline 0.009 -29"><span class='ocrx_word' id='word_1_247' title='bbox 133 3184 136 3192; x_wconf 68' lang='grc'><strong><em>«</em></strong></span> <span class='ocrx_word' id='word_1_248' title='bbox 170 3143 320 3205; x_wconf 82' lang='lat' dir='ltr'><strong>Cornelius</strong></span> <span class='ocrx_word' id='word_1_249' title='bbox 337 3147 449 3211; x_wconf 83' lang='lat' dir='ltr'><strong>Celsus.</strong></span> <span class='ocrx_word' id='word_1_250' title='bbox 481 3154 547 3214; x_wconf 91' lang='lat' dir='ltr'><strong>huic</strong></span> <span class='ocrx_word' id='word_1_251' title='bbox 561 3157 606 3214; x_wconf 91' lang='lat' dir='ltr'><strong>vis</strong></span> <span class='ocrx_word' id='word_1_252' title='bbox 621 3156 795 3232; x_wconf 89' lang='lat' dir='ltr'><strong>reprimendi</strong></span> <span class='ocrx_word' id='word_1_253' title='bbox 810 3155 1081 3233; x_wconf 80' lang='lat' dir='ltr'><strong>refrigerandique.</strong></span> 
     </span>
    </p>
   </div>
   <div class='ocr_carea' id='block_1_3' title="bbox 128 3223 1184 3568">
    <p class='ocr_par' dir='ltr' id='par_1_10' title="bbox 128 3223 1184 3568">
     <span class='ocr_line' id='line_1_36' title="bbox 128 3223 1184 3325; baseline 0.003 -35"><span class='ocrx_word' id='word_1_254' title='bbox 128 3239 178 3291; x_wconf 79' lang='lat'><strong>133</strong></span> <span class='ocrx_word' id='word_1_255' title='bbox 242 3228 344 3325; x_wconf 84' lang='grc'>(109.)</span> <span class='ocrx_word' id='word_1_256' title='bbox 369 3223 519 3307; x_wconf 83' lang='lat' dir='ltr'><strong>smyrnion</strong></span> <span class='ocrx_word' id='word_1_257' title='bbox 538 3237 645 3298; x_wconf 89' lang='lat' dir='ltr'><strong>caulem</strong></span> <span class='ocrx_word' id='word_1_258' title='bbox 661 3238 748 3297; x_wconf 90' lang='lat' dir='ltr'><strong>habet</strong></span> <span class='ocrx_word' id='word_1_259' title='bbox 764 3240 827 3316; x_wconf 89' lang='lat' dir='ltr'><strong>api,</strong></span> <span class='ocrx_word' id='word_1_260' title='bbox 847 3239 918 3299; x_wconf 88' lang='lat' dir='ltr'><strong>lolia</strong></span> <span class='ocrx_word' id='word_1_261' title='bbox 935 3239 1044 3298; x_wconf 91' lang='lat' dir='ltr'><strong>latiora</strong></span> <span class='ocrx_word' id='word_1_262' title='bbox 1060 3247 1091 3298; x_wconf 91' lang='lat' dir='ltr'><strong>et</strong></span> <span class='ocrx_word' id='word_1_263' title='bbox 1108 3251 1184 3296; x_wconf 71' lang='lat' dir='ltr'><strong>must</strong></span> 
     </span>
     <span class='ocr_line' id='line_1_37' title="bbox 167 3315 1159 3400; baseline 0.011 -32"><span class='ocrx_word' id='word_1_264' title='bbox 167 3328 252 3370; x_wconf 77' lang='lat' dir='ltr'><strong>nume</strong></span> <span class='ocrx_word' id='word_1_265' title='bbox 269 3327 344 3368; x_wconf 82' lang='lat' dir='ltr'><strong>circa</strong></span> <span class='ocrx_word' id='word_1_266' title='bbox 359 3315 488 3376; x_wconf 89' lang='lat' dir='ltr'><strong>stolones</strong></span> <span class='ocrx_word' id='word_1_267' title='bbox 504 3322 608 3380; x_wconf 89' lang='lat' dir='ltr'><strong>multos</strong></span> <span class='ocrx_word' id='word_1_268' title='bbox 623 3337 742 3398; x_wconf 84' lang='lat' dir='ltr'><strong>qnorum</strong></span> <span class='ocrx_word' id='word_1_269' title='bbox 764 3341 780 3381; x_wconf 93' lang='lat' dir='ltr'><strong>a</strong></span> <span class='ocrx_word' id='word_1_270' title='bbox 802 3325 865 3381; x_wconf 90' lang='lat' dir='ltr'><strong>sinu</strong></span> <span class='ocrx_word' id='word_1_271' title='bbox 886 3323 1028 3382; x_wconf 84' lang='lat' dir='ltr'><strong>exsiliunt</strong></span> <span class='ocrx_word' id='word_1_272' title='bbox 1048 3321 1159 3400; x_wconf 83' lang='lat' dir='ltr'><strong>pinguia</strong></span> 
     </span>
     <span class='ocr_line' id='line_1_38' title="bbox 168 3394 1159 3486; baseline 0.012 -36"><span class='ocrx_word' id='word_1_273' title='bbox 168 3401 197 3486; x_wconf 74' lang='lat' dir='ltr'><strong>et</strong></span> <span class='ocrx_word' id='word_1_274' title='bbox 212 3394 247 3451; x_wconf 90' lang='lat' dir='ltr'><strong>ad</strong></span> <span class='ocrx_word' id='word_1_275' title='bbox 261 3402 364 3451; x_wconf 87' lang='lat' dir='ltr'><strong>terram</strong></span> <span class='ocrx_word' id='word_1_276' title='bbox 376 3395 504 3474; x_wconf 82' lang='lat' dir='ltr'><strong>intractu,</strong></span> <span class='ocrx_word' id='word_1_277' title='bbox 523 3404 614 3462; x_wconf 92' lang='lat' dir='ltr'><strong>odore</strong></span> <span class='ocrx_word' id='word_1_278' title='bbox 628 3404 770 3464; x_wconf 87' lang='lat' dir='ltr'><strong>medicato</strong></span> <span class='ocrx_word' id='word_1_279' title='bbox 787 3423 848 3464; x_wconf 91' lang='lat' dir='ltr'><strong>oum</strong></span> <span class='ocrx_word' id='word_1_280' title='bbox 867 3405 991 3484; x_wconf 84' lang='lat' dir='ltr'><strong>quadarn</strong></span> <span class='ocrx_word' id='word_1_281' title='bbox 1006 3406 1159 3466; x_wconf 84' lang='lat' dir='ltr'><strong>acrimonia</strong></span> 
     </span>
     <span class='ocr_line' id='line_1_39' title="bbox 168 3474 1159 3568; baseline 0.017 -40"><span class='ocrx_word' id='word_1_282' title='bbox 168 3474 308 3547; x_wconf 80' lang='lat' dir='ltr'><strong>iucundo,</strong></span> <span class='ocrx_word' id='word_1_283' title='bbox 328 3475 428 3536; x_wconf 91' lang='lat' dir='ltr'><strong>colore</strong></span> <span class='ocrx_word' id='word_1_284' title='bbox 451 3481 479 3538; x_wconf 90' lang='lat' dir='ltr'><strong>iu</strong></span> <span class='ocrx_word' id='word_1_285' title='bbox 499 3483 604 3544; x_wconf 89' lang='lat' dir='ltr'><strong>luteum</strong></span> <span class='ocrx_word' id='word_1_286' title='bbox 621 3486 845 3564; x_wconf 83' lang='lat' dir='ltr'><strong>languescente,</strong></span> <span class='ocrx_word' id='word_1_287' title='bbox 870 3489 1018 3568; x_wconf 86' lang='lat' dir='ltr'><strong>capitibus</strong></span> <span class='ocrx_word' id='word_1_288' title='bbox 1042 3489 1159 3549; x_wconf 88' lang='lat' dir='ltr'><strong>caulium</strong></span> 
     </span>
    </p>
   </div>
   <div class='ocr_carea' id='block_1_4' title="bbox 0 0 1202 3922">
    <p class='ocr_par' dir='ltr' id='par_1_11' title="bbox 0 0 1202 3922">
     <span class='ocr_line' id='line_1_40' title="bbox 0 0 1202 3922; baseline 0 3"><span class='ocrx_word' id='word_1_289' title='bbox 0 0 1202 3922; x_wconf 95' lang='lat' dir='ltr'><strong> </strong></span> 
     </span>
    </p>
   </div>
  </div>
 </body>
</html>
