2396 3922
181 227 238 288 160
487 239 517 287 c.
540 239 636 288 rursu
658 241 806 288 snorum
828 287 832 295 ,

177 398 256 472 gisse
273 394 400 468 tradunt,
418 400 446 450 et
465 393 553 471 aliqui
572 396 685 454 nomine
709 413 824 474 quoque
843 396 1027 455 consalutare
1045 397 1151 474 religio·

135 485 169 542 tl
182 481 242 537 sius
258 476 376 556 putant‘l
402 477 476 550 Qutn
491 486 520 535 et
533 477 659 536 absentis
677 481 775 539 tinnitu
789 482 895 538 aurium
908 482 1087 557 praesentire
1100 500 1153 540 ser-

177 580 277 620 mones
293 562 329 621 de
347 579 380 619 se
395 569 543 638 receptum
559 572 612 620 est.
640 562 753 622 Attalus
769 563 908 638 adlirmat,
928 565 1085 641 scorpione
1098 566 1155 622 viso

177 647 201 702 si
220 647 282 722 qus
300 645 376 704 dicat
391 644 476 718 duo,
501 644 632 704 cohiberi
653 664 708 705 neo
731 646 846 705 vibrare
869 649 953 706 ictus.
984 656 1016 706 et
1034 649 1157 724 quonian

177 731 294 806 scorpio
311 727 468 800 admonuit,
490 728 517 786 in
532 729 632 788 Africa
648 747 731 788 nemo
746 730 869 789 destinat
889 731 997 808 aliquid
1014 732 1068 789 nisi
1086 748 1177 808 prae-s

177 810 251 870 latus
269 812 414 886 Africam,
435 813 463 868 in
480 815 585 870 ceteris
599 813 818 888 derogantibus
833 815 906 874 deos
922 823 989 872 ante
1007 823 1159 890 optestatus

176 903 206 952 ut
220 895 319 954 velint.
339 913 402 953 nam
416 896 440 951 si
452 911 548 953 mensa
565 895 647 968 adsit,
667 897 779 954 anulum
789 915 899 974 ponere
914 898 1081 957 tralatitium
1091 897 1159 954 vide·

176 995 247 1054 mus,
260 980 393 1056 quoniam
404 980 487 1036 etiam
495 987 585 1036 mutam
598 979 755 1055 religiones
764 981 876 1056 pollere
885 981 1069 1038 manifestam
1082 982 1159 1037 eslii.

134 1071 168 1124 25
180 1061 251 1120 alius
269 1062 359 1121 saliva
373 1070 439 1138 post
450 1079 547 1120 aurem
560 1061 649 1138 digito
667 1062 756 1121 relata
769 1063 988 1122 sollicitudinem
1006 1065 1092 1122 animi
1106 1079 1161 1139 pro

178 1146 268 1223 pitiat.
300 1145 452 1223 pollices,
479 1163 542 1204 curn
564 1145 727 1219 faveamus,
752 1165 884 1224 premere
899 1148 985 1232 etiaqr
1012 1146 1188 1224 proverbium

178 1227 316 1288 iubemur.
349 1229 378 1288 ln
394 1228 540 1288 adorando
554 1229 685 1288 dextram
700 1230 733 1289 ad
750 1230 880 1288 osculum
893 1229 1053 1288 referimus
1071 1238 1161 1288 totun-

178 1331 234 1390 que
251 1331 357 1390 corpus
374 1313 599 1388 circumagimus,
616 1312 692 1390 quod
707 1314 733 1370 in
751 1313 863 1371 laevom
874 1312 985 1371 iecisse
999 1311 1114 1371 Galliae
1128 1329 1163 1369 re

177 1395 308 1472 ligiosius
332 1396 462 1455 credunt.
502 1396 643 1472 fulgetras
666 1398 835 1474 poppysmis
859 1395 983 1454 adorare
1010 1411 1163 1454 consensus

136 1488 169 1541 26
181 1482 308 1556 gentium
324 1489 377 1538 est.
410 1479 540 1539 incendia
556 1481 630 1539 inter
645 1481 747 1557 epulas
765 1481 907 1538 nominata
922 1479 1008 1554 aquis
1024 1478 1080 1537 sub
1097 1495 1163 1536 men

177 1581 237 1621 sam
256 1562 382 1641 profusis
396 1563 599 1622 abominamur.
631 1564 789 1622 recedente
804 1563 899 1639 aliquo
921 1561 958 1620 ab
975 1562 1076 1638 epulis
1091 1559 1187 1619 simulo

178 1648 254 1705 verri
278 1646 371 1706 solum
392 1655 439 1706 aut
459 1645 576 1704 bibente
597 1649 716 1706 conviva
739 1663 864 1704 mensam
890 1644 938 1703 vel
965 1646 1163 1721 repositorium

178 1727 240 1788 tolli
256 1729 542 1807 inauspicatissimum
557 1729 703 1789 iudicatur.
729 1731 816 1788 'Servi
832 1727 943 1805 Sulpici
960 1730 1107 1806 principis
1122 1728 1164 1784 viri

178 1814 379 1872 commentatio
391 1821 436 1871 est
444 1811 627 1891 quamobrem
639 1831 735 1873 mensa
749 1811 901 1890 linquenda
913 1828 970 1870 non
982 1813 1032 1887 sit,
1044 1810 1161 1869 nondun

179 1896 251 1953 enim
267 1895 366 1972 plnres
385 1913 467 1972 quarn
484 1899 624 1954 convivae
638 1895 866 1955 numerabantur.
895 1912 960 1953 nam
971 1903 1164 1953 sternumento

178 1979 311 2036 revocari
326 1977 465 2037 leroulnm
478 1996 657 2054 mensamve,
676 1981 700 2040 si
715 1997 771 2038 non
785 1987 887 2056 postea
902 1986 1037 2053 gustetur
1055 1975 1192 2054 aliquid»

137 2062 254 2123 tlimer
277 2060 352 2120 diras
372 2061 510 2138 habetur,
537 2071 583 2122 aut
599 2064 712 2122 omnino
734 2081 791 2121 non
807 2079 884 2120 esse.
917 2061 999 2120 llaec
1020 2062 1164 2120 instituere

179 2144 220 2203 illi
243 2145 289 2221 qui
312 2143 442 2203 omnibns
457 2147 582 2222 negotiis
603 2145 739 2223 horisque
754 2143 894 2204 interesse
911 2144 1075 2203 credebant
1089 2144 1163 2215 deos,

179 2235 209 2285 et
223 2225 288 2285 ideo
305 2227 435 2303 placatos
453 2231 536 2288 etiam
553 2231 628 2288 vitiIs
650 2230 755 2288 nostris
770 2228 957 2305 reIIquernnt.
989 2229 1059 2305 quio
1081 2237 1110 2286 et
1125 2245 1162 2284 re·

178 2319 264 2388 pente
283 2313 474 2370 conticiscere
490 2314 650 2372 convivium
665 2313 827 2371 adnotatum
848 2318 892 2370 est
913 2327 971 2369 non
988 2312 1044 2368 nisi
1062 2311 1162 2388 inpari

178 2395 371 2471 praesentIum
389 2413 516 2468 numero,
533 2397 616 2472 isque
632 2397 724 2455 lamae
740 2394 823 2454 labor
840 2403 886 2452 est
903 2393 938 2452 ad
957 2409 1186 2472 quemcumquen

179 2495 278 2536 eorum
294 2479 448 2554 pertinens.
479 2478 559 2537 cibus
575 2483 658 2539 etiam
675 2497 691 2538 e
713 2497 796 2537 manu
816 2476 971 2555 prolapsus
993 2475 1162 2536 reddebatur

179 2563 276 2638 utique
297 2579 493 2638 permenses,
515 2562 705 2640 vetabantque
725 2560 920 2620 munditiarum
939 2577 1028 2619 causa
1049 2559 1161 2631 dellare,

180 2653 208 2702 et
223 2653 287 2702 sunt
303 2645 417 2704 condita
427 2645 555 2720 augusta,
570 2646 637 2722 quid
653 2646 780 2722 loquenti
790 2645 966 2720 cogitantive
981 2643 1010 2702 id
1022 2643 1162 2715 acciderit
1184 2639 1187 2643 ’

178 2729 251 2785 inter
267 2730 513 2802 exsecratissima,
536 2729 558 2786 si
574 2729 700 2806 pontilioi
713 2727 824 2787 accidat
840 2726 911 2796 dicis
926 2744 1014 2785 cansa
1032 2727 1162 2804 epulanti

180 2811 207 2866 io
225 2827 323 2870 mensa
343 2814 439 2889 utique
466 2811 492 2870 id
515 2813 616 2888 reponi
637 2811 805 2889 adolerique
827 2810 863 2868 ad
883 2809 974 2870 larem
1000 2811 1092 2886 piatio
1115 2817 1187 2868 eslii

138 2901 172 2954 28
182 2890 385 2953 Medicamenta
402 2897 564 2973 priusquam
579 2895 765 2954 adhibeantur
779 2897 806 2953 in
822 2909 920 2952 mensa
940 2892 1020 2950 lorte
1037 2892 1161 2972 deposita

180 2982 286 3048 negant
302 2978 453 3050 prodesse.
485 2980 587 3053 unguis
608 2980 735 3036 resecari
757 2977 886 3036 nundiuis
902 2975 1042 3034 llomanis
1062 2975 1163 3034 taeenti

180 3063 265 3132 atque
280 3073 296 3113 a
312 3056 400 3132 digito
416 3060 509 3119 indice
524 3061 673 3120 multorum
693 3062 832 3138 pecuniae
850 3058 1022 3134 religiosum
1038 3068 1101 3132 est,
1122 3074 1161 3116 cu·

181 3137 277 3215 pillum
301 3155 371 3196 vero
394 3153 491 3202 contra
512 3145 574 3201 eius
600 3143 721 3202 delluvia
746 3161 781 3202 ao
806 3142 924 3201 dolores
954 3142 1060 3218 capitis
1079 3137 1160 3200 xvii.

181 3219 245 3277 luna
261 3227 346 3294 atque
360 3220 506 3284 XXVIIII.
537 3226 649 3303 Pagana
668 3227 735 3302 lege
750 3228 779 3284 in
795 3226 941 3304 plerisque
962 3223 1066 3284 ltaliae
1088 3234 1186 3302 prae-³⁵

182 3300 234 3358 diis
255 3312 372 3360 cavetur
392 3321 427 3363 ne
450 3308 585 3368 mulieres
605 3327 658 3386 per
681 3311 782 3369 itinera
806 3306 986 3367 ambulantes
1013 3312 1162 3384 torqueant

180 3383 260 3440 lusos
279 3391 325 3440 aut
351 3390 463 3446 ommno
490 3389 622 3451 detectos
646 3393 756 3468 lerant,
786 3393 917 3470 quoniam
939 3391 1113 3450 adversetur
1137 3386 1161 3446 id

139 3463 305 3524 anomalum
332 3469 410 3544 spei,
446 3476 748 3552 praecipuetruguu.
795 3475 833 3536 bl.
854 3473 996 3534 Servilius
1018 3472 1159 3531 Nonianus
