2504 3930
282 201 284 208 ,
336 245 416 292 mar.
435 210 526 292 husu.
543 244 653 290 xxxsr.
670 244 712 296 ro.
729 243 773 295 tt.
794 236 851 310 (52
869 231 928 310 53.)
1066 234 1127 293 *311

51 404 55 412 '
131 419 209 480 pex,
228 399 364 475 anguilla,
382 415 515 474 ereneus,
531 398 617 474 hoca,
634 397 719 474 batia,
739 396 876 474 bacchus,
893 389 1057 479 batrachus,
1079 397 1132 458 ba-

133 479 711 560 lonae-quos'eculeatosvocamus—,
721 480 850 540 balanus.
865 498 982 556 corros,
992 482 1175 548 citherus146

131 565 316 627 rhomborum
336 566 455 642 generis
476 583 644 644 pessumus„
669 564 794 638 chalcis,
826 563 928 636 cubio,
951 565 1071 640 collyris
1089 599 1133 612 -

82 649 87 658 '
131 651 288 710 asellorum
307 649 444 726 generis,
466 650 494 708 ni
508 649 599 708 minor
620 657 702 707 esset
715 682 773 723 ——,
796 647 889 707 colias
904 648 966 708 sive
983 647 1131 710 Pertianus

96 749 119 788 's
132 735 194 794 sive
213 735 367 794 Sexitanus
388 750 404 790 a
426 734 518 809 patria
539 731 674 807 Baetica,
699 731 876 792 lacertorum
897 734 1011 791 minumi
1031 732 1066 791 ab
1087 735 1131 792 his

130 817 283 892 Maeotici,
308 814 421 890 cybium
433 847 476 861 -—
493 815 531 874 ita
550 825 671 875 vocatur
687 819 804 875 concisa
821 815 959 893 pelamys,
970 834 1043 893 quae
1064 825 1131 894 post

131 901 182 962 XL
199 901 263 962 dies
279 898 396 959 aPonto
408 899 579 960 iulllaeotim
594 899 807 975 revertitur—,
825 897 942 974 cordyla
958 934 1000 945 -
1013 909 1043 958 et
1057 900 1131 959 haec

134 985 268 1064 pelamys
285 982 399 1061 pusilla,
421 999 484 1042 cum
500 982 528 1042 in
542 981 663 1042 Pontum
678 1000 695 1042 e
710 981 854 1043 lllaeotide
872 985 940 1060 erit,
957 983 1013 1042 hoc
1027 1001 1130 1042 nomen

132 1067 220 1127 habet
233 1101 292 1142 ——,
315 1066 484 1138 cantharus,
504 1065 693 1140 callionymus
710 1067 776 1138 sive,
787 1083 1002 1142 uranoscopus,
1020 1067 1130 1126 cinaedi
1210 1091 1212 1096 ’

96 1168 122 1209 ao
132 1152 186 1211 soli
200 1153 322 1230 piscium
334 1149 415 1222 lutei,
424 1149 555 1208 cnide—
569 1166 713 1226 quamnos
727 1151 846 1208 urticam
857 1166 1055 1225 vocamus—,
1064 1168 1130 1210 cen·

132 1253 245 1294 crorum
257 1251 378 1311 genera,
390 1230 509 1294 chemae
521 1234 648 1308 striatas,
661 1232 780 1293 chemae
789 1230 883 1310 leves,
898 1233 1017 1293 chemae
1030 1234 1110 1312 pelo·
1122 1242 1171 1298 14⁷

131 1319 220 1378 ridurn
230 1317 349 1394 generis
359 1315 642 1376 varietatedistantes
653 1325 683 1374 et
694 1315 878 1392 rotunditate,
897 1317 1016 1376 chemae
1028 1318 1128 1394 glycy-

130 1403 304 1462 nrarides—
315 1417 390 1478 quae
402 1407 467 1458 sunt
477 1400 603 1459 maiores
615 1413 699 1478 quem
713 1397 917 1478 pelorides-,
928 1400 1053 1459 coluthia
1067 1402 1128 1460 sive

131 1486 283 1562 coryphia,
294 1483 467 1544 concharum
476 1483 794 1561 genera—interquae
803 1484 1127 1559 etmsrgaritilerae—,

96 1589 123 1632 ss
133 1568 256 1628 eochloe
266 1602 309 1614 --
321 1584 440 1646 qnorum
455 1567 574 1641 generis
587 1565 790 1643 pentadactyli,
802 1567 869 1626 item
882 1565 1004 1641 helices,
1017 1567 1053 1627 ab
1066 1567 1129 1625 aliis

132 1651 342 1730 actinophoroe
355 1650 496 1723 dicuntur,
508 1649 613 1726 quihus
627 1658 751 1725 cantant,
768 1658 851 1709 extra
862 1649 936 1709 heec
955 1659 1018 1710 sunt
1032 1660 1127 1709 rotun·
1156 1661 1158 1666 ·

131 1735 186 1795 dae
199 1737 227 1794 in
240 1735 350 1795 oleario
362 1751 414 1792 usa
427 1732 548 1792 cocleae
556 1767 608 1808 —,
625 1734 762 1808 cucumis,
772 1750 892 1812 cynops,
902 1751 1069 1810 cammarus,
1079 1752 1127 1808 cy-

131 1818 429 1895 nosderis,dreeo-
441 1816 552 1895 quidam
568 1816 645 1876 aliud
656 1816 755 1876 volunt
767 1833 835 1875 esse
848 1815 1060 1893 dracunculum,
1070 1826 1172 1882 estred

131 1911 228 1962 eutem
239 1901 402 1978 gerriculae
416 1907 529 1978 emptae
543 1899 653 1974 similis,
668 1899 787 1960 aculeos
801 1902 829 1959 in
840 1899 984 1960 branchiis
994 1900 1081 1960 habet
1092 1899 1130 1960 ed

94 2003 122 2044 au
133 1985 253 2045 cendam
264 1986 432 2063 spectantis,
446 1985 488 2042 sic
501 1992 529 2041 ut
541 1984 659 2061 scorpio
675 1983 771 2060 laedit,
785 1983 849 2042 dum
861 2001 944 2044 manu
959 1983 1127 2059 tollitur-,
1171 2053 1175 2064 ¹

132 2067 291 2142 erythinus,
309 2067 454 2143 echenais,
468 2066 599 2141 echinus,
613 2066 760 2144 elephanti
770 2099 813 2114 --
826 2065 1000 2127 locustarum
1011 2070 1128 2144 generis
1189 2081 1198 2093 ‘¹

128 2153 215 2228 nigri,
231 2151 356 2229 pedihus
367 2152 514 2229 quaternis
524 2149 655 2225 bisulcis,
672 2159 823 2228 praeterea
836 2149 972 2212 bracchia
984 2151 1039 2210 duo
1054 2151 1128 2210 binis

110 2270 113 2278 ·
130 2234 259 2294 articulis
272 2234 451 2313 singulisque
463 2234 613 2294 lorhcibns
625 2234 805 2295 denticulatis
816 2269 868 2309 -,
884 2233 959 2294 labri
974 2237 1035 2294 sive
1049 2253 1126 2309 zaes,

130 2317 309 2392 glauciscus,
317 2318 421 2394 glanis,
429 2336 554 2395 gonger,
562 2319 667 2394 girres,
680 2319 794 2395 galeos,
803 2335 903 2396 garos,
917 2318 1034 2396 hippos,
1049 2319 1170 2397 bip-149

94 2421 123 2462 aa
135 2399 1126 2480 puros,hirundo,helipleumon,hippocampos,heper,ictinus,iulis,

129 2483 305 2544 lacertorum
324 2502 449 2561 genera,
466 2483 569 2560 lolligo
584 2484 723 2561 volitans,
737 2485 882 2560 locustae,
901 2485 1035 2560 lucerne,
1056 2485 1127 2544 lele-

130 2569 208 2647 pris,
223 2567 344 2642 larinus,
366 2567 467 2646 lepus,
482 2568 585 2630 leones
597 2601 639 2613 -
659 2584 777 2644 quorum
799 2567 1067 2628 bracchiacancris
1089 2570 1126 2627 si·

128 2649 206 2710 milia
221 2660 295 2726 sunt,
311 2650 423 2730 reliqua
440 2669 507 2728 pars
523 2651 656 2712 locustee
667 2684 718 2724 -,
734 2651 848 2727 mullus,
865 2652 974 2712 merula
991 2653 1065 2712 inter
1081 2670 1126 2711 sa·

115 2778 117 2786 ν
129 2735 226 2794 xatilis
238 2734 362 2809 laudata,
370 2734 470 2812 mugil,
478 2735 650 2810 melanurus,
662 2753 753 2808 mena,
766 2738 896 2812 maeotis,
910 2753 1037 2810 murena,
1053 2752 1126 2811 mys,

94 2816 264 2891 cornitulus,
279 2820 423 2892 myiscas,
440 2820 545 2895 muris,
561 2818 685 2891 oculata,
702 2817 849 2895 ophidion,
866 2827 976 2894 ostrea,
994 2821 1062 2896 otia,
1078 2836 1125 2877 or·

132 2901 323 2974 cyrus-hic
333 2911 378 2961 est
389 2902 571 2980 pelamydum
580 2905 863 2978 generismaxnmus,
872 2919 968 2980 neque
979 2901 1127 2981 ipseredit

130 2987 159 3042 in
174 2983 319 3059 Maeotim,
335 2986 434 3043 similis
452 2987 568 3060 tritomi,
583 2993 725 3044 vetustate
743 2985 845 3044 melior
856 3019 908 3061 -,
922 2985 1012 3062 orbis,
1029 2983 1124 3046 ortha-

130 3067 276 3143 goriscus,
297 3067 419 3144 phegor,
433 3068 534 3144 phycis
552 3067 722 3143 saxatilium,
741 3067 870 3146 pelamys
884 3104 928 3114 —
942 3085 1039 3127 earum
1053 3086 1104 3146 ge·
1118 3083 1169 3136 150

130 3151 208 3208 neris
225 3168 356 3209 maxume
376 3150 526 3229 apolectos
541 3160 661 3210 vocatur
682 3152 780 3210 durius
802 3154 916 3212 tritomo
930 3185 988 3229 -,
1004 3169 1122 3230 porcus,

94 3251 121 3293 as
131 3232 237 3310 phthir,
248 3250 359 3309 passer,
377 3236 534 3311 pastinaca,
550 3237 722 3313 polyporum
737 3253 856 3311 genera,
872 3238 1053 3313 pectines-
1064 3253 1122 3294 ma·

129 3317 206 3375 xumi
223 3325 253 3374 et
268 3319 414 3394 nigerrimi
429 3327 555 3394 aestate,
571 3320 756 3378 laudatissimi
772 3319 932 3394 Mytilenis,
949 3318 1122 3396 Tyndaride,

129 3400 254 3474 Salonis,
272 3400 379 3475 Altini,
400 3401 427 3460 in
446 3400 517 3462 Chia
538 3403 643 3478 insule,
660 3402 854 3463 Alexandriae
871 3405 898 3462 in
916 3404 1053 3481 Aegypto
1068 3435 1122 3477 -,

128 3484 305 3562 pectunculi,
315 3486 627 3564 purpurae,pegrides,
638 3489 712 3565 plne,
726 3488 885 3565 pinoteres,
893 3488 1023 3547 rhine—
1037 3503 1122 3567 quem
