2396 3900
145 242 185 304 52
497 253 527 301 c.
543 254 639 301 anxur
656 253 804 302 account

105 418 139 473 st
150 418 180 469 et
197 408 336 489 quidquid
351 409 446 488 optari
461 407 549 470 debet
565 409 594 468 in
610 425 647 468 eo
662 407 809 469 vocabulo
820 409 990 471 invenietur.
1012 409 1064 468 illa
1077 416 1149 468 tem·

148 502 268 573 peratae
285 493 435 569 ubertatis,
454 492 505 552 illa
519 492 614 554 mollis
634 492 788 570 facilisque
804 492 945 571 culturae,
962 511 1018 554 nec
1034 491 1150 552 madida

146 597 201 638 nec
217 578 327 638 sitiens.
361 576 410 636 illa
425 585 493 656 post
506 594 655 637 vomerem
669 577 832 653 nitescens,
851 578 965 654 qualem
981 578 1048 637 lons
1065 577 1149 653 inge·

146 665 259 722 nicrum
282 660 424 722 Homerus
449 662 476 720 in
500 662 586 721 armis
606 679 623 720 a
644 660 700 720 deo
724 661 865 720 caelatam
888 660 958 722 dixit
979 659 1150 739 addiditque

147 744 314 806 miraculum
335 746 545 823 nigrescentis,
568 745 697 823 quamvis
720 745 804 804 lieret
819 761 857 804 ex
878 763 958 806 auro.
991 744 1040 804 illa
1062 760 1173 822 quanta

145 839 295 892 recentem
307 830 460 909 exquirunt
471 829 613 908 inprobae
625 828 709 888 alites
722 846 871 889 vomerem
889 831 1060 889 comitantes
1084 844 1150 888 cor·

101 925 138 980 38
149 917 237 995 vique
253 916 376 975 aratoris
392 915 517 992 vestigia
537 914 602 992 ipsa
620 912 768 973 rodentes.
798 911 946 974 Reddatur
960 913 1018 974 boc
1034 913 1062 971 in
1079 911 1150 974 loco

146 1000 277 1060 luxuriae
289 1015 406 1078 quoque
419 999 563 1058 sententia
575 996 685 1058 ltalica.
704 998 733 1056 in
746 998 926 1075 propositum
937 1005 1018 1058 certe
1027 993 1149 1072 Cicero,

145 1084 196 1143 lux
228 1082 422 1143 doctrinarum
457 1082 566 1143 altera:
602 1080 777 1156 Meliora,
817 1081 925 1160 inquit,
958 1089 1151 1158 unguenta

145 1176 230 1227 sunt
252 1184 342 1246 quae
359 1176 719 1244 terramqnamquae
742 1167 1057 1245 crocumsapiunt.
1090 1165 1183 1224 bocru

145 1254 219 1312 enim
235 1251 334 1311 maluit
350 1250 560 1328 dixissequam
581 1249 764 1313 redolent.
796 1250 836 1310 ita
857 1259 903 1309 est
920 1249 1073 1328 proiecto,
1097 1249 1151 1308 illa

102 1346 137 1402 39
149 1336 203 1396 erit
218 1345 335 1413 optuma
353 1352 428 1413 quae
442 1343 589 1412 unguenta
602 1336 704 1412 sapiet.
734 1334 812 1412 quod
828 1335 853 1393 si
867 1332 1038 1394 admonendi
1050 1351 1151 1392 snmus

145 1419 239 1500 qualis
255 1421 291 1479 sit
304 1429 402 1479 terrae
418 1419 493 1479 odor
504 1419 555 1478 ille
571 1419 619 1498 qui
633 1419 791 1496 quaeritur,
808 1419 948 1497 contingit
959 1435 1050 1496 saepe
1062 1418 1151 1477 etiam

144 1506 314 1583 quiescente
330 1522 365 1564 ea
380 1503 434 1564 sub
447 1520 583 1564 occasum
600 1502 682 1579 solis,
695 1504 724 1562 in
738 1519 796 1581 quo
814 1501 881 1563 loco
898 1521 983 1562 arcus
1000 1500 1150 1562 caelestes

144 1588 284 1650 deiecere
307 1590 403 1667 capita
430 1606 499 1663 sua,
522 1596 552 1647 et
579 1605 643 1648 cum
665 1604 681 1646 a
703 1587 834 1646 siccitate
855 1587 990 1647 continua
1011 1585 1151 1646 inmaduit
1161 1605 1182 1646 rs

144 1672 246 1733 imbre.
279 1682 346 1733 tunc
363 1673 466 1733 emittit
481 1671 559 1732 illum
573 1688 655 1731 suom
669 1669 788 1731 halitum
801 1671 926 1731 divinum
942 1688 979 1731 ex
995 1669 1061 1730 sole
1079 1687 1149 1730 coo·

145 1766 278 1836 ceptum,
309 1759 355 1817 cni
378 1757 531 1835 conparari
554 1757 682 1816 suavitas
705 1755 783 1815 nulla
806 1757 909 1833 possit.
939 1757 964 1815 is
987 1773 1055 1814 esse
1079 1772 1149 1816 con-

144 1850 221 1901 mota
238 1840 374 1916 debebit,
396 1849 592 1919 repertusque
608 1839 749 1900 neminem
765 1839 864 1914 fallet,
882 1857 916 1899 ac
932 1838 1060 1899 deterre
1074 1839 1150 1900 odor

145 1934 261 2003 optume
284 1924 429 1985 iudicabit.
457 1924 524 1984 talis
546 1923 610 1983 iere
632 1932 684 1983 est·
700 1925 728 1983 in
753 1923 905 1996 novalibus
930 1942 1017 1985 caesa
1042 1933 1148 1984 vetere

102 2010 219 2074 torilva
235 2027 309 2088 quae
326 2025 470 2068 consensu
485 2007 626 2069 laudetur.
658 2006 697 2067 tu
713 2009 740 2067 in
756 2009 888 2087 frugibus
910 2008 1026 2087 quidem
1049 2008 1148 2068 fereu-
1158 2033 1181 2074 20

68 2131 74 2142 ·
145 2092 188 2153 dis
209 2092 310 2154 eadem
336 2101 416 2152 terra
438 2093 535 2152 utilior
557 2091 737 2169 intellegitur
753 2094 887 2173 quotiens
905 2093 1071 2153 intermissa
1088 2092 1149 2152 cul·

144 2187 207 2238 tura
230 2176 355 2254 quievit,
383 2176 460 2256 quod
481 2177 509 2236 in
532 2177 624 2236 vineis
649 2193 706 2236 non
726 2177 772 2258 lit,
801 2195 896 2254 eoque
919 2185 964 2236 est
981 2176 1150 2254 diligentius

144 2260 291 2339 eligenda,
308 2279 345 2321 ne
360 2279 430 2322 vera
446 2263 568 2321 exsistat
578 2261 676 2340 opinio
690 2278 788 2321 eorum
803 2263 915 2340 quiiam
927 2259 1029 2321 ltaliae
1040 2270 1150 2321 terram

104 2355 137 2410 ‹ll
152 2346 354 2406 existimavere
370 2346 486 2406 lassam.
516 2343 621 2424 Operis
637 2345 751 2424 quidem
769 2345 892 2406 facultas
907 2346 936 2405 in
951 2345 1016 2405 aliis
1032 2346 1148 2422 generi-

145 2429 199 2490 bus
221 2439 333 2492 constet
356 2439 386 2490 et
403 2431 504 2506 caelo,
531 2447 587 2489 neu
613 2438 711 2507 potest
729 2431 804 2490 arari
830 2438 897 2508 post
922 2428 1021 2490 imbris
1040 2430 1181 2508 aliquan

145 2513 284 2574 ubertatis
305 2515 376 2575 vitio
398 2514 585 2590 lentescens,
611 2522 711 2574 contra
731 2515 759 2572 in
779 2513 904 2590 Byzacio
925 2513 1046 2575 Africae
1067 2514 1148 2574 illurn

146 2608 268 2660 centena
285 2601 488 2677 quinquagena
503 2598 588 2674 lruge
603 2597 730 2659 fertilem
747 2616 876 2676 eampum
892 2596 989 2674 nullis,
1011 2616 1075 2658 cum
1091 2601 1147 2658 sic·

146 2691 276 2757 comest,
293 2682 432 2743 arabilem
447 2684 547 2759 tauris,
563 2690 631 2759 post
648 2681 746 2742 imbris
761 2681 811 2742 vili
828 2682 921 2743 asello
939 2691 967 2742 et
983 2701 999 2742 a
1015 2693 1098 2763 parte
1107 2683 1147 2742 al-

40 2773 44 2778 ’
145 2776 206 2827 tera
219 2768 306 2844 iniugi
322 2784 377 2826 anu
389 2783 536 2826 vomerem
548 2765 679 2826 trahente
691 2767 812 2828 vidimus
826 2767 926 2827 scindi.
949 2776 1057 2828 terram
1073 2769 1147 2828 enim

146 2860 223 2911 terra
240 2850 404 2932 emendari,
427 2860 458 2911 ut
472 2851 560 2929 aliqui
580 2851 778 2930 praecipiunt,
801 2870 890 2931 super
915 2860 1033 2912 tenuem
1050 2853 1147 2932 pingui
1156 2870 1180 2912 ar

94 2957 97 2962 ·
145 2937 248 2994 iniecta
266 2944 314 2994 aut
330 2936 432 3013 gracili
455 2934 613 3012 bibulaque
634 2953 723 3014 super
738 2936 860 2997 umidam
875 2954 910 2996 ac
925 2939 1146 3015 praepinguem,

145 3019 290 3079 dementia
313 3035 424 3098 operae
441 3028 494 3079 est.
530 3019 596 3098 quid
618 3028 717 3098 potest
738 3038 860 3099 sperare
882 3021 929 3098 qui
947 3020 1019 3081 colit
1040 3015 1147 3081 talem?

103 3114 138 3168 42
213 3104 242 3166 6.
261 3103 325 3182 (4.)
338 3103 403 3164 Alia
419 3112 464 3164 est
477 3105 551 3164 ratio
571 3121 654 3181 quam
669 3103 831 3165 Britanniae
844 3103 992 3165 etGalliae
1008 3107 1147 3166 invenere

145 3188 242 3249 alendi
263 3205 326 3247 eam
347 3188 426 3266 ipsa,
449 3205 599 3268 genusque
622 3187 700 3267 quod
720 3198 826 3248 vocant
849 3206 986 3266 margum.
1025 3191 1147 3269 spissior

145 3273 263 3332 ubertas
282 3273 311 3331 in
326 3289 359 3332 ea
382 3273 561 3350 intellegitur
580 3282 609 3333 et
630 3272 742 3351 quidam
767 3282 864 3335 terrae
886 3272 988 3352 adipes
1010 3292 1046 3334 ac
1069 3275 1181 3335 velatas

146 3356 262 3433 glandia
279 3357 308 3415 iu
323 3356 513 3436 corporibus,
535 3357 573 3416 ibi
594 3357 733 3417 densante
755 3376 787 3417 se
808 3357 1013 3436 pinguitudinis
1029 3358 1144 3418 nucleo.

147 3442 178 3500 7.
195 3438 260 3499 Non
273 3442 399 3501 omisere
413 3451 441 3500 et
456 3441 512 3501 boc
521 3440 625 3501 Graeci
638 3476 680 3489 —
692 3442 760 3520 quid
771 3444 846 3502 enim
858 3444 1057 3521 intemptatum
1069 3437 1146 3503 itttst

146 3557 187 3568 -
203 3523 396 3602 leucargillon
417 3535 522 3586 vocant
546 3525 692 3588 candidam
714 3527 845 3604 argillam
868 3526 972 3606 quain
994 3525 1144 3606 Megarico
