2396 3900
131 213 171 273 *to
477 221 784 270 c.rn1n1ssccnn1

132 379 236 455 frigida
252 380 325 438 enim
342 387 372 438 et
387 395 497 456 aquuosa
513 394 604 437 verno
620 377 735 437 conseri
750 383 877 454 oportet,
892 375 971 436 sicca
988 383 1019 434 et
1039 371 1144 434 calida

91 471 142 526 136
154 472 298 524 autumno.
333 462 372 542 [6]
397 461 562 522 Communis
582 460 697 538 quidem
719 459 820 519 ltaliae
843 460 915 518 ratio
939 468 1077 537 tempora
1103 455 1143 516 ad

132 547 207 607 hunc
229 548 343 608 modum
358 546 516 606 distribuit:
539 562 621 605 moro
638 543 674 604 ab
690 543 785 604 idibus
802 541 966 603 Februariis
986 544 1014 601 in
1032 541 1142 618 aequi·

133 631 276 707 noctium,
298 632 363 710 piro
380 631 559 706 adtumnum,
576 631 615 688 ita
630 638 659 689 ut
682 628 809 688 brumam
825 626 974 706 quindenis
988 643 1025 686 ne
1041 626 1143 684 minus

134 713 237 774 diebus
260 715 449 791 antecedant,
472 715 553 775 malis
574 713 691 773 aestivis
711 721 741 771 et
764 711 912 788 cotoneis,
934 713 1002 770 item
1022 709 1171 783 corbiae

132 800 248 877 prunis,
273 808 340 878 post
366 798 489 858 mediam
512 799 635 858 hiemem
660 797 688 856 in
713 796 776 856 idus
791 794 982 871 Februarias,
1007 794 1143 872 siliquae

133 881 264 942 Graecae
281 893 309 943 et
326 883 449 962 persicis
465 891 529 942 ante
545 881 674 942 brumam
690 899 744 958 per
760 890 935 957 autumnum,
953 877 1079 938 nucibus
1098 878 1142 935 iu-

133 966 230 1042 glandi
245 976 274 1027 et
288 969 394 1047 pineae
410 975 440 1027 et
461 965 613 1027 abellanae
633 973 663 1024 et
678 964 809 1025 Graecae
831 974 917 1042 atque
942 970 1107 1023 castaneae
1125 979 1142 1019 a

133 1049 265 1110 kalendis
282 1050 392 1112 blartiis
407 1050 444 1110 ad
459 1051 524 1111 idus
539 1051 666 1124 easdem,
683 1049 766 1109 salici
782 1056 811 1108 et
820 1050 955 1126 genistae
967 1047 1046 1106 circa
1058 1045 1141 1104 blar-

132 1135 187 1193 tias
202 1134 352 1195 kalendas.
385 1135 458 1195 banc
477 1136 505 1193 in
529 1135 617 1194 siccis
634 1134 763 1209 semine,
784 1132 862 1192 illam
885 1134 915 1190 in
932 1131 1036 1191 umidis
1050 1131 1142 1206 virga
1154 1147 1177 1188 co

92 1241 174 1282 rorent
187 1219 246 1277 seri
259 1220 389 1279 diximus.

92 1309 141 1364 137
198 1301 245 1362 19.
266 1303 307 1381 [t]
325 1301 378 1363 Est
392 1303 542 1362 etiamnum
554 1313 632 1362 novat
645 1301 792 1361 inserendi
806 1299 939 1378 ratique
953 1299 1020 1379 quid
1034 1297 1140 1356 sciens

134 1384 248 1462 quidem
256 1395 439 1464 praeteream
448 1385 526 1466 quod
538 1404 658 1464 usquam
669 1385 835 1459 invenerim,
846 1382 1027 1443 Columellae
1043 1397 1139 1440 exco-

132 1469 231 1545 gitata,
248 1479 278 1530 ut
291 1471 420 1531 adfirmat
433 1471 516 1548 ipse,
532 1489 589 1548 qua
602 1470 651 1529 vel
668 1469 802 1529 diversae
822 1467 1072 1544 insociabilesque
1089 1481 1137 1524 ar·

132 1551 233 1611 borum
254 1563 372 1614 naturae
393 1554 582 1632 copulentur,
606 1563 636 1613 ut
652 1554 699 1613 dci
720 1562 806 1632 atque
825 1551 919 1611 oleae.
956 1552 1036 1609 iuxta
1058 1548 1175 1610 baucis

133 1638 192 1696 seri
218 1637 302 1697 ficum
325 1637 404 1698 iubet
423 1656 481 1697 non
505 1638 645 1716 ampliore
670 1635 824 1695 intervallo
846 1652 930 1714 quam
949 1643 980 1694 ut
1002 1633 1139 1709 contingi

133 1719 216 1798 large
231 1723 324 1800 possit
344 1740 424 1784 ramo
440 1723 525 1783 oleae
541 1739 624 1800 qnam
638 1737 769 1780 mamare
789 1720 909 1797 sequaci
929 1727 1016 1796 atque
1040 1717 1137 1777 oboc-

133 1802 244 1879 dituro,
272 1823 394 1884 eumque
417 1809 492 1864 omni
514 1807 626 1864 interim
642 1813 776 1883 tempore
795 1803 923 1863 edomari
943 1801 1137 1862 meditatione

92 1895 144 1949 138
157 1888 302 1948 curvandi.
342 1898 446 1966 postea
467 1889 523 1948 ico
548 1890 652 1966 adepta
676 1888 762 1963 viris,
788 1887 865 1966 quod
888 1889 1006 1946 evenire
1028 1887 1137 1944 trimae

134 1973 294 2050 auratique
310 1973 493 2049 quinquenni,
511 1972 679 2032 detruncata
696 1971 850 2050 superficie
866 1973 1018 2048 ipsumque
1039 1969 1134 2046 depu·
1146 1989 1173 2031 au

91 2073 125 2109 na
138 2061 224 2113 tatum
242 2062 281 2130 et,
297 2063 327 2113 ut
342 2055 448 2116 dictum
463 2065 518 2132 est,
534 2057 638 2116 adraso
654 2056 801 2116 cacumine
824 2054 911 2132 deligi
926 2056 954 2113 in
969 2069 1055 2112 crure
1072 2053 1135 2128 lici,

133 2139 305 2198 custoditum
319 2139 457 2217 vinculis,
481 2158 518 2200 ne
534 2149 684 2200 curvatura
698 2138 798 2216 fugiat.
830 2139 867 2198 ita
884 2136 1006 2216 quodam
1022 2153 1135 2214 propa·

132 2222 229 2298 girum
255 2223 461 2303 insitorumque
488 2231 715 2304 temperamento
741 2223 864 2281 triennio
890 2222 1031 2280 communi
1056 2222 1136 2279 inter

133 2304 204 2365 duas
219 2316 325 2367 matres
347 2308 528 2370 coalescere.
559 2316 660 2386 quarto
683 2323 756 2366 anno
777 2305 922 2365 abscisum
946 2313 1034 2364 totum
1061 2304 1134 2364 ado·

132 2393 238 2466 plantis
254 2409 333 2470 esse,
349 2392 472 2452 nondum
486 2390 604 2468 volgata
613 2392 723 2450 ratione
739 2398 786 2449 aut
800 2389 867 2449 milri
885 2398 965 2450 certe
975 2389 1046 2449 satis
1061 2406 1134 2448 con·
1145 2416 1171 2456 25

153 2484 224 2536 erla.

89 2491 150 2620 139p
203 2560 286 2639 (31.)
308 2557 416 2620 Cetera
435 2560 537 2620 eadem
557 2559 607 2619 illa
623 2560 660 2619 de
676 2558 777 2618 calidis
794 2557 966 2636 frigidisque
981 2565 1011 2616 et
1025 2557 1135 2616 amidis

91 2661 125 2698 res
136 2652 184 2702 aut
200 2645 286 2703 siccis
304 2660 391 2720 supra
412 2644 487 2704 dicta
507 2645 581 2702 ratio
603 2651 633 2702 et
647 2642 760 2702 scrobis
776 2641 879 2702 fodere
893 2643 1072 2702 monstravit.
1105 2643 1136 2700 in

132 2728 251 2803 aquosis
275 2728 350 2785 enim
376 2745 471 2804 neque
498 2726 609 2804 amplos
635 2745 731 2805 neque
755 2725 829 2785 altos
854 2725 955 2785 facere
978 2725 1133 2803 expediet,

131 2807 216 2867 aliter
231 2811 260 2868 in
275 2817 411 2870 aestuoso
429 2818 459 2870 et
474 2812 564 2890 sicco,
577 2821 606 2870 ut
620 2827 703 2889 quam
718 2827 849 2869 maxume
866 2811 1009 2886 accipiant
1024 2825 1170 2887 aquamao

133 2894 365 2970 contineantque.
401 2893 481 2954 Haec
504 2903 532 2953 et
552 2904 670 2954 veteres
694 2893 815 2954 arbores
838 2893 953 2953 colendi
975 2893 1051 2952 ratio
1073 2903 1130 2952 est.

130 2974 311 3036 ferventibus
326 2979 399 3037 enim
417 2977 490 3038 locis
512 2978 692 3039 adcumulant
713 2985 824 3038 aestate
845 2976 960 3036 radices
980 2979 1131 3055 operiunt·

24 3065 29 3076 '
89 3068 140 3122 140
149 3077 220 3137 que,
243 3078 280 3118 ne
303 3062 374 3122 solis
396 3061 482 3122 ardor
498 3070 606 3123 exurat.
641 3062 728 3123 aliubi
743 3060 915 3139 ablaqueant
929 3061 1130 3140 perflatusque

130 3143 287 3204 admittunt.
326 3146 412 3206 iidem
438 3147 531 3206 bieme
557 3146 676 3206 cumulis
698 3165 714 3206 a
736 3144 806 3222 gelu
835 3146 989 3206 vindicant.
1027 3155 1130 3206 contra

130 3227 172 3286 illi
197 3229 291 3288 hieme
318 3232 450 3308 aperiunt
476 3248 663 3308 umoremque
688 3229 848 3289 sitientibus
872 3240 1023 3307 quaerunt.
1067 3229 1166 3292 ubi-as

131 3329 253 3389 cumque
276 3312 511 3374 circumfodiendi
534 3313 655 3376 arbores
680 3315 754 3374 ratio
780 3314 809 3372 in
837 3313 955 3374 circuitu
982 3315 1077 3394 pedes
1101 3314 1129 3372 in

131 3394 230 3453 orbem
260 3404 376 3474 ternos,
404 3415 498 3476 neque
530 3399 558 3458 id
587 3399 616 3457 in
645 3399 753 3475 pratis,
785 3397 899 3475 quando
929 3413 1028 3461 amore
1056 3398 1127 3458 solis

82 3505 83 3508 ι
128 3479 294 3556 umorisque
310 3483 338 3541 in
356 3499 463 3544 suuuna
480 3481 585 3542 tellure
604 3480 748 3542 oberrant.
792 3479 829 3540 Et
843 3481 879 3542 de
894 3481 1047 3542 arboribus
1066 3481 1125 3560 qui-
