2406 3914
118 236 180 298 250
465 249 495 297 o.
509 251 607 300 remu
624 249 776 299 sacuam
880 260 883 268 ·

74 412 110 468 94
185 403 233 465 16.
256 403 341 482 (56.)
366 401 496 464 (larduus
515 413 545 463 et
561 403 633 464 lolia
658 413 687 465 et
708 403 808 465 caules
826 403 965 481 spinosae
982 402 1145 479 lanuginis

115 486 219 562 habet,
244 488 313 547 item
335 504 459 562 acorna,
485 487 712 564 leucacanthos,
735 486 892 563 chalceus,
917 503 1050 562 caecos,
1084 502 1143 564 po·

114 569 301 646 lyacanthos,
330 588 500 651 onopyxos,
527 571 664 648 helxine,
692 571 852 646 scolymos.
889 569 1096 631 chamaeleon
1112 571 1142 628 in

116 654 195 714 loliis
217 673 274 716 non
295 654 383 716 habet
407 655 538 716 aculeos.
570 654 624 716 bist
646 664 676 716 et
690 654 741 716 illa
755 655 920 716 differentia
939 653 1020 733 quod
1041 671 1143 732 quae·

115 739 181 799 dam
198 739 226 797 in
241 739 278 798 iis
293 738 469 800 multicaulia
489 755 662 818 ramosaqm
680 749 761 815 suut,
790 749 821 800 ut
836 737 976 814 carduus,
1003 754 1070 798 uno
1090 751 1165 798 aus

114 831 173 882 tem
188 823 272 882 caule
295 841 350 883 neo
371 839 515 884 ramosum
537 840 656 884 caecos.
688 824 829 903 quaedam
849 823 1003 884 cacumine
1021 831 1143 884 tautum

71 916 105 971 95
117 908 235 985 spinosa
256 916 337 982 sunt,
363 916 394 967 ut
415 925 536 984 erynge.
577 907 719 986 quaedam
744 915 855 969 aestate
871 906 1006 983 ‚dorent,
1037 915 1074 966 ut
1096 914 1142 966 te-

112 990 201 1051 tralix
216 999 246 1051 et
261 990 389 1052 helxine.
408 991 556 1066 scolymos
568 1008 686 1072 quoque
703 1009 771 1052 sero
787 991 875 1052 floret
889 999 919 1050 et
933 989 992 1051 diu.
1020 1005 1142 1050 acorna

114 1074 216 1135 colore
233 1084 341 1135 tantum
356 1075 420 1135 rulo
436 1075 620 1152 distinguitur
635 1085 665 1136 et
680 1077 835 1154 pinguiore
852 1091 934 1136 suco.
965 1074 1047 1135 idem
1072 1081 1143 1134 erat

112 1158 262 1232 atractylis
287 1176 421 1238 quoque,
444 1160 498 1219 nisi
525 1159 674 1221 candidior
699 1168 780 1220 esset
803 1167 834 1219 et
858 1158 914 1219 nisi
935 1159 1171 1236 sanguineum
1202 1156 1203 1165 ’

114 1260 214 1302 sucum
229 1242 380 1318 funderet,
408 1260 463 1322 qua
480 1243 517 1303 de
532 1261 620 1304 causa
637 1242 753 1322 phonos
767 1252 891 1304 vocatur
908 1261 925 1302 a
941 1241 1141 1321 quibusdam,

112 1325 205 1386 odore
221 1327 307 1386 etiam
322 1327 439 1403 gravis,
464 1343 533 1386 sero
550 1337 765 1388 maturescente
787 1329 900 1388 semine
918 1345 975 1387 nec
991 1335 1068 1387 ante
1086 1344 1140 1388 au·
1202 1326 1203 1355 ³

112 1419 251 1486 tumnum,
283 1427 453 1489 quamqmm
469 1411 498 1472 id
514 1411 550 1471 de
566 1411 698 1473 omnibus
713 1412 843 1492 spinosis
859 1410 917 1472 dici
932 1419 1046 1490 potest.
1083 1428 1140 1470 ue·
1202 1420 1203 1433 l

70 1501 176 1557 96rum
198 1495 292 1554 omnia
313 1494 388 1555 haec
409 1503 438 1555 et
459 1496 569 1555 semine
594 1505 624 1556 et
645 1496 745 1557 radice
767 1497 849 1557 nasci
876 1504 1013 1574 possunt.
1055 1495 1139 1556 Sco·

112 1579 206 1653 lymus
229 1578 400 1640 carduorum
420 1580 540 1657 generis
562 1580 598 1639 ab
624 1581 660 1640 iis
677 1580 764 1641 distat
780 1579 859 1659 quod
878 1579 963 1640 radix
985 1580 1055 1640 eius
1082 1595 1171 1640 veta
1202 1622 1203 1635 .

111 1662 222 1724 scendo
247 1671 292 1722 est
306 1662 439 1723 decoctu.
465 1663 566 1724 mirum
581 1664 658 1742 quod
679 1665 743 1724 sine
760 1663 916 1725 intervallo
931 1672 994 1724 tota
1013 1672 1138 1725 aestate
1202 1700 1203 1721 ι

110 1745 187 1806 aliud
218 1745 304 1806 doret
329 1747 359 1806 in
385 1764 421 1807 eo
446 1765 574 1826 genere,
607 1747 684 1808 aliud
710 1749 858 1829 concipit,
892 1747 972 1809 aliud
992 1749 1137 1826 parturit.
1201 1764 1203 1805 ι

110 1830 205 1890 aculei
220 1838 374 1890 arescente
390 1830 463 1890 lolio
484 1831 617 1892 desinunt
638 1850 781 1912 pungere.
817 1831 945 1892 llelxiue
968 1849 1039 1893 rara
1065 1833 1137 1892 visu
1182 1898 1183 1901 Ἴ

111 1921 266 1992 estusque
281 1915 309 1972 in
324 1914 456 1974 omnibus
472 1917 573 1994 terris,
600 1935 616 1977 a
631 1917 731 1976 radice
746 1915 871 1996 foliosa,
901 1934 940 1977 ex
955 1933 1016 1996 qua
1031 1916 1137 1977 media

108 1996 198 2055 veluti
218 1996 322 2057 malum
345 1997 498 2058 extuberat
514 2009 677 2061 contectum
699 2019 750 2061 sua
770 1999 884 2060 lroude.
916 2000 1002 2060 huius
1017 2010 1169 2060 vertera

111 2096 236 2138 summus
257 2080 404 2140 lacrimam
434 2083 561 2144 continet
582 2083 698 2144 iucundi
725 2084 842 2163 saporis
867 2083 1046 2146 acanthicen
1069 2101 1134 2144 ma-

109 2161 221 2222 stichen
240 2163 424 2241 appellatam.

67 2250 101 2306 97
173 2246 258 2326 (57.)
279 2245 317 2306 Et
332 2257 432 2308 cactos
449 2265 567 2328 quoque
583 2253 612 2310 in
627 2251 727 2312 Sicilia
748 2260 858 2312 tantum
881 2253 1035 2327 nascitur,
1056 2270 1134 2312 suae

110 2330 298 2408 proprietatis
314 2339 343 2390 et
358 2331 433 2410 ipse.
463 2333 585 2394 interra
603 2343 723 2414 serpunt
740 2336 839 2397 caules
856 2353 872 2395 a
890 2335 992 2404 radice
1012 2337 1132 2412 emissi,

108 2411 169 2473 lato
194 2412 267 2474 lolio
293 2423 322 2474 et
347 2416 478 2494 spinoso.
516 2418 606 2479 caulis
625 2428 734 2480 vocant
756 2428 875 2495 cactos,
899 2437 958 2479 nec
975 2419 1166 2480 fastidiuntao

107 2496 136 2554 in
148 2495 221 2556 cibis
233 2498 411 2559 inveteratos
422 2517 550 2579 quoque.
566 2520 650 2562 unum
666 2512 760 2564 autem
773 2503 887 2564 caulem
902 2511 1021 2563 rectum
1037 2503 1134 2564 hahet

108 2596 193 2657 quem
219 2591 325 2642 vocant
347 2584 493 2661 pteruioa,
527 2585 656 2646 eiusdem
680 2588 848 2664 suavitatis,
884 2587 938 2647 sed
965 2589 1133 2648 vetustatis

106 2663 302 2741 inpatientem.
336 2683 435 2726 semen
451 2667 478 2726 ei
495 2667 638 2746 lanuginis
655 2687 740 2748 quam
762 2686 890 2750 pappum
906 2679 1035 2748 vocant,
1069 2689 1130 2751 quo

107 2744 239 2806 detracto
255 2756 284 2807 et
299 2750 410 2810 cortice
425 2753 562 2813 teneritas
585 2752 685 2813 similis
702 2753 829 2814 cerebro
846 2754 963 2833 palmae
981 2763 1040 2814 est.
1074 2772 1130 2814 vo·
1175 2766 1180 2777 ·

109 2836 174 2886 cant
190 2831 327 2891 ascalian.
1139 2853 1164 2895 so

66 2915 101 2971 98
170 2911 255 2989 (58.)
280 2913 416 2975 Tribulus
431 2935 488 2977 non
505 2918 560 2976 nisi
575 2918 603 2976 in
619 2918 797 2997 palustribus
813 2922 956 2981 nascitur.
986 2921 1051 2982 dira
1076 2939 1129 2981 res

106 2989 175 3052 alibi
191 2994 270 3055 iuxta
285 2996 381 3057 Nilum
397 3007 425 3058 et
446 3001 628 3076 Strymonem
643 3003 734 3062 amnis
749 3005 896 3083 excipitur
912 3005 942 3064 in
959 3003 1055 3079 cibis,
1086 3006 1130 3064 in·

107 3074 228 3134 clinatus
243 3079 271 3135 in
288 3079 405 3157 vadum,
432 3083 506 3143 lolio
528 3082 565 3144 ad
587 3084 715 3162 effigiem
737 3087 824 3164 ulmi,
853 3087 997 3167 pediculo
1022 3089 1129 3166 longo.

105 3166 191 3236 atque
214 3159 242 3217 in
257 3159 371 3239 reliquo
389 3165 461 3225 orbe
482 3185 593 3243 genera
609 3168 675 3227 duo.
706 3171 754 3230 uni
772 3171 942 3232 cicerculae
958 3172 1051 3249 lolia,
1085 3171 1127 3232 al·

104 3241 159 3299 teri
176 3241 318 3302 aculeata.
355 3244 403 3306 hic
428 3258 458 3308 et
481 3251 575 3310 serius
600 3251 687 3312 lloret
702 3255 855 3334 magisque
881 3265 990 3335 saepta
1006 3255 1163 3316 obsidettt

102 3323 245 3383 villarum.
291 3344 390 3387 semen
418 3333 445 3390 ei
468 3333 634 3410 rotundius,
663 3337 792 3414 nigrum,
828 3341 857 3398 in
883 3339 1011 3418 siliqua,
1039 3339 1129 3400 alteri

103 3404 305 3467 harenaceum.
339 3411 528 3488 spinosorum
549 3419 702 3478 etiamnum
724 3420 801 3481 aliud
824 3439 920 3499 genus
945 3425 1063 3485 anonis.
1099 3425 1128 3482 in

102 3489 189 3548 ramis
214 3492 288 3548 enim
315 3494 412 3570 spinas
438 3497 542 3574 habet,
572 3500 708 3580 adposito
730 3504 804 3564 lolio
816 3516 901 3567 rutae
924 3508 1032 3585 simili,
1059 3516 1127 3568 toto
