2370 3922
164 245 211 308 5⁰
507 259 537 308 o.
552 259 648 308 curru
666 257 817 308 monum

169 419 248 472 tetur
268 421 364 473 tamon
387 421 512 491 propter
532 411 704 472 miraculum.
733 413 853 472 scobcm
875 414 939 472 eius
962 412 1053 473 oculis
1078 415 1159 474 unice

167 495 401 571 medandicum,
419 496 559 574 lignoque
574 496 610 555 ad
623 503 720 556 cotom
734 498 803 554 trito
824 513 889 555 cum
905 511 993 573 passo
1010 496 1158 574 caliginem

167 580 289 654 discuti,
311 598 350 639 ex
369 597 442 657 aqua
466 597 540 638 vcro
561 579 658 639 radice
673 579 825 655 albugines
842 579 1003 655 oculorum,
1018 582 1090 640 item
1107 588 1159 639 tus·

145 676 146 685 ¹
167 665 222 722 sinu
238 665 301 741 pari
317 662 402 722 modo
419 661 581 724 dracunculi
599 662 703 722 radicis
725 662 841 722 adiecto
864 681 927 722 cum
946 661 1042 724 melle.
1075 663 1160 723 hebe-

166 763 233 806 uum
243 746 345 806 medici
362 755 393 806 ct
407 747 483 806 iuter
498 746 648 806 erodentia
663 746 820 805 adsumunt.
1168 759 1176 799 c

125 841 162 894 9⁰
234 830 317 908 (53.)
345 828 576 889 Rhododeudrcs
593 848 631 888 ue
645 845 750 888 nomen
764 829 879 906 quidem
894 829 970 906 apud
985 847 1039 890 nos
1053 833 1160 890 iurear't

168 911 316 989 Latinum,
335 911 561 990 rhododaphnen
576 921 681 972 uocant
697 920 744 971 ant
758 915 878 972 nerium.
893 913 996 974 mirum
1013 914 1087 974 lolia
1103 914 1159 973 eius

168 996 375 1074 quadripedum
398 1013 540 1056 venenum
565 1015 645 1071 esse,
666 996 772 1054 bomini
793 1013 867 1054 vero
889 1004 991 1055 contra
1015 999 1160 1076 serpentis

168 1079 342 1158 praesidium
363 1087 425 1138 ruta
447 1078 540 1138 addita
556 1098 573 1139 e
587 1081 655 1138 vinc
671 1087 747 1156 pota.
777 1097 868 1156 pecus
894 1081 1028 1139 etiamst
1046 1097 1157 1159 caprae,

168 1165 194 1222 si
209 1181 310 1240 aquam
326 1162 454 1221 biberint
468 1164 496 1220 iu
513 1179 569 1240 qua
583 1162 653 1221 lolia
668 1180 702 1221 ea
716 1163 888 1238 maduerint,
906 1165 980 1222 mori
996 1164 1138 1223 dicuntur.
1164 1177 1176 1218 u

125 1257 159 1311 91
225 1247 306 1323 (54.)
335 1244 398 1304 Nec
413 1244 480 1304 rhus
499 1244 628 1306 Latinum
643 1263 748 1304 nomeu
762 1245 868 1322 habet,
882 1263 946 1304 cum
960 1248 989 1305 iu
1006 1265 1090 1306 usurn
1105 1246 1160 1324 pla·

169 1329 249 1388 ribus
267 1329 359 1387 modis
378 1330 484 1388 veniat
515 1347 579 1388 uam
598 1336 628 1388 et
643 1328 732 1388 herba
748 1337 794 1388 cst
806 1327 964 1404 silvestris,
980 1329 1161 1406 loliismyrtl,

168 1410 317 1472 cauliculis
336 1411 486 1486 brevibus,
503 1430 576 1489 quae
589 1414 699 1472 taenias
716 1411 816 1490 pellit,
846 1421 877 1472 et
897 1413 996 1472 frutex
1020 1414 1160 1473 coriarius

169 1495 352 1574 appellatur,
368 1494 544 1571 subrutilus,
560 1496 710 1571 cubitalis,
728 1495 920 1556 crassitudine
936 1496 1070 1574 digitali,
1085 1497 1158 1556 cuius

126 1588 162 1644 9²
172 1579 261 1639 aridis
283 1579 363 1638 loliis
384 1586 415 1638 ut
435 1579 583 1640 malicorio
608 1581 687 1638 coria
709 1579 905 1656 perficiuntur.
937 1580 1044 1640 medici
1072 1587 1176 1640 autent

168 1663 277 1722 rhoicis
300 1669 417 1722 utuntur
431 1663 465 1721 ad
483 1671 641 1738 contunsa,
657 1664 727 1722 itern
741 1661 890 1722 coeliacos
911 1671 941 1722 et
965 1663 1046 1723 sedis
1068 1664 1158 1723 ulcera

168 1753 218 1806 aut
244 1763 319 1823 quac
339 1745 542 1823 phagedaenas
569 1753 673 1806 vocant
695 1745 736 1778 **
754 1748 820 1804 trita
842 1763 906 1804 cum
927 1746 1017 1806 molle
1038 1756 1071 1807 et
1086 1746 1157 1806 inlita

169 1847 233 1889 cum
253 1837 348 1888 aceto.
377 1829 527 1889 decoctum
548 1847 648 1888 eornm
669 1828 824 1888 instillatur
853 1829 970 1889 auribus
989 1829 1156 1908 purulentis.

170 1914 248 1972 litet
264 1915 413 1971 stomatice
431 1913 559 1972 decoctis
575 1914 659 1973 ramis
675 1912 711 1972 ad
727 1913 828 1972 eadem
843 1931 917 1990 quac
936 1931 975 1973 ex
991 1915 1094 1990 moris,
1114 1909 1157 1972 sed

171 1995 320 2055 efficacior
343 1995 469 2054 admixto
497 1995 628 2056 alumine.
659 1995 788 2056 inlinitur
813 1996 915 2056 cadem
939 1996 1175 2076 hydropicorumrt

169 2079 282 2136 tumori.
722 2090 725 2098 '

233 2161 316 2239 (55.)
345 2160 424 2220 Rhus
443 2164 489 2239 qui
508 2162 643 2238 erythros
658 2162 820 2241 appellatur
839 2180 939 2222 scrucu
950 2169 998 2222 cst
1012 2163 1095 2222 huius
1107 2163 1155 2221 irn-

169 2245 244 2304 ticis.
277 2247 333 2302 vim
357 2245 444 2303 habet
462 2245 658 2323 adstringendi
680 2246 939 2323 refrigerandique.
979 2246 1156 2325 adspergitur

170 2344 226 2406 pro
244 2327 306 2387 sale
325 2329 455 2406 opsoniis
472 2328 537 2387 aluo
558 2329 663 2405 soluta,
683 2331 833 2406 omnisque
851 2334 945 2388 carnis
970 2347 1034 2388 cum
1059 2327 1154 2406 silphio

170 2412 323 2472 suaviores
349 2413 424 2471 iacit.
459 2411 590 2473 medetur
614 2412 761 2473 ulceribus
782 2413 961 2472 manantibus
987 2431 1051 2472 curu
1066 2410 1174 2482 mallet

170 2496 321 2572 asperitati
344 2495 473 2572 liuguae,
503 2498 669 2573 percussis,
699 2495 810 2571 lividis,
840 2495 1035 2572 desquamatis
1062 2495 1152 2555 codem

169 2579 278 2656 modo,
298 2581 400 2658 capitis
419 2578 539 2638 volnera
557 2580 591 2638 ad
605 2581 769 2639 cicatricem
784 2579 937 2639 celerrime
955 2580 1106 2656 perducit,
1120 2578 1152 2636 le

170 2665 308 2722 minarum
323 2662 520 2723 abundantiam
536 2665 612 2721 sistit
627 2663 703 2722 cibo.

233 2747 316 2825 (56.)
348 2745 413 2805 Alia
428 2763 476 2805 rcs
492 2744 724 2822 erythrodauus,
735 2763 818 2823 quam
831 2745 919 2822 aliqui
936 2744 1150 2804 ereuthodanum

171 2836 295 2903 vacant,
311 2847 364 2888 uos
376 2829 503 2905 rubiam,
519 2847 574 2906 qua
592 2831 738 2905 tinguntur
752 2829 833 2889 lanae
844 2827 999 2907 pellesque
1011 2829 1172 2906 perficior-rt

171 2917 227 2967 tur.
260 2912 289 2968 in
304 2913 443 2972 medicina
460 2915 566 2972 urinam
579 2914 654 2985 ciet,
670 2912 800 2971 morbum
815 2913 926 2989 regium
941 2920 1023 2970 sanat
1038 2929 1076 2970 ex
1089 2924 1150 2985 aqua

171 2991 278 3068 mulsa,
293 3003 323 3053 et
338 2994 464 3054 lichenas
485 3013 522 3055 cx
536 3003 620 3054 aceto
634 2995 714 3054 inlita
730 3003 761 3053 ct
774 2993 957 3070 ischiadicos,
974 2993 1149 3073 paralyticos,

173 3078 214 3134 ita
238 3083 270 3134 ut
292 3076 427 3137 bibentes
455 3079 587 3138 laventur
611 3079 726 3138 cotidie.
756 3078 840 3138 radix
864 3095 1022 3154 semenque
1047 3076 1148 3135 trahunt

173 3177 301 3235 menses,
316 3159 410 3220 alvom
424 3162 528 3221 sistunt
542 3170 572 3221 ct
587 3162 778 3234 collectiones
794 3162 956 3221 discutiunt.
988 3168 1087 3220 contra
1098 3173 1146 3217 scr·
1162 3234 1165 3244 ἢ

173 3245 272 3321 pontis
287 3245 356 3302 rami
371 3261 432 3301 cum
448 3245 528 3304 loliis
542 3247 724 3323 inponuntur.
752 3244 822 3307 lolia
837 3253 867 3304 ct
878 3243 1012 3321 capillum
1024 3243 1168 3301 inliciunttl

173 3327 292 3388 invenio
322 3326 395 3404 apud
418 3327 555 3404 quosdam
575 3328 706 3388 morbum
723 3330 834 3404 regium
856 3329 948 3388 sanari
966 3326 1022 3386 hoc
1043 3326 1144 3396 lruticc,

173 3411 287 3468 etiamsi
302 3409 441 3484 adligatus
457 3417 605 3486 spectetur
619 3419 733 3470 tautum.

129 3503 167 3560 95
240 3493 323 3570 (57.)
355 3491 449 3550 Distat
467 3492 502 3551 ab
516 3511 553 3552 eo
570 3496 617 3570 qui
637 3493 755 3569 alysson
771 3503 891 3554 uocatur
909 3494 988 3554 loliis
1007 3500 1105 3554 tanum
1118 3494 1142 3550 el
