2396 3900
142 265 182 328 62
453 271 794 321 eenrnrsncnnnr.

99 434 202 500 asseri
218 430 363 492 conducit.
393 429 459 489 olea
470 437 567 488 tamen
578 444 709 488 maxumo
722 425 887 501 intervallo,
904 425 941 484 de
957 439 1014 502 qua
1030 419 1170 488 Catonis

142 518 241 578 ltalica
266 515 410 576 sententia
431 523 476 573 est
501 514 530 572 in
553 525 626 573 xxv
645 511 769 590 pedibus
789 511 957 584 minumum,
987 507 1169 585 plurumum

143 616 216 662 xxx
231 601 300 660 seri.
331 599 384 658 sed
401 597 459 658 boc
474 598 601 659 variatur
616 595 748 656 locorum
770 603 881 654 nature.
910 610 969 652 non
984 591 1044 651 alia
1060 593 1168 651 maior

142 689 171 746 in
187 685 306 746 Baetica
321 682 418 743 arbor.
451 684 480 742 in
496 681 596 742 Africa
609 698 683 740 vero
697 713 735 724 -
749 679 822 740 tides
834 695 927 757 penes
939 685 1089 737 auctores
1106 676 1168 734 erit

142 806 184 816 -
196 769 331 829 miliarias
343 768 443 828 vocari
458 766 561 826 multas
572 774 688 824 narrant
704 783 721 824 a
737 763 869 843 pondere
884 762 944 821 olei
956 760 1039 840 quod
1058 761 1188 820 ferente

143 871 237 915 annuo
257 860 410 932 proventu.
445 850 511 910 ideo
535 862 631 910 xxxv
652 848 744 928 pedes
767 846 854 924 blago
885 845 1043 905 intervallo
1078 845 1169 904 dedit

144 939 269 1016 undiquc
285 938 377 996 autin
393 953 491 995 macro
507 932 572 994 solo
588 950 624 993 ac
636 933 708 993 duro
723 942 809 1010 atque
824 939 961 1007 ventoso,
979 947 1048 990 cunr
1065 930 1166 990 minu·

100 1034 236 1098 bimum,
259 1034 337 1080 xcv.
375 1019 493 1080 Baetica
514 1018 630 1097 quidem
656 1017 816 1077 uberrimas
839 1015 945 1075 messis
967 1015 1048 1073 inter
1076 1014 1169 1074 oleas

144 1108 234 1167 metit.
256 1105 334 1165 illam
350 1105 530 1164 inscientiam
546 1102 709 1182 pudendam
724 1119 792 1160 esse
806 1100 964 1160 conveniet
980 1098 1107 1158 adultas
1124 1100 1168 1158 in·

144 1191 291 1252 terlucarc
312 1190 389 1249 iusto
410 1189 476 1266 plus
498 1195 527 1247 et
542 1188 571 1246 in
585 1196 733 1246 senectam
751 1185 948 1264 praecipitare
964 1190 1024 1258 aut,
1044 1191 1081 1242 ut
1099 1183 1167 1262 ple·
1179 1199 1196 1240 r:

143 1293 264 1354 rumque
288 1274 360 1352 ipsis
386 1273 435 1353 qui
461 1289 588 1351 posuere
614 1270 840 1348 coarguentibus
867 1269 1034 1347 inperitiam
1065 1285 1167 1342 suam,

144 1369 221 1422 totas
242 1357 392 1418 excidere.
419 1357 489 1416 nihil
510 1364 555 1415 est
580 1355 695 1417 foedius
716 1353 854 1431 agricolis
877 1370 963 1430 quam
983 1361 1099 1428 gestae
1122 1353 1168 1411 rei

145 1444 333 1525 poenitentia,
350 1441 438 1501 multo
450 1443 504 1501 iam
518 1449 549 1498 ut
563 1448 692 1518 praestet
707 1439 826 1499 laxitate
839 1437 1025 1516 delinquere.

101 1540 137 1594 95
210 1528 262 1590 13.
286 1527 370 1605 (20.)
394 1525 542 1599 Quaedam
558 1533 652 1583 autem
672 1533 773 1582 natura
793 1521 875 1582 tarde
899 1529 1061 1599 crescunt,
1089 1521 1167 1581 etin

146 1614 244 1692 primis
267 1612 377 1671 semine
396 1618 503 1670 tantum
525 1609 674 1668 nascentia
693 1617 723 1666 et
743 1608 833 1684 longo
852 1621 927 1665 aevo
951 1604 1104 1667 durantia.
1138 1614 1184 1665 att

146 1715 220 1776 quae
236 1697 294 1755 cito
306 1695 441 1756 occidunt
452 1693 568 1754 velocia
584 1702 658 1768 sunt,
675 1701 704 1750 ut
719 1691 802 1767 licus,
819 1691 935 1769 punica,
955 1707 1084 1767 prunus,
1105 1707 1165 1750 ma-

145 1783 202 1856 lus,
219 1781 310 1858 pirus,
327 1788 447 1855 myrtus,
463 1777 547 1852 salix,
566 1785 705 1837 ettamen
719 1775 894 1836 antecedunt
910 1775 1033 1834 divitiis.
1067 1776 1099 1833 in
1114 1776 1165 1833 tri-

145 1874 221 1925 matu
238 1865 313 1922 enim
328 1863 408 1922 ferre
425 1862 563 1939 incipiunt
579 1861 767 1920 ostendentes
785 1868 814 1918 et
828 1867 905 1919 ante.
939 1876 978 1918 ex
994 1859 1042 1918 bis
1060 1858 1165 1918 lentis-

146 1951 217 2009 sima
229 1949 319 2026 pirus.
345 1947 479 2006 ocissima
491 1946 614 2004 omnium
627 1947 744 2024 cypirus
756 1953 785 2003 et
796 1943 1035 2022 pseudocypirus
1050 1943 1162 2003 frutex.

147 2032 276 2111 protinus
297 2032 370 2089 enim
384 2029 469 2089 floret
486 2046 645 2107 semenque
667 2029 789 2107 perfert.
823 2028 918 2088 omnia
932 2045 1007 2086 vero
1026 2028 1197 2088 celeriusrt

146 2115 317 2176 adulescunt
340 2113 502 2174 stolonibus
527 2112 630 2173 ablatis
655 2130 799 2192 unamque
823 2114 851 2171 in
878 2113 1002 2191 stirpem
1027 2112 1163 2172 redactis

146 2199 299 2260 alimentis.

104 2293 139 2347 96
215 2283 299 2363 (21.)
321 2281 431 2343 Eadem
446 2289 547 2340 natura
563 2289 592 2340 et
608 2282 787 2359 propagines
804 2279 912 2339 docuit.
945 2279 1012 2339 rubi
1034 2297 1163 2358 namque

148 2368 258 2426 curvati
274 2367 437 2444 gracilitate
458 2374 488 2424 ct
508 2364 591 2424 simul
611 2365 788 2441 proceritate
803 2365 888 2424 nimia
905 2363 1044 2441 deligunt
1059 2383 1163 2424 rursus

148 2454 175 2510 in
203 2461 309 2512 terram
345 2452 440 2528 capita
467 2450 628 2526 iterumque
661 2457 817 2508 nascuntur
841 2465 879 2507 ex
903 2466 973 2508 sese
1013 2449 1194 2528 repleturirt

148 2537 259 2611 omnia,
285 2535 314 2594 ni
327 2535 445 2594 resistat
465 2533 586 2606 cultura,
602 2549 723 2610 prorsus
738 2540 769 2591 ut
782 2533 896 2610 possint
910 2532 1006 2593 videri
1022 2533 1162 2594 homines

139 2629 245 2680 ¹terrae
259 2636 346 2679 causa
355 2619 454 2695 geniti.
482 2618 520 2676 ita
532 2634 668 2695 pessuma
686 2625 773 2694 atque
787 2615 970 2678 exsecranda
983 2635 1036 2676 res
1051 2636 1162 2698 propa·

147 2704 244 2781 ginem
259 2713 354 2763 tamen
369 2702 467 2762 docuit
485 2719 520 2760 ac
532 2700 737 2760 viveradicem.
773 2701 874 2761 eadem
890 2708 989 2760 autem
1009 2711 1118 2762 natura
1135 2709 1162 2761 et

148 2788 275 2848 hederis.
307 2783 379 2845 (lato
400 2785 557 2864 propagari
577 2793 695 2862 praeter
715 2785 803 2844 vitem
824 2785 909 2845 tradit
926 2785 1026 2862 licum,
1051 2787 1160 2861 oleam,

148 2873 299 2949 punicam,
324 2870 462 2930 malorum
485 2885 596 2946 genera
618 2869 729 2943 omnia,
753 2869 867 2945 laurus,
890 2887 999 2950 pruna,
1023 2881 1197 2949 myrtnmstt

101 2961 136 3015 97
152 2974 242 3015 nuces
258 2954 407 3015 abellanas
424 2964 453 3014 et
466 2954 680 3028 Praenestinas,
699 2953 851 3032 platanum.
883 2953 1090 3032 Propaginum
1106 2957 1160 3016 duo

147 3057 273 3116 genera:
289 3055 369 3099 ramo
382 3038 417 3099 ab
432 3038 537 3099 arbore
549 3038 691 3115 depresso
706 3039 734 3096 in
746 3037 882 3097 scrobem
894 3047 1037 3117 quattuor
1054 3040 1161 3119 pedum

147 3141 266 3204 quoquo
289 3133 319 3183 et
339 3133 406 3202 post
426 3123 569 3183 biennium
586 3131 732 3200 amputato
747 3121 825 3181 flexu
840 3121 1000 3201 plantaque
1017 3125 1161 3184 translata

146 3220 216 3283 post
232 3209 390 3282 trimatum,
416 3225 487 3285 quas
509 3208 534 3266 si
548 3207 663 3283 longius
679 3206 757 3264 ferre
774 3204 879 3281 libeat,
901 3207 930 3264 in
946 3209 1046 3285 qualis
1066 3210 1161 3270 statim

146 3302 198 3352 aut
221 3294 300 3353 vasis
322 3291 456 3352 fictilibus
484 3290 626 3351 defodere
654 3290 831 3368 propagines
855 3291 1057 3370 aptissimum,
1085 3304 1116 3355 ut
1134 3294 1196 3352 inat*

97 3375 135 3432 98
146 3371 196 3435 his
209 3376 428 3437 transferantur.
460 3376 581 3435 alterum
596 3391 688 3452 genus
703 3374 889 3452 luxuriosum,
913 3375 942 3435 in
968 3379 1036 3456 ipsa
1053 3379 1159 3438 arbore

144 3461 266 3521 radices
283 3460 467 3520 sollicitando
483 3459 613 3518 traiectis
626 3475 761 3536 pervasa
776 3458 873 3519 fictilia
888 3459 936 3519 vel
948 3462 1058 3541 qualos
1074 3463 1159 3523 ramis

143 3546 287 3603 lemene
300 3544 507 3622 circumfertis,
523 3552 609 3620 atque
624 3543 681 3602 hoc
697 3542 892 3604 blandimento
912 3544 1072 3624 inpetratis
1088 3544 1160 3606 radi-
