2370 3922
300 264 381 311 nau.
399 263 490 311 mrsu.
507 263 608 310 xxm.
632 262 658 312 1.
677 249 812 327 (tt-11.)
841 313 842 316 ,
1039 255 1058 314 5

1 432 2 479 l
60 418 165 478 batum·
187 419 281 477 uritur
300 418 330 474 in
354 415 439 476 furno
460 416 554 477 donec
574 417 656 494 panis
681 425 883 494 percoquatur.
922 415 1059 476 llassaris

1 484 2 514 ¹
61 501 201 560 odoribus
222 508 330 560 tantum
349 501 495 576 gignitur,
525 502 676 576 omniaque
699 517 733 559 ea
754 500 874 560 aviditas
888 499 1004 560 humani
1018 502 1059 560 in·

59 585 128 660 geni
146 582 311 643 nobilitavit
326 599 431 659 rapere
448 583 621 642 festinando.

1 733 2 749 p
120 664 228 743 Capi.
246 667 307 745 (6.)
325 663 761 726 Maturescentinmautemuvae
770 666 1006 726 vehementiores
1014 667 1055 726 ni·
1068 679 1102 731 10

1 765 2 828 3
35 767 142 827 egrae,
154 748 373 809 ideovinumex
381 748 425 808 his
437 750 529 809 minus
541 748 703 824 iucundum,
716 751 867 810 suaviores
878 750 975 826 albae,
989 765 1059 827 quo-

56 836 131 893 niam
143 852 161 892 e
177 832 318 892 tralucido
331 831 445 892 facilius
458 834 598 911 accipitur
610 849 670 892 aer.
686 841 823 892 recentes
838 833 1014 894 stomachum
1027 842 1058 894 et

57 917 179 994 spiritus
201 915 351 975 inflatione
373 914 468 975 alvom
483 916 616 989 turbant,
641 917 737 994 itaque
757 917 787 975 in
800 916 877 977 febri
892 916 1059 977 damnantur

56 1001 156 1078 utique
172 999 326 1076 largiores.
356 998 544 1074 gravedinem
559 1001 635 1058 enim
650 1000 738 1077 capiti
752 999 941 1077 morbumque
951 998 1058 1060 lethar-

0 1124 1 1129 (
55 1101 122 1160 gum
146 1083 263 1142 iaciunt.
298 1084 518 1143 innocentiores
542 1101 615 1160 quae
637 1083 794 1161 decerptae
812 1083 859 1143 diu
875 1082 1057 1161 pependere,

24 1185 110 1244 sequa
127 1164 318 1226 ventilatione
337 1166 423 1224 etiam
438 1166 525 1226 utiles
544 1167 614 1226 liunt
629 1165 778 1227 stomacho
794 1169 967 1244 aegrisque,
996 1184 1058 1226 nam

0 1304 1 1311 ,
54 1258 84 1309 et
99 1249 280 1326 refrigerant
293 1249 401 1309 leviter
417 1257 447 1309 et
462 1250 606 1310 fastidium
622 1250 762 1310 auferunt.

114 1333 178 1411 (7.)
209 1329 290 1404 Quae
302 1334 332 1392 in
346 1333 415 1393 vino
433 1341 480 1392 aut
497 1336 525 1393 in
541 1333 616 1393 dulci
634 1332 769 1406 conditae
782 1333 865 1393 luere
883 1341 968 1412 caput
983 1342 1052 1394 tem·
1065 1347 1097 1400 11

1 1407 19 1493 3⁸
54 1425 144 1494 ptant.
162 1433 323 1494 proxumae
338 1433 355 1474 a
370 1416 532 1493 pensilibus
550 1421 579 1475 in
593 1415 677 1494 palea
694 1424 839 1493 servatae,
854 1434 917 1476 nam
932 1425 962 1477 et
978 1419 1056 1478 vina·

1 1569 2 1578 (
54 1502 116 1559 ceis
139 1507 275 1559 servatae
297 1507 327 1558 et
350 1508 434 1578 caput
457 1508 487 1574 et
509 1501 635 1560 vesicam
658 1508 688 1558 et
711 1499 886 1560 stomachum
907 1501 1055 1578 infestant,

1 1636 2 1647 .
26 1605 49 1647 te
57 1585 166 1644 sistunt
187 1592 282 1642 tamen
304 1582 415 1659 alvom,
442 1585 612 1660 sanguinem
634 1583 855 1643 exscreantibus
875 1583 1055 1661 utilissimae,

1 1664 7 1711 Ἀ
53 1684 129 1744 quae
145 1683 221 1726 vero
235 1668 264 1724 in
279 1674 373 1726 musto
385 1667 469 1727 luere
481 1669 613 1745 peiorem
624 1669 682 1725 vim
692 1667 844 1726 etiamnum
855 1666 962 1727 hahent
974 1685 1055 1745 quam

53 1768 129 1828 quae
144 1751 177 1809 in
190 1751 328 1817 vinaceis.
364 1766 434 1828 sapa
449 1767 564 1827 quoque
580 1749 689 1810 inutilis
706 1749 854 1810 stomacho
869 1751 945 1810 iacit.
979 1751 1053 1811 salu·
1066 1763 1097 1814 11

52 1834 198 1893 herrimas
226 1842 326 1910 putant
349 1833 452 1894 medici
476 1835 505 1892 in
530 1832 652 1892 caelesti
674 1849 745 1910 aqua
766 1842 914 1910 servatas,
942 1835 1054 1895 etiamsi

1 1982 2 1985 Ἴ
51 1919 180 1976 minume
196 1915 352 1993 iucundas,
374 1917 426 1976 scd
443 1916 623 1994 voluptatem
640 1934 737 1976 earum
750 1918 780 1975 in
795 1917 933 1977 stomachi
950 1919 1054 1980 ardore

0 1993 157 2060 assentiri
186 2007 217 2060 et
244 2001 275 2059 in
295 2000 483 2060 amaritudine
505 2002 564 2060 oris
586 1999 722 2077 fellisque
743 1999 948 2060 vomitionibus
973 2010 1003 2061 et
1025 2003 1054 2062 in

53 2082 200 2161 choleris,
220 2082 388 2163 hydropicis
415 2101 478 2142 cum
495 2083 600 2143 ardore
623 2083 746 2143 febrium
769 2085 996 2160 aegrotantibus.
1025 2094 1054 2145 at

53 2168 82 2225 in
103 2166 173 2226 ollis
196 2175 331 2227 servatae
354 2175 385 2226 et
400 2184 433 2226 os
451 2175 481 2226 et
499 2166 674 2228 stomachum
689 2175 719 2227 et
734 2167 900 2226 aviditatem
916 2171 1053 2246 excitant,

1 2249 4 2337 ',
56 2249 139 2326 paulo
165 2257 261 2310 amen
283 2250 437 2327 graviores
460 2252 660 2310 existimantur
679 2249 743 2309 lieri
757 2251 942 2311 vinaceorum
955 2252 1052 2312 halitu.

59 2331 134 2393 Uvae
163 2331 267 2393 liorem
291 2337 321 2392 in
344 2334 418 2393 cibis
444 2335 469 2393 si
495 2333 585 2394 edere
604 2333 774 2410 gallinacei,
800 2351 869 2393 uvas
891 2352 949 2395 non
971 2338 1053 2396 attin·

1 2425 131 2492 tegunt.

3 2569 4 2575 ἵ
113 2498 176 2584 (8.)
211 2499 361 2559 Sarmenta
379 2517 475 2560 earum
495 2501 525 2558 in
543 2500 646 2577 quihus
664 2501 737 2560 acini
753 2500 836 2560 fuere
853 2499 1048 2576 adstringendi
1062 2497 1103 2570 13'

1 2622 6 2677 p
54 2585 109 2642 mm
125 2583 253 2659 habent,
274 2584 439 2644 ellicaciora
458 2602 497 2642 ex
514 2583 589 2644 ollis.

2 2680 7 2750 p
114 2667 178 2746 (9.)
213 2664 317 2727 Nuclei
335 2669 482 2726 acinorum
494 2667 618 2746 eandem
633 2668 690 2726 vim
706 2667 847 2743 optinent.
877 2663 989 2727 hisunt
1004 2671 1050 2745 qui

2 2756 8 2830 l
52 2753 81 2810 in
95 2753 166 2810 vino
182 2752 271 2829 capiti
287 2751 419 2810 dolorem
436 2751 550 2811 iaciant.
581 2751 651 2810 tosti
668 2751 787 2826 tritique
802 2748 949 2808 stomacho
965 2751 1051 2812 utiles

2 2835 3 2874 ³
23 2842 125 2894 esunt.
145 2834 326 2912 inspergitur
336 2835 426 2894 farina
439 2850 540 2894 eorum
551 2834 689 2912 polentae
700 2833 786 2892 modo
794 2833 906 2909 potioni
916 2841 946 2892 et
958 2832 1052 2910 dysin·

2 2968 3 2988 ,
53 2919 154 2977 tericis
173 2926 205 2978 et
219 2917 358 2976 coeliacis
377 2925 406 2978 et
421 2917 565 2977 dissoluto
582 2915 738 2976 stomacho.
766 2914 889 2976 decocto
902 2918 988 2977 etiam
1002 2936 1052 2980 eo·

2 2989 3 3064 l
52 3019 113 3060 rum
128 3001 234 3062 lovere
250 3017 354 3078 psoras
370 3010 400 3060 ct
415 3001 555 3078 pruritum
570 3000 641 3059 utile
659 3007 712 3058 est.

115 3085 199 3165 (10.)
233 3083 355 3144 Vinacei
380 3101 434 3162 per
456 3085 602 3143 seminus
625 3083 711 3160 capiti
734 3089 782 3142 aut
800 3085 918 3142 vesicae
941 3094 1047 3144 nocent
1060 3096 1093 3150 14

54 3183 137 3244 qnam
156 3168 268 3244 nuclei,
294 3185 475 3227 mammarum
488 3166 701 3227 inflammationi
718 3166 804 3226 utiles
822 3185 884 3254 epm
901 3167 961 3226 sale
980 3170 1047 3228 triti.

24 3251 206 3311 suecoctnm
225 3269 326 3311 eornm
348 3260 468 3310 veteres
492 3250 685 3328 dysintericos
708 3259 738 3310 et
762 3250 908 3310 coeliacos
924 3253 1002 3310 iuvat
1019 3261 1049 3312 et

55 3337 174 3412 potione
194 3344 225 3395 et
238 3336 310 3394 iotu.

116 3419 199 3497 (11.)
230 3415 294 3478 Uva
311 3418 456 3496 theriace,
476 3418 512 3478 de
527 3435 582 3494 qua
597 3433 650 3476 suo
668 3416 735 3477 loco
749 3415 887 3494 diximus,
905 3424 1005 3475 contra
1015 3442 1044 3483 n,
1057 3441 1090 3478 nr

57 3503 233 3580 serpentium
249 3503 324 3562 ictus
340 3509 430 3562 estur.
458 3502 608 3582 pampinos
627 3517 742 3579 quoque
759 3503 822 3560 eius
837 3500 965 3560 edendos
980 3519 1046 3561 cen·
