2396 3922
193 235 251 296 120
521 244 827 296 c.nn1nrsucnnn1

188 402 407 462 concoctionem
429 401 514 476 iacit,
540 403 568 460 in
589 400 752 476 oxymelitis
772 398 881 475 cyathis
906 399 994 460 tribus
1015 397 1171 460 drachmae

188 485 316 564 pondere
333 493 362 543 ct
385 484 529 562 crapulam
545 484 673 561 discutit,
698 486 764 542 item
788 487 931 560 agaricum
948 492 1013 562 post
1029 483 1128 543 cibum
1147 483 1189 540 in-

188 587 260 648 aqua
289 567 379 626 calida
409 577 515 646 potum.
566 567 722 642 Paralysim
748 569 900 627 Vettonica
927 585 1033 627 sanare
1063 565 1173 638 dicitnr,

152 673 183 716 ss,
195 673 219 706 sc
230 653 296 712 item
312 650 401 714 iberis
420 660 450 709 ιι
464 651 567 710 dictum
584 660 637 710 ast.
674 651 773 710 eadem
793 660 821 710 et
841 651 1020 729 torpentibus
1037 648 1175 708 membris

186 736 316 814 prodest,
331 737 399 792 item
413 738 578 811 argemonia
594 737 688 795 omnia
701 751 776 812 quae
790 736 883 794 secari
899 735 1109 812 periclitantur
1122 731 1191 790 diss

188 819 331 880 cutiendo.

146 915 198 969 113
260 901 343 980 (70.)
365 900 522 962 domitialis
536 911 636 962 sanant
648 917 773 979 panaces
788 918 870 979 quam
881 900 1040 960 Heraclion
1053 899 1176 958 diximus

153 987 216 1027 ’Μ’
233 985 330 1045 radice
347 995 416 1064 pota
438 1003 500 1044 cum
517 985 640 1062 coagulo
659 985 738 1044 vituli
757 986 854 1043 marini
875 985 912 1042 ita
926 994 956 1041 ιι
979 985 1037 1042 sint
1057 983 1175 1062 panacis

186 1079 246 1130 tres
263 1077 370 1148 partas,
388 1069 523 1146 plantago
542 1078 626 1146 pota,
645 1070 799 1128 Vettonica
815 1069 842 1125 in
858 1067 1024 1141 oxymelitis
1040 1066 1174 1126 drachma

186 1153 234 1212 vel
252 1154 389 1229 agaricon
404 1151 498 1211 obolis
513 1152 618 1226 tribus,
639 1152 708 1210 iolia
724 1151 900 1230 quinquefoli
917 1169 955 1210 ex
972 1168 1060 1228 aqna.
1100 1157 1191 1209 saorla

188 1245 218 1296 et
232 1236 426 1310 archezostis,
448 1235 500 1294 sed
515 1253 588 1294 auno
605 1245 682 1312 pota.
712 1243 793 1294 sanat
808 1243 837 1294 et
851 1233 982 1294 baccaris
996 1235 1086 1293 radix
1102 1231 1176 1292 arida

187 1322 215 1378 in
242 1319 388 1398 pulverem
415 1321 536 1378 contrita
559 1319 669 1394 cyathis
696 1317 787 1377 tribus
815 1335 877 1376 cum
900 1317 1047 1378 coriandri
1068 1335 1129 1377 uuo
1151 1317 1177 1373 in

146 1413 279 1480 neuqua
297 1395 459 1477 calida‚let
475 1401 659 1462 centunculus
674 1402 738 1462 trita
753 1403 782 1461 in
797 1412 881 1460 aceto
902 1409 948 1461 aut
963 1400 1053 1460 melle
1079 1409 1131 1459 aut
1153 1400 1179 1456 in

188 1503 260 1564 aqua
277 1485 385 1560 calida,
409 1485 570 1546 verbenaca
594 1503 631 1545 ex
649 1485 716 1544 uino
732 1494 816 1564 pota,
839 1484 943 1562 hysopi
964 1484 1060 1544 bacae
1076 1493 1179 1543 ternae

188 1572 326 1630 contritae
346 1570 420 1627 etin
440 1587 512 1647 aqua
539 1577 625 1648 potae
653 1568 754 1628 diebus
775 1565 859 1644 XVl,
889 1568 1090 1645 peucedanum
1116 1577 1191 1630 cumi

188 1653 312 1729 coagulo
329 1651 408 1711 vituli
428 1655 525 1712 marini
542 1654 642 1729 aequis
662 1651 840 1729 portionibus
860 1660 970 1728 potum,
993 1647 1176 1728 quincunciali

188 1738 309 1797 contrita
332 1735 402 1795 iolla
422 1755 459 1795 ex
480 1737 546 1796 vino
573 1745 602 1796 at
626 1743 735 1813 sumpta
759 1735 860 1794 diebus
879 1731 977 1811 XXX,
1000 1735 1176 1795 Vettonicae

186 1820 277 1879 farina
292 1819 421 1898 pondere
435 1820 462 1879 X
478 1833 520 1880 111
536 1837 598 1879 cum
613 1821 688 1878 aceti
702 1817 828 1878 scillitici
844 1817 961 1893 cyatho,
978 1817 1076 1876 mellis
1089 1817 1175 1877 Attici

188 1905 287 1978 uncia,
316 1904 515 1962 scammoniam
544 1901 639 1962 obolis
665 1901 776 1962 duobus
797 1919 860 1962 cum
883 1902 1008 1961 castorei
1032 1900 1175 1962 drachmis

188 1995 329 2064 quattuor.
747 2029 750 2038 ,

146 2081 195 2133 115
255 2069 337 2146 (71.)
360 2069 462 2130 Febris
484 2059 603 2146 frigidas¹
625 2069 752 2129 leviores
772 2069 842 2128 iacit
856 2069 1003 2144 agaricum
1028 2077 1131 2146 potum
1150 2069 1174 2126 iu

188 2151 279 2212 calida
299 2170 381 2228 aqua,
397 2154 533 2212 tertianas
555 2153 680 2212 sideritis
695 2169 757 2212 cum
771 2152 850 2228 oleo,
865 2153 931 2211 item
947 2152 1082 2212 ladanum
1102 2149 1173 2230 quod

186 2235 214 2292 in
238 2236 385 2312 segetibus
405 2237 531 2296 nascitur
559 2246 741 2312 contunsum,
768 2235 905 2314 plantago
928 2253 966 2294 ex
986 2251 1062 2313 aqua
1087 2235 1171 2294 mulsa

187 2316 295 2378 duabus
311 2319 390 2378 horis
406 2328 469 2378 ante
485 2321 670 2378 accessiones
686 2329 755 2399 pota
777 2319 849 2378 binis
866 2319 1008 2378 drachmis
1024 2319 1074 2377 vel
1092 2335 1171 2378 sucus

187 2404 291 2462 radicis
305 2403 483 2462 madefactae
498 2403 545 2461 vel
567 2412 683 2478 tunsae,
705 2403 752 2462 vel
775 2404 838 2480 ipsa
863 2402 946 2462 radix
966 2403 1033 2462 trita
1060 2403 1191 2480 inaquam

186 2485 265 2545 ierro
282 2487 412 2546 calfacta.
441 2487 552 2565 quidam
568 2496 665 2546 ternas
682 2486 795 2546 radices
808 2486 836 2544 iu
849 2485 939 2545 tribus
955 2481 1070 2560 cyathis
1085 2501 1170 2564 aquae

146 2579 197 2633 116
208 2570 325 2630 dedere.
365 2571 463 2630 eadem
480 2571 507 2628 in
523 2571 665 2648 quartanis
687 2579 823 2647 quaterna
845 2569 986 2628 lecerunt.
1029 2569 1169 2646 Buglossc

188 2655 385 2730 inarescente,
414 2656 519 2732 siquis
542 2653 693 2735 medullam
715 2670 732 2712 e
755 2652 836 2712 caule
859 2654 962 2712 eximat
985 2651 1124 2730 dicatque
1140 2650 1168 2710 ad

188 2755 273 2812 quem
296 2737 471 2798 liberandum
492 2737 566 2796 labri
586 2737 615 2796 id
637 2735 724 2795 iaciat
745 2745 774 2796 et
793 2735 902 2812 adliget
923 2737 950 2794 ei
972 2745 1090 2815 septem
1109 2735 1168 2794 lolia

184 2829 253 2878 ante
270 2825 484 2896 accessionem,
499 2823 575 2880 aiunt
593 2819 666 2880 iebri
683 2819 814 2895 liberari,
836 2821 907 2880 item
918 2819 1095 2880 vettonicae
1114 2819 1191 2878 dra-n

189 2901 297 2960 chmam
311 2905 340 2960 in
355 2923 446 2981 aquae
455 2904 569 2964 ‘mulsae
581 2903 689 2977 cyathis
703 2902 794 2962 tribas
810 2901 857 2962 vel
872 2904 1032 2979 agaricum,
1045 2918 1168 2962 maxume

188 2984 217 3041 in
231 2984 275 3042 his
290 2983 419 3046 febribus
441 3005 594 3066 quaecum
614 2986 735 3045 horrore
752 2986 874 3046 veniant.
905 2987 1088 3064 quinquefoli
1109 2985 1168 3044 folia

189 3066 300 3146 quidam
315 3075 396 3126 terna
410 3071 540 3130 tertianis
554 3069 677 3142 dedere,
694 3077 833 3148 quaterna
848 3071 1012 3146 quartanis,
1029 3070 1114 3148 phura
1129 3085 1167 3127 ce·

187 3153 275 3224 teris,
296 3149 344 3208 alii
365 3152 493 3210 omnibus
514 3156 564 3212 tris
586 3151 691 3212 obolos
713 3169 775 3210 cum
797 3153 898 3230 pipere
920 3169 957 3210 ex
979 3171 1056 3230 aqua
1076 3152 1166 3212 mulsa.

147 3243 197 3296 117
209 3233 369 3292 verbenaca
387 3234 498 3310 quidem
518 3244 546 3295 et
561 3237 746 3294 iumentorum
762 3234 891 3295 febribus
910 3235 938 3293 in
951 3237 1019 3295 vino
1035 3236 1188 3309 modelena

189 3317 241 3376 sed
260 3318 288 3376 in
306 3315 432 3375 tertianis
453 3333 468 3374 a
486 3319 569 3377 tertio
585 3317 720 3394 geniculo
737 3319 843 3393 incisa,
859 3320 1005 3396 quamanis
1025 3337 1042 3378 a
1065 3327 1165 3399 quarto.

188 3397 292 3458 bibitur
309 3406 337 3456 et
352 3414 449 3454 semen
470 3397 600 3484 hyperici
622 3402 768 3480 utriusque
785 3403 813 3460 in
834 3403 979 3480 quartanis
1000 3411 1031 3461 et
1051 3401 1165 3462 horrori·

188 3479 255 3557 trus,
271 3481 440 3540 Vettonicae
461 3479 566 3557 farina,
590 3501 662 3561 quae
685 3485 777 3544 omnis
796 3485 934 3545 horrores
949 3495 1087 3564 coercet,
1108 3487 1164 3546 item
