2508 3924
332 249 412 297 nnu.
428 249 517 302 tarsu.
534 251 630 298 xxux.
646 249 672 302 3.
688 239 815 318 (11.12.)
998 239 1060 299 215

81 401 193 464 ovino.
232 401 357 464 scabiem
374 411 527 482 corporum
543 421 577 464 ae
591 406 726 482 pruritum
743 404 809 463 oleo
824 413 860 463 et
876 404 971 464 cedria
994 406 1063 465 mix-

83 490 120 546 tis
136 487 248 563 tollunt,
263 487 360 546 ulcera
377 487 595 565 quoqueumida
610 489 745 567 incapite
762 487 919 562 cyclamini)
932 487 1062 548 admixta.

84 570 121 630 ad
137 571 216 646 puris
233 578 262 628 et
277 572 421 645 sanguinis
437 573 654 630 exscreationes
672 588 756 630 ovom
778 570 892 630 crudum
908 589 969 628 cum
985 573 1063 649 porri

84 654 188 713 sectivi
203 670 273 712 suco
290 655 408 730 parique
422 671 553 713 mensura
574 654 667 713 mellis
683 653 786 714 Graeci
808 654 976 714 calefactum
996 654 1062 712 hau·

58 739 164 799 suitur.
190 736 289 795 dantur
305 746 334 794 et
348 737 531 797 tussientibus
544 746 626 796 cocta
643 746 671 796 et
686 739 748 796 trita
762 754 823 795 cum
837 737 923 795 melle
935 746 964 796 et
973 736 1064 796 'cruda

84 837 147 880 cum
163 836 250 896 passo
266 819 381 896 oleique
404 822 466 897 pari
486 820 581 880 modo.
619 820 798 879 infunduntur
820 829 849 878 et
862 820 1002 879 virilitatis
1022 822 1063 880 vi·

83 905 131 962 tiis
157 903 268 978 singula
293 919 356 961 cum
377 905 464 962 ternis
485 906 562 980 passi
586 904 696 978 cyathis
718 903 860 979 amylique
883 905 1026 963 semuncia
1048 922 1064 964 a

83 985 215 1058 balineis,
231 985 368 1045 adversus
384 987 458 1045 ictus
473 988 647 1063 serpentium
659 995 743 1045 cocta
755 989 876 1062 tritaque
890 986 1003 1045 adiecto
1015 1005 1063 1045 na·
1089 1059 1092 1066 Ι

83 1069 184 1128 sturtio
200 1069 360 1128 inlinuntur.
401 1067 473 1128 Cibo
492 1079 561 1147 quot
575 1070 665 1128 modis
686 1071 782 1128 iuvent
804 1079 899 1127 notum
924 1078 983 1145 est,
1002 1079 1106 1134 cumtss

48 1169 75 1214 ro
85 1161 257 1211 transmeent
272 1152 393 1211 faucium
409 1161 545 1212 tumorem
557 1153 737 1229 calfactuque
749 1152 842 1210 obiter
857 1152 982 1212 foveant.
1004 1153 1064 1211 nul·

84 1235 129 1294 lus
141 1243 184 1293 est
195 1234 267 1294 alius
284 1234 364 1294 cibus
374 1237 421 1312 qui
436 1237 463 1294 in
480 1236 656 1312 aegritudine
674 1236 731 1294 alat
745 1253 838 1312 neque
856 1245 956 1294 oneret
970 1236 1063 1295 simul·

83 1336 140 1396 que
156 1319 210 1375 vim
225 1326 309 1395 potus
331 1327 360 1376 et
375 1317 429 1377 cibi
445 1318 558 1378 habeat.
585 1320 793 1379 Maceratorum
813 1319 841 1377 iu
862 1328 944 1379 aceto
959 1319 1063 1379 molliri
1072 1329 1105 1383 49

83 1401 204 1460 diximus
228 1410 370 1478 putamen.
398 1401 502 1462 talibus
525 1419 587 1461 oum
607 1403 698 1462 farina
721 1403 749 1459 in
771 1419 874 1478 panem
896 1401 1020 1461 subactis
1033 1420 1062 1462 m,
1072 1422 1105 1456 aar

83 1483 206 1544 coeliaci
233 1493 408 1543 recreantur.
451 1485 562 1563 quidam
583 1487 621 1545 ita
643 1484 768 1544 resoluta
788 1485 814 1542 io
835 1486 937 1562 patinis
953 1494 1064 1543 torrere

51 1587 75 1626 rs
85 1567 180 1626 utilius
203 1575 313 1644 putant,
335 1584 391 1645 quo
413 1585 522 1643 genere
541 1586 597 1627 non
616 1568 698 1627 alvos
713 1577 818 1627 tantum
838 1567 933 1627 sedet
949 1585 1063 1626 meuses

81 1652 249 1710 feminarum
261 1651 372 1727 sistunt,
389 1660 435 1710 aut
453 1653 475 1710 si
490 1654 579 1710 maior
594 1653 630 1710 sit
646 1652 777 1728 impetus,
794 1651 880 1710 cruda
895 1669 958 1710 curn
973 1651 1062 1710 farina

82 1743 111 1793 et
125 1750 198 1810 aqua
214 1732 386 1809 hauriuntur,
405 1743 433 1793 et
448 1752 501 1812 per
518 1753 549 1794 se
567 1735 641 1794 lutea
663 1753 700 1793 ex
720 1733 763 1792 bis
784 1734 905 1793 decocta
926 1734 953 1792 iu
979 1743 1063 1792 aceto

82 1817 177 1877 donec
192 1815 389 1893 indurescant,
405 1819 563 1895 iterumque
579 1836 640 1876 cum
655 1818 721 1876 trito
738 1819 838 1894 pipere
852 1825 1014 1876 torreantur
1029 1815 1064 1876 ad

83 1899 259 1962 cohibendas
286 1900 377 1959 alvos.
413 1900 458 1959 Fit
485 1910 513 1959 et
535 1900 714 1975 dysintericis
739 1900 893 1958 remedium
916 1899 1060 1976 singulare
1071 1909 1104 1962 50

49 2001 74 2042 ro
84 2000 140 2043 ovo
157 1983 248 2041 elluso
264 1984 291 2040 iu
307 1983 395 2042 fictile
408 2000 513 2044 novom
528 1984 711 2062 eiusdemque
727 1984 773 2041 ovi
785 2001 927 2058 mensura,
943 1992 973 2041 ut
983 1983 1063 2059 paria

1 2137 2 2148 χ
83 2069 138 2126 siut
151 2066 256 2141 omnia,
272 2065 375 2141 melle,
398 2084 465 2125 mox
481 2075 579 2144 aceto,
600 2069 666 2126 item
678 2067 745 2126 oleo
762 2067 887 2126 confusis
903 2065 1063 2143 crebroque

1 2151 2 2230 ζ
82 2149 241 2228 permixtis.
274 2165 330 2226 quo
345 2148 449 2208 luerint
473 2168 506 2210 ea
523 2150 730 2210 excellentiora
745 2149 800 2208 boc
817 2150 996 2227 praesentius
1019 2167 1064 2208 re-

1 2267 2 2300 t
82 2231 204 2292 medium
220 2232 283 2290 erit.
324 2232 371 2290 alii
386 2232 485 2292 eadem
502 2251 634 2292 mensura
650 2250 703 2310 pro
720 2232 786 2290 oleo
803 2241 831 2290 et
847 2241 929 2292 aceto
941 2235 1064 2291 resinam

84 2315 208 2376 adiciunt
228 2314 378 2374 rubentem
400 2318 552 2393 vinumque
572 2325 601 2376 et
621 2317 678 2375 alio
698 2315 784 2374 modo
805 2324 979 2395 temperant,
1007 2315 1064 2374 olei

2 2441 3 2444 η
47 2408 190 2458 astantum
209 2415 340 2458 mensura
360 2400 422 2477 pari
442 2401 577 2476 pineique
599 2399 715 2458 corticis
742 2397 849 2458 duabus
874 2389 1064 2482 sexagesimis

83 2482 279 2558 denariorum,
294 2501 348 2540 una
375 2483 436 2540 eius
456 2483 532 2560 quod
554 2481 634 2540 rhum
655 2482 791 2556 diximus,
811 2481 905 2540 mellis
926 2481 1095 2539 oboliscum

2 2559 3 2576 ¹
83 2565 207 2644 quinque
225 2564 306 2624 simul
321 2565 465 2640 decoctis,
491 2567 528 2624 ita
546 2573 576 2623 ut
591 2565 670 2624 cibus
689 2573 756 2642 post
771 2574 901 2641 quattuor
915 2563 1001 2622 horas
1018 2581 1062 2620 su·

81 2657 182 2708 matur.
212 2648 378 2707 torminibus
394 2665 508 2726 quoque
522 2648 600 2707 multi
616 2647 763 2706 medentur
786 2665 840 2706 ova
858 2647 922 2705 bina
944 2665 1006 2704 cum
1026 2644 1063 2704 ali

74 2733 172 2808 'spicis
184 2739 316 2808 quattuor
327 2749 381 2790 una
392 2732 510 2790 terendo
522 2732 635 2809 vinique
649 2732 760 2790 hemina
773 2730 968 2790 calefaciendo
977 2736 1063 2806 atque

48 2839 74 2880 eo
84 2818 120 2874 ita
135 2815 272 2892 potando.
300 2814 347 2888 Et,
364 2832 399 2872 ne
416 2815 483 2892 quid
499 2815 572 2874 desit
586 2833 703 2874 ovorum
717 2815 843 2890 gratiae,
863 2811 1008 2872 candidum
1019 2828 1062 2874 ¹ex
1071 2822 1103 2874 51

81 2899 126 2958 his
143 2897 295 2956 admixtum
314 2897 386 2957 calci
407 2899 489 2956 vivae
509 2898 627 2974 glutinat
647 2898 711 2956 vitri
733 2897 899 2973 fragmenta.
928 2897 972 2954 vis
992 2911 1062 2955 vero

81 2990 158 3040 tanta
172 2989 257 3039 estut
269 2981 374 3056 lignum
389 2982 534 3058 perfusum
548 2999 605 3040 ovo
621 3000 678 3040 non
693 2980 790 3040 ardc'at
805 2998 839 3039 ac
854 2997 890 3038 ne
900 2979 989 3038 vestis
1002 2980 1062 3057 qui·

82 3064 146 3124 dem
162 3070 294 3122 contacta
309 3063 449 3122 aduratur.
477 3063 521 3122 De
532 3064 699 3140 gallinarum
714 3072 807 3123 autem
823 3065 886 3121 ovis
900 3071 1003 3121 tautum
1021 3062 1061 3120 lo·

83 3149 138 3207 cuti
155 3164 267 3219 sumus,
288 3163 350 3204 cum
366 3154 394 3205 et
408 3147 579 3223 reliquarum
594 3147 689 3208 alitum
705 3152 813 3206 restent
826 3163 945 3222 magnae
961 3145 1061 3204 utilita-

49 3240 136 3306 astes,
152 3231 226 3288 sicut
242 3229 300 3286 suis
316 3230 389 3288 locis
404 3229 540 3288 dicemus.

145 3311 229 3389 (12.)
252 3311 405 3372 Praeterea
420 3321 464 3372 est
475 3330 591 3372 ovorum
607 3331 697 3388 genus
710 3316 737 3371 iu
754 3330 857 3390 magna
871 3312 943 3371 fama
956 3310 1058 3371 Gallia·
1070 3321 1104 3374 52

80 3415 159 3472 rum,
187 3396 322 3454 omissum
342 3394 470 3455 Graecis.
500 3413 608 3472 angues
630 3397 767 3454 innumeri
788 3404 897 3455 aestate
919 3394 1062 3453 convoluti

80 3481 180 3542 salivis
195 3479 317 3538 saucium
333 3495 543 3558 corporumque
559 3481 666 3558 spumis
683 3480 781 3538 artifici
797 3479 940 3557 conplexu
954 3477 1062 3554 glome-
