2396 3900
306 218 386 267 aar.
402 219 493 267 mar.
509 219 608 266 xv111.
622 215 667 272 uo.
685 207 839 286 (ot—66.)
1003 207 1062 270 135

64 373 236 435 ostendentis
251 392 288 436 ac
302 375 359 454 piri
371 373 511 434 florentis.
540 374 596 434 erit
616 383 646 434 et
668 374 753 434 tertia
774 375 803 434 in
823 374 976 436 bulborum
999 384 1063 436 satu

64 458 174 534 scillae,
197 460 268 519 item
289 459 318 518 in
346 467 613 519 coronamentorum
634 460 772 536 narcissi,
795 477 917 538 namque
939 458 1063 520 ethaeo

64 552 98 602 ter
113 543 220 603 dorent
234 544 388 622 primoque
400 543 473 603 dore
486 543 605 622 primam
616 545 773 604 arationem
786 544 950 620 ostendunt,
966 544 1062 604 medio

65 626 219 702 mcnndam,
234 629 322 688 tertio
337 628 532 703 novissimam,
553 627 668 706 quando
682 629 757 686 inter
771 645 840 688 sese
855 627 911 688 alia
928 628 991 688 aliis
1011 644 1061 687 no·

50 720 99 774 sus
113 710 268 790 praebent.
297 728 334 771 ac
349 727 406 770 non
421 713 449 770 in
464 711 628 772 novissimm
644 720 766 772 cavetur
786 730 823 772 ne
844 711 919 773 fabis
939 711 1104 777 floren-24⁵

64 795 128 855 tibus
142 797 301 873 attingatur
316 794 436 871 hedera,
450 794 479 855 id
495 797 570 855 enim
585 797 701 856 noxium
717 805 747 856 et
763 795 881 857 exitiale
893 797 922 855 ei
935 806 981 857 est
992 805 1062 856 tem·

64 898 116 958 pas.
148 879 293 958 quaedam
309 895 381 939 vero
398 887 427 938 et
443 896 509 940 suas
525 876 635 940 habent
654 888 754 959 notas,
775 882 859 940 sicuti
880 879 962 940 licus.
998 898 1062 940 oum

64 964 123 1024 tolia
137 982 233 1042 pauca
249 963 279 1023 in
293 965 442 1024 cacumine
458 962 602 1024 acetabuli
617 964 704 1025 modo
725 965 902 1043 germinent,
922 974 989 1025 tunc
1004 983 1061 1025 ma·

64 1065 137 1108 mne
153 1047 296 1109 serendas
311 1047 393 1108 licus.

43 1157 59 1197 n
115 1133 199 1211 (66.)
228 1133 270 1212 [1]
299 1131 522 1211 Aequinoctium
545 1151 665 1192 vernum
690 1151 716 1193 a.
741 1131 769 1192 d.
792 1145 866 1192 vm.
904 1131 1105 1198 kalendas246

65 1217 145 1296 hpril.
162 1218 268 1295 peragi
286 1216 408 1277 videtur.
442 1216 532 1276 abeo
550 1217 587 1278 ad
601 1217 787 1296 vergiliamm
802 1225 934 1277 exortum
950 1219 1061 1278 matuti-

65 1319 119 1360 num
134 1299 258 1362 Caesari
276 1300 439 1379 significant
454 1300 599 1364 kalendae
614 1300 710 1380 April.
736 1313 786 1361 111.
803 1319 894 1364 nonas
914 1301 1009 1380 April.
1034 1303 1062 1361 in

66 1385 148 1446 dttica
158 1385 308 1463 vergiliae,
317 1385 436 1464 vesperi
448 1385 645 1461 occultantur,
659 1383 781 1446 eaedem
793 1386 933 1464 postridie
944 1388 973 1446 in
984 1383 1059 1446 lloe·

67 1471 123 1546 otia,
139 1467 262 1530 (laesari
273 1477 370 1531 autem
382 1477 412 1530 et
424 1467 580 1530 Chaldaeis
592 1469 687 1545 nonis,
703 1468 841 1548 Aegypto
855 1467 944 1530 Orion
956 1479 985 1530 et
998 1470 1061 1548 gla-

44 1553 118 1614 udics
134 1555 197 1613 eius
212 1553 354 1634 incipiunt
367 1553 518 1614 abscondi.
558 1551 677 1614 Caesari
694 1565 740 1613 VI.
762 1553 825 1614 idus
847 1553 991 1630 significat
1011 1556 1061 1614 im·

67 1637 115 1697 bris
129 1637 221 1698 librae
236 1655 372 1699 occasus.
417 1651 508 1699 11111.
532 1637 649 1699 kalend.
664 1636 754 1699 Maias
770 1636 909 1716 Aegypto
925 1637 1045 1698 suculae
1052 1644 1103 1702 247

67 1721 189 1782 occidunt
203 1724 334 1802 vesperi,
352 1723 431 1783 sidus
449 1722 607 1783 vehemens
621 1731 651 1782 et
668 1731 745 1782 terra
761 1723 889 1800 marique
907 1719 1060 1798 turbidum,

66 1819 124 1866 xvi.
139 1806 269 1884 Atticae,
281 1821 340 1868 xv.
363 1804 492 1882 Caesari,
507 1808 642 1866 continuo
655 1805 806 1884 quatriduo
819 1805 992 1884 significant,
1005 1805 1060 1864 hs·

68 1892 149 1966 syriae
158 1899 255 1953 auteur
264 1905 325 1952 ΧΗ.
336 1890 487 1952 kalendas.
502 1890 560 1951 hoc
569 1900 614 1951 est
624 1890 715 1967 volgo
727 1889 905 1969 appellatum
916 1889 995 1950 sidus
1009 1889 1060 1950 l'a·

44 1975 183 2053 erilicinm,
200 1978 337 2055 quoniam
352 1989 399 2036 xt.
417 1974 534 2036 kalend.
551 1973 641 2036 Maias
657 1973 737 2034 urbis
749 1973 860 2035 Romae
872 1974 987 2050 natalis,
1002 1992 1060 2053 quo

68 2058 119 2119 iere
133 2061 277 2120 serenitas
292 2060 434 2138 redditur,
453 2059 615 2120 claritatem
630 2058 828 2121 observationi
844 2058 933 2135 dedit,
950 2059 1060 2119 nimbo·

68 2161 118 2203 run
129 2154 298 2222 argumento
314 2144 424 2220 hyadas
435 2142 649 2223 appellantibus
662 2141 782 2204 Graecis
797 2161 848 2204 eas
859 2142 970 2220 stellas,
984 2143 1061 2222 quod

68 2245 161 2290 nomm
176 2230 269 2289 nostri
290 2246 307 2288 a
330 2228 515 2289 similitudino
533 2227 714 2306 cognominis
732 2227 838 2288 Graeci
854 2237 976 2308 propter
992 2245 1060 2288 sues

69 2311 206 2390 inpositum
225 2311 418 2389 arbitrantes,
440 2313 574 2391 inperitia
595 2310 786 2390 appellavere
813 2311 940 2372 suculas.
971 2309 1103 2376 (lae-248

44 2399 116 2455 asari
131 2407 159 2458 et
172 2410 247 2458 v111.
278 2395 419 2457 kalendas
438 2405 553 2456 notatur
573 2395 647 2456 dies.
675 2408 734 2456 vn.
758 2395 899 2456 kalendas
920 2394 1059 2474 Aegypto

70 2478 141 2542 hoedi
156 2482 336 2556 exoriuntur,
350 2494 396 2540 vt.
413 2479 554 2541 kalendas
567 2478 710 2540 Boeotiae
733 2489 762 2540 et
776 2479 892 2540 Atticae
912 2480 991 2538 oanis
1010 2496 1061 2538 ve-

70 2567 136 2642 speri
150 2565 329 2640 ocoultatur,
354 2564 470 2626 lidicula
484 2581 567 2624 mane
586 2565 686 2624 oritur.
705 2578 737 2623 v.
756 2563 897 2625 kalendas
917 2560 1061 2637 Assyriae

71 2645 235 2710 driontotus
252 2648 458 2725 absconditur,
478 2661 544 2709 1111
563 2656 657 2710 autem
674 2649 763 2708 canis
792 2660 838 2708 vt
859 2664 950 2707 nonas
970 2644 1061 2707 blaias

10 2759 12 2816 q
72 2728 174 2795 Gaesari
197 2733 318 2794 suculae
338 2733 475 2795 matutino
502 2735 670 2794 exoriuntur
692 2741 722 2792 et
765 2743 839 2792 vm.
856 2731 921 2791 idus
945 2729 1061 2810 capella

10 2827 12 2848 ³
46 2816 196 2895 oplarialis,
211 2817 351 2898 Aegypto
368 2827 464 2878 autem
478 2817 582 2878 eodem
595 2817 643 2878 die
660 2817 738 2878 oanis
753 2833 873 2894 vespam
866 2816 1059 2877 rooultatur

10 2903 12 2972 ζ
72 2900 196 2964 sicfere'
188 2923 216 2963 ru
232 2916 281 2963 vl.
310 2903 392 2979 idus,
417 2902 465 2981 qui
478 2911 528 2963 est
541 2902 728 2980 vergiliarum
744 2909 882 2977 exortus,
905 2901 1062 2961 decurrunt

10 3033 11 3054 ,
72 2983 158 3048 sidera.
182 2988 223 3068 [a]
251 2985 285 3047 ln
298 2986 356 3046 hoc
368 2986 508 3065 temporis
519 2986 672 3047 intervallo
684 2999 732 3046 xv
743 2984 846 3046 diebus
847 2985 958 3084 primis
970 2985 1045 3063 agri·
1034 2991 1103 3048 -asa

10 3135 11 3140 γ
73 3068 139 3130 otae
153 3071 299 3152 rapienda
306 3082 372 3136 sunt
386 3070 491 3150 quihus
506 3071 682 3150 peragendis
698 3078 764 3131 ante
778 3071 991 3149 aequinoctium
1003 3086 1061 3129 non

10 3159 12 3220 l
72 3153 216 3234 suffecerit,
233 3157 300 3218 dum
316 3156 390 3218 sciat
401 3155 470 3216 inde
485 3164 580 3216 natam
595 3153 849 3233 exprobrationem
872 3151 988 3213 foedam
1007 3170 1059 3231 pu·

10 3241 169 3301 atentiam
184 3241 251 3303 vitis
266 3259 321 3319 per
333 3241 521 3301 imitationem
544 3248 644 3300 cantus
664 3238 739 3299 alitis
760 3237 954 3317 temporariae
976 3253 1061 3334 quam

10 3395 12 3402 y
73 3325 184 3386 cuculum
198 3333 315 3386 vocant.
346 3323 476 3385 dedecus
492 3324 567 3384 enim
583 3321 963 3401 habeturopprohriumque
974 3320 1059 3379 meri·

72 3407 227 3471 tunfaloem
242 3407 280 3470 ab
296 3409 346 3469 illa
363 3409 486 3469 volucre
504 3409 533 3468 in
548 3407 608 3467 vite
624 3405 816 3485 deprehendi,
833 3413 864 3464 nt
880 3403 917 3464 ob
934 3402 963 3463 id
978 3411 1059 3482 petu-

72 3485 159 3554 lantiae
173 3494 252 3557 sales
268 3494 355 3554 etiam
371 3492 544 3571 comprimo
559 3509 631 3551 vere
649 3490 793 3552 ludantur.
816 3488 947 3568 auspicio
964 3497 1061 3549 tamen
