2406 3914
267 223 348 270 uss.
366 221 457 269 nuso.
474 223 559 268 xxm.
576 219 695 273 ar-au.
714 209 866 286 (ao-33.)
996 209 1057 298 239

62 379 134 438 stium
144 376 421 436 inflammationibus.
438 376 553 436 decocti
566 377 593 434 in
606 377 691 436 iaece
704 376 762 435 vini
775 376 924 436 oculorum
937 376 1058 456 epipho·
1067 385 1102 440 69

4 489 8 584 p
61 463 93 520 ris
108 463 258 540 supposito
280 460 401 520 linteolo
424 459 585 520 medentur.
619 461 682 520 iere
704 461 733 518 in
752 475 934 538 quocumque
953 460 1057 520 morbo

4 585 7 634 Ι
60 547 139 621 magis
154 545 284 604 decoctis
300 553 431 618 utuntur,
449 546 516 604 item
533 543 568 604 ad
584 544 715 603 tibiarum
732 552 824 604 taetra
840 543 941 604 ulcera
957 546 1057 604 rimas·

4 635 6 712 ξ
61 647 109 706 que-
128 645 283 706 corporum
302 646 482 708 quacumque
498 629 526 687 in
547 637 630 705 parte
651 629 743 686 farina
766 627 970 688 arefactorum.
1008 646 1056 687 au·

45 723 143 772 amnuo
155 722 249 774 autem
262 713 451 790 colliguntur,
464 731 528 771 cum
541 712 701 789 plurumum
712 711 818 771 valent.
842 729 928 771 sucus
941 730 1057 790 quoque

61 815 90 856 ex
101 799 188 856 tunsis
204 815 364 875 expressus
379 806 427 857 aut
442 797 574 856 decoctis
588 797 665 855 utilis
681 796 711 854 iit
728 791 862 873 corporis
877 796 973 856 dolori
993 814 1058 855 cum

4 891 6 932 t
59 881 146 956 nelle,
164 881 241 940 idem
256 880 377 940 odorem
392 882 525 959 corporis
539 879 691 939 iucundum
704 878 926 956 adfectantibus,
943 899 1006 940 cum
1023 880 1057 938 iri

59 965 124 1024 arida
136 973 165 1023 et
182 964 253 1024 salis
273 966 390 1041 exiguo.
418 964 489 1024 lolia
509 973 539 1024 et
556 981 645 1041 supra
664 963 748 1044 dictis
768 963 919 1024 medentur
937 973 966 1024 ct
982 971 1101 1027 stru-70
1179 1009 1182 1014 ·

4 1101 7 1200 t
35 1048 392 1210 ..hatlltlllllt
401 1048 1057 1212 silitlll⁰3hiltl3hott?..2³th

4 1205 7 1278 l
56 1217 155 1276 inoleo
170 1234 276 1292 sucus,
295 1219 451 1295 perniones
468 1225 497 1275 ct
517 1216 658 1276 ambusta.
687 1224 717 1274 et
730 1216 865 1292 gravitati
885 1215 995 1274 aurium
1015 1216 1056 1273 in-

56 1299 181 1374 funditur,
205 1318 222 1360 a
244 1303 387 1360 contraria
408 1318 478 1360 aure
494 1301 522 1360 in
537 1301 641 1360 dolore
657 1299 792 1360 dentium.
822 1298 943 1375 prodest
957 1307 986 1358 et
1000 1300 1056 1357 uri·

55 1400 100 1442 nae
113 1393 180 1460 pota
195 1384 310 1444 modice
328 1384 410 1444 radix
426 1394 456 1444 et
470 1385 625 1444 menstruis
644 1391 674 1442 et
692 1382 792 1442 lateris
808 1382 970 1457 doloribus,
989 1384 1058 1442 item

55 1468 150 1544 mptis,
175 1467 345 1544 convolsis,
364 1469 508 1548 tussibus,
529 1467 683 1528 drachmae
699 1467 829 1544 pondere
849 1468 877 1526 in
893 1467 960 1526 vino
976 1475 1055 1544 pota.

32 1551 144 1611 racadenn
168 1561 198 1610 et
213 1553 386 1612 vomitiones
401 1553 519 1612 adiurat·
539 1551 773 1612 conmanducata.
807 1552 916 1610 semine
940 1559 1055 1627 sumpto

55 1633 170 1694 turbatur
184 1643 298 1694 venter.
330 1634 522 1712 Chrysermus
535 1644 564 1694 et
580 1635 728 1713 parotidas
745 1635 773 1694 in
788 1635 854 1696 vino
873 1635 997 1694 decocta
1012 1641 1097 1695 rati

55 1717 109 1776 dice
124 1721 253 1795 curarit,
276 1721 344 1778 item
360 1729 482 1780 strumas
507 1720 632 1780 admixta
650 1719 758 1793 cachry
780 1736 817 1777 ex
833 1719 909 1778 vino.
941 1718 1055 1796 quidam

55 1801 135 1878 aiunt,
156 1804 183 1861 si
198 1805 324 1882 inposita
339 1803 439 1863 radice
455 1822 523 1882 pars
538 1804 601 1863 eius
619 1804 648 1863 in
663 1804 741 1863 furno
756 1801 950 1879 suspendatur
972 1819 1056 1880 quar·

54 1893 130 1963 toque
150 1886 198 1946 die
220 1887 365 1964 solvatur,
387 1906 441 1949 una
464 1907 527 1948 cum
546 1887 645 1947 radice
667 1903 805 1947 arescere
826 1895 972 1961 strumam.
1001 1886 1055 1944 So·

30 1969 165 2046 arphoclcs
180 1971 217 2032 ad
234 1971 380 2048 podagras
395 1981 519 2049 utroque
533 1971 637 2047 modo,
654 1979 739 2032 cocta
752 1970 899 2048 crudaque
914 1988 983 2028 usus
1000 1978 1054 2028 est.

55 2052 83 2111 ad
93 2056 248 2130 perniones
263 2054 416 2115 decoctam
427 2073 464 2114 ex
479 2056 547 2117 oleo
560 2055 639 2116 dedit
662 2063 692 2114 et
709 2053 837 2114 subfusis
856 2053 927 2114 ielle
946 2054 975 2113 in
988 2053 1055 2112 vino

56 2145 79 2194 et
91 2137 267 2216 hydropicis.
301 2156 439 2199 venerem
455 2157 572 2218 quoque
593 2139 731 2200 concitari
751 2156 815 2199 curn
830 2139 896 2197 vino
915 2147 944 2196 et
967 2137 1055 2197 melle

57 2223 190 2297 perunctis
205 2232 255 2281 aut
269 2221 435 2283 bibentibus
449 2222 615 2284 tradidere.
649 2221 835 2282 Xenocrates
862 2231 891 2280 et
913 2221 1099 2297 lichenas,72

56 2321 162 2382 psoras,
186 2305 301 2383 lepras,
324 2307 422 2367 radice
444 2309 473 2366 in
493 2316 579 2367 aceto
602 2307 725 2366 decocta
746 2305 811 2366 tolli
835 2305 922 2381 dicit,
946 2307 1014 2364 item
1031 2308 1055 2364 si

29 2398 127 2449 acocta
147 2391 185 2450 sit
202 2409 267 2450 curn
283 2390 462 2466 hyoscyamo
480 2401 510 2450 et
530 2393 594 2468 pice
617 2391 742 2469 liquida,
761 2389 870 2452 alarum
891 2407 1008 2467 quoque
1026 2399 1055 2448 et

54 2471 176 2532 feminum
192 2474 277 2546 vitia,
294 2483 322 2532 ct
338 2475 473 2552 capillum
490 2475 661 2552 crispiorem
676 2473 754 2548 lieri,
771 2489 838 2532 raso
855 2475 933 2550 prius
947 2474 1054 2550 capite,

54 2557 180 2618 siradice
198 2575 234 2618 ea
250 2557 387 2633 fricetur,
408 2559 503 2618 Simus
522 2557 635 2637 lapides
657 2558 768 2617 renium
789 2557 818 2614 in
839 2557 905 2616 vino
930 2556 1054 2615 decocta

54 2650 170 2720 potaque
191 2642 288 2701 eximi.
335 2641 528 2720 Hippocrates
555 2643 665 2702 semine
687 2641 724 2702 ad
742 2641 865 2717 impetus
887 2639 972 2700 lienis
993 2638 1055 2698 dari

54 2735 154 2784 censet.
189 2727 379 2785 iumentorum
403 2743 520 2804 quoque
541 2727 640 2787 ulcera
662 2743 697 2786 ac
717 2723 848 2784 scabiem
874 2722 956 2782 radix
974 2722 1054 2782 inlita

29 2818 93 2868 aaut
109 2809 252 2870 decoctae
266 2827 353 2868 sucus
370 2809 406 2870 ad
421 2811 510 2888 pilum
524 2811 649 2871 reducit.
679 2826 775 2869 mures
789 2806 891 2866 eadem
908 2805 1053 2883 fugantur,

55 2909 168 2952 caverna
183 2893 340 2971 praeclusa
354 2896 521 2955 moriuntur.

107 2978 189 3056 (33.)
213 2976 407 3055 Asphodelon
425 2978 461 3038 ab
474 2977 604 3038 Hesiodo
627 2976 741 3055 quidam
762 2976 889 3038 halimon
911 2975 1056 3054 appellari
1064 2981 1098 3036 73
1149 3023 1153 3028 .

55 3063 266 3137 existimavere,
295 3062 498 3140 quodfalsum
520 3062 654 3122 arbitror.
699 3071 744 3120 est
765 3061 840 3120 enim
862 3077 915 3120 suo
938 3061 1053 3120 nomine

55 3141 183 3222 halimon,
200 3162 260 3204 non
275 3147 357 3224 parvi
373 3154 401 3205 et
415 3147 509 3224 ipsum
524 3146 632 3206 erroris
647 3147 722 3206 inter
735 3154 882 3210 auctores.
914 3144 963 3204 alii
978 3144 1053 3202 enirn

30 3229 174 3290 airuticem
197 3247 266 3289 esse
288 3230 387 3289 dicunt
407 3229 542 3305 densum,
569 3229 735 3305 candidum,
766 3231 829 3288 sine
852 3231 950 3306 spina,
974 3226 1053 3287 loliis

56 3313 146 3390 oleae,
167 3314 222 3374 sed
241 3312 440 3389 mollioribus,
464 3315 549 3392 coqui
569 3315 643 3374 haec
667 3312 797 3373 ciborum
816 3313 918 3388 gratia.
954 3310 1054 3370 radice

56 3399 162 3458 tormina
181 3397 286 3458 discuti
304 3397 458 3458 drachmae
481 3398 614 3476 pondere
629 3398 658 3456 in
679 3415 753 3476 aqua
771 3396 856 3455 mulss
923 3403 928 3408 ·
984 3396 1054 3453 item

56 3490 136 3560 mpla,
149 3481 301 3542 convolsa.
319 3480 367 3541 alii
379 3481 444 3542 olus
455 3482 623 3542 maritimum
635 3499 706 3544 esse.
713 3482 800 3542 dixer
1062 3486 1098 3542 ⁷4
