2430 3896
151 219 197 284 18t
498 231 804 305 enumeremus

109 405 159 449 ese
171 395 232 463 est,
255 404 367 466 eosque
382 388 411 448 in
424 403 525 448 umore
537 386 668 446 utiliores
685 403 763 446 esse.
798 394 827 445 et
843 385 919 464 apud
935 401 989 446 nos
1004 385 1068 445 iere
1087 384 1150 464 pal·

38 491 42 498 ·
149 473 202 530 mis
218 488 234 531 a
248 489 345 532 messe
361 471 566 550 decerpuntur.
595 489 633 531 ex
643 471 687 530 his
698 469 820 530 meliora
834 486 909 547 quae
924 487 992 528 sese
1005 487 1064 528 non
1077 467 1149 530 divi·

149 556 247 614 serint.
291 557 437 615 siccantur
462 553 515 614 sub
538 563 616 614 tecto
638 553 783 632 quaternis
806 551 925 628 diebus,
947 569 1016 614 mox
1034 553 1062 612 in
1082 551 1149 614 sole

150 638 349 718 expanduntur
366 648 395 698 et
411 637 544 698 noctibus
565 638 684 714 relicta,
707 637 802 698 donec
824 637 949 698 ca'udore
972 637 1150 712 inarescant,

148 732 252 802 postea
267 723 296 782 in
312 739 404 800 opera
419 722 570 784 finduntur.
1160 741 1174 780 ⁵

106 813 141 865 90
212 804 295 884 (38.)
324 805 472 866 Latissirna
486 805 554 882 fico,
569 806 631 880 viti,
654 802 782 882 platano,
800 813 921 884 angusta
935 813 1039 880 myrto,
1064 805 1148 882 puni-

149 907 214 964 cae,
231 888 327 964 oleae,
344 889 479 967 capillata
491 889 570 968 pino,
589 889 689 964 cedro,
705 888 838 950 aurulenta
855 889 994 967 aquifolio
1006 897 1035 948 et
1050 887 1150 948 ilicum

148 973 265 1050 generi,
282 991 401 1032 —nam
416 973 544 1053 iunipiris
559 974 641 1051 spina
663 989 715 1050 pro
735 971 806 1031 lolio
825 981 887 1047 est,
902 1007 943 1018 —-
960 989 1081 1033 carnosa
1097 990 1148 1031 cu·

147 1073 270 1136 presso,
286 1057 430 1132 tamarici,
456 1057 636 1118 crassissima
653 1055 736 1132 alno,
759 1056 846 1132 longa
863 1056 1028 1132 harundini,
1051 1055 1148 1130 salici,

148 1139 261 1219 palmae
278 1151 306 1200 et
321 1140 457 1220 duplicia,
480 1141 617 1200 circinata
631 1141 706 1218 piro,
722 1149 889 1201 mucronata
903 1139 989 1216 malo,
1006 1139 1186 1218 angulosum

147 1223 287 1300 hederae,
301 1225 391 1285 divisa
409 1225 535 1302 platano,
544 1226 654 1284 insecta
665 1225 811 1304 pectinum
821 1224 907 1284 modo
919 1225 1033 1303 piceae,
1047 1223 1148 1298 ahieti,

105 1317 137 1368 91
147 1310 264 1368 sinuosa
280 1317 341 1369 toto
353 1307 459 1368 ambitu
471 1308 581 1384 robori,
598 1309 715 1387 spinosa
732 1317 796 1368 onte
811 1307 893 1368 rubo.
919 1308 1066 1369 mordacia
1080 1315 1150 1366 sunt

148 1390 328 1470 quibusdam,
344 1402 374 1451 ut
390 1393 499 1469 urticis,
517 1393 673 1472 pungentia
689 1393 768 1472 pino,
793 1393 907 1470 piceae,
930 1391 1028 1472 abieti,
1051 1390 1148 1465 larici,

149 1476 254 1552 cedro,
277 1475 434 1554 aquiioliis.
471 1477 606 1556 pediculo
622 1475 706 1535 brevi
723 1475 808 1536 oleae
826 1484 855 1535 et
876 1476 951 1552 ilici,
975 1475 1064 1552 longe
1082 1474 1148 1534 viti·

147 1559 212 1635 hus,
225 1560 348 1621 tremulo
365 1561 492 1640 populis,
509 1571 537 1621 et
553 1559 654 1620 iisdem
668 1558 740 1620 solis
754 1561 829 1619 inter
840 1577 872 1618 se
885 1560 1062 1637 crepitantia.
1089 1559 1148 1619 iam
1159 1573 1186 1614 ιι

148 1651 177 1702 et
194 1645 222 1702 in
237 1662 325 1722 pomo
348 1646 413 1722 ipso
436 1645 503 1705 mali
524 1643 646 1723 quodam
665 1645 693 1703 in
714 1661 823 1720 genere
845 1661 933 1722 parva
954 1643 1055 1703 mediis
1075 1643 1147 1702 emi·

148 1736 213 1787 cant
229 1726 315 1804 iolia,
338 1729 500 1788 interimet
523 1730 646 1806 gemina.
675 1737 829 1806 praeterea
853 1727 918 1788 aliis
940 1729 1017 1787 eirca
1036 1743 1146 1802 ramos,

105 1810 211 1870 {italiis
226 1821 254 1871 et
268 1812 296 1870 in
312 1813 458 1872 cacumine
475 1829 633 1891 ramorum,
649 1809 749 1871 robori
764 1821 792 1872 et
807 1813 835 1870 in
850 1810 969 1871 caudice
984 1811 1058 1888 ipso.
1089 1811 1149 1868 iam

147 1893 237 1954 densa
253 1913 288 1954 ao
302 1913 367 1955 rara
382 1913 556 1973 semperque
569 1894 627 1955 lata
641 1896 762 1955 rariora.
795 1895 934 1974 disposita
947 1902 1058 1969 myrto,
1076 1910 1147 1954 eon·

148 1994 220 2037 oana
234 1978 322 2054 huno,
340 1979 499 2038 inordinata
515 1981 618 2058 pomis,
643 1978 725 2058 plura
741 1979 844 2039 eodem
859 1978 994 2058 pediculo
1011 1978 1185 2038 exeuntiaae

146 2061 228 2121 malis
244 2062 391 2140 pirisque,
410 2063 554 2122 ramulosa
570 2061 646 2123 ulmo
663 2072 691 2122 et
707 2065 811 2138 cytiso.
853 2061 955 2141 quihus
969 2063 1056 2122 adicit
1072 2059 1148 2122 Cato

150 2144 272 2208 decidua
287 2148 423 2226 apopulc
434 2165 610 2226 quernaque,
626 2145 794 2207 animalibus
806 2145 907 2207 iubens
920 2145 982 2206 dari
994 2163 1148 2225 nonpera·

146 2229 219 2305 rida,
235 2227 328 2289 bubus
343 2231 458 2309 quidem
471 2241 500 2291 et
512 2230 635 2291 liculnea
647 2231 794 2310 ilignaque
807 2241 835 2292 et
846 2231 1022 2291 hederacea.
1037 2231 1149 2291 dantur

147 2321 176 2372 et
194 2331 231 2373 ex
245 2313 404 2374 harundine
420 2333 453 2374 ae
474 2316 566 2375 lauro.
601 2315 735 2375 decidunt
753 2315 842 2376 sorho
863 2316 1013 2390 universa,
1037 2314 1147 2374 ceteris

147 2397 292 2475 paulatim.
322 2397 359 2458 Et
376 2401 412 2460 de
429 2400 671 2459 icliishactenus.
1157 2413 1183 2453 25

104 2488 138 2541 93
209 2481 258 2542 25.
283 2481 367 2562 (39.)
400 2481 478 2544 Ordo
494 2492 843 2543 autemnaturaeaunuus
858 2483 898 2542 ita
913 2480 1066 2543 sehabet:
1088 2481 1147 2560 pri-

147 2583 208 2624 mus
230 2575 274 2626 est
298 2576 457 2644 conceptus
480 2566 550 2627 llare
573 2567 730 2644 incipiente
753 2575 839 2627 vento
863 2565 996 2645 favonio,
1020 2583 1059 2624 ex
1074 2583 1099 2624 a.
1116 2565 1146 2624 d.

147 2649 210 2709 iere
231 2664 277 2710 vt.
293 2651 356 2710 idus
372 2649 522 2711 Februari.
555 2649 612 2710 hec
633 2653 798 2711 maritantur
816 2650 997 2711 vivescentia
1017 2667 1033 2708 e
1055 2657 1147 2725 terra,

104 2735 274 2811 e‚1eeqnippe
290 2751 353 2794 cnm
368 2737 453 2794 etiam
475 2751 568 2812 equae
591 2735 619 2792 in
638 2733 791 2812 Hispania,
814 2742 845 2793 ut
864 2734 994 2795 diximus.
1030 2731 1079 2793 hic
1101 2741 1149 2792 eet

146 2817 281 2894 genitalis
296 2819 413 2897 spiritus
430 2818 525 2878 mundi
540 2836 556 2878 a
569 2817 696 2878 fovendo
712 2818 817 2894 dictus,
833 2827 863 2877 ut
876 2816 989 2896 quidam
1000 2817 1146 2876 existima·
1157 2827 1182 2870 ao

106 2911 228 2965 9tvere.
258 2899 308 2960 ilat
322 2901 357 2961 alt
374 2919 480 2964 occasu
497 2903 702 2980 aequinoctiali
717 2919 769 2961 ver
784 2901 933 2962 inchoans.
968 2901 1148 2961 catlitionem

146 2985 246 3044 rustici
260 2995 382 3063 vocant,
405 2988 549 3064 gestiente
568 2995 667 3046 natura
689 2987 797 3046 semina
816 2985 954 3064 accipere
975 3001 1069 3062 eaque
1087 2984 1146 3042 ani·

146 3086 219 3128 mam
233 3068 376 3130 inserente
391 3071 521 3130 omnibus
537 3071 616 3130 satis.
648 3072 813 3151 concipiunt
827 3070 915 3130 variis
928 3068 1032 3128 diebus
1047 3077 1076 3128 et
1090 3085 1146 3146 pro

146 3171 198 3212 sna
214 3170 346 3231 quaeque
369 3164 485 3229 natura,
509 3154 566 3213 alia
583 3155 728 3232 protinus,
751 3163 781 3214 ut
797 3152 944 3227 animalia,
967 3151 1076 3212 tardius
1094 3151 1157 3210 ali·r

147 3255 203 3315 qua
218 3246 247 3296 et
260 3237 364 3298 diutius
384 3237 504 3315 gravida
523 3247 621 3317 partus
641 3247 762 3316 gerunt,
784 3237 862 3315 qnod
885 3236 1057 3313 germinatio
1076 3234 1183 3294 ideot⁵

145 3331 275 3381 vocatur.
297 3323 409 3400 pariunt
425 3339 507 3400 vero,
520 3340 583 3382 cum
599 3321 714 3397 dorent,
730 3321 843 3400 flosque
857 3320 907 3380 ille
923 3319 1016 3398 ruptis
1033 3327 1146 3378 constat

145 3404 291 3482 utriculis,
310 3405 442 3466 educatio
460 3407 488 3466 in
505 3422 591 3485 pomo
607 3416 661 3466 est.
691 3406 748 3467 hoc
762 3414 791 3464 et
811 3404 981 3482 germinatio
999 3401 1083 3463 labor
1100 3420 1145 3462 ar-

146 3487 257 3547 borum.
