2396 3922
291 275 371 322 usu.
386 273 477 324 cusu.
494 275 616 324 xxv1u.
633 271 718 326 2-4.
738 263 779 339 (5.
794 264 836 340 6.)
995 265 1052 336 llil

67 427 208 506 princeps
220 428 343 492 divitatis
355 445 413 487 nou
431 429 542 508 pridem
555 428 584 486 in
599 437 675 488 metu
690 429 876 507 lippitudinis,
890 430 1054 508 priusquam

66 513 130 588 lpse
152 527 215 569 eam
237 513 395 571 nominaret
416 513 527 574 aliusve
548 513 575 570 ei
596 513 794 591 praediceret,
825 512 933 572 duabus
952 513 1055 573 litteris

1 597 3 629 ³
66 594 187 654 Graecis
202 595 270 654 ΡΑ
282 595 407 654 chartam
419 596 585 675 inscriptam
596 594 819 672 circumligatam
831 596 889 656 lino
901 596 1054 657 subnecte·

1 679 2 684 ’
63 676 113 737 bat
128 677 218 751 collo,
237 677 385 737 Mucianus
399 687 443 738 ter
461 680 562 739 consul
581 678 683 738 eadem
697 678 899 740 observatione
911 683 1056 740 viventem

1 777 2 798 ³
42 778 193 822 umuscam
207 763 235 819 in
246 761 366 820 linteolo
378 761 456 838 albo,
473 761 518 822 luis
529 762 663 823 remediis
679 780 780 822 carere
794 764 875 842 ipsos
887 762 1055 840 lippitudine

0 855 1 858 ’
64 844 276 925 praedicantes.
310 843 438 906 Carmina
455 845 568 924 quidem
580 854 693 906 exstant
708 855 807 906 oontra
822 845 975 924 grandines
987 863 1055 905 con·

64 939 167 1006 traque
186 927 349 987 morborum
364 947 473 1005 genera
489 939 646 1006 contraque
663 929 800 1006 ambusta,
817 929 954 1007 quaedam
971 931 1056 990 etiam

65 1019 199 1090 experta,
216 1011 268 1070 sed
285 1011 433 1088 prodendo
450 1011 545 1095 obstat
561 1013 664 1088 ingens
679 1013 850 1074 verecundia
867 1015 894 1073 in
906 1023 982 1073 tanta
997 1012 1055 1074 aui-

0 1119 3 1130 *
64 1111 175 1153 morum
191 1095 339 1154 varietate.
370 1105 547 1174 quapropter
566 1095 601 1154 de
620 1097 655 1154 iis
678 1105 708 1156 ut
726 1098 826 1176 cuique
846 1097 954 1157 libitum
970 1098 1057 1157 luerit

33 1196 82 1242 mo
105 1180 211 1236 inetur.

85 1197 102 1258 p
125 1259 155 1321 3.
178 1261 241 1340 (6.)
261 1260 410 1321 Hominum
430 1262 622 1322 monstrificas
640 1270 755 1322 naturas
782 1272 811 1322 et
834 1263 981 1323 veneficos
1003 1263 1097 1328 adeo

64 1352 185 1424 spectus
203 1344 324 1404 diximus
338 1347 366 1405 in
382 1347 523 1424 portentis
538 1346 663 1422 gentium
680 1353 709 1404 et
723 1345 825 1405 multas
841 1346 998 1406 animalium
1010 1366 1096 1410 ussu-

1 1461 9 1472 =·
62 1427 271 1506 proprietates,
288 1446 361 1506 quae
376 1431 469 1508 repeti
486 1446 694 1506 supervacuum
715 1437 769 1488 est.
799 1429 981 1504 Quorundam
998 1430 1049 1490 bo·

1 1541 8 1557 =·
62 1513 168 1570 minum
182 1520 243 1583 tota
259 1528 382 1590 corpora
399 1521 529 1591 prosunt,
547 1521 576 1572 ut
590 1530 629 1570 ex
642 1512 686 1572 his
701 1512 814 1572 familiis
830 1531 902 1591 quae
919 1522 983 1572 sunt
997 1522 1053 1572 ter·

4 1615 8 1628 ·
32 1597 122 1661 urori
138 1595 321 1672 serpentibus
338 1603 415 1655 tactu
436 1597 502 1674 ipsc
519 1595 616 1654 levant
629 1612 788 1672 percussos
806 1605 925 1656 suctuve
941 1615 958 1655 e
974 1597 1054 1655 tumi-

2 1689 8 1717 <
62 1679 116 1754 do,
133 1694 286 1756 quorqme
305 1697 415 1754 genere
438 1688 503 1738 sunt
517 1678 607 1752 Psylli
629 1676 773 1756 Marsique
794 1688 824 1738 et
843 1680 891 1756 qui
907 1679 1053 1758 Ophioge-

61 1779 115 1820 nes
132 1770 274 1820 vocantur
291 1761 423 1821 ininsula
439 1761 512 1822 Paro
523 1807 532 1837 ,
543 1779 592 1836 ⁸ex
613 1779 667 1838 qua
682 1761 788 1822 iamilia
804 1762 918 1838 legatus
931 1762 1055 1838 Evagon

3 1859 9 1893 ³
61 1845 179 1903 nomine
200 1861 216 1904 a
234 1844 400 1903 consulibus
420 1845 530 1905 Romae
551 1847 580 1904 in
600 1845 705 1904 dolium
729 1848 904 1923 serpentium
925 1847 1053 1906 coiectas

6 1964 11 1977 .
63 1929 254 2004 experimenti
271 1946 355 1988 eausa
372 1928 668 1988 circummulcentibus
677 1928 782 2005 linguis
794 1931 958 1990 miraculum
972 1947 1052 2007 prae·

5 2029 10 2061 t
29 2011 134 2073 cubuit.
164 2013 276 2087 signum
292 2013 353 2071 eius
368 2012 492 2072 familiae
509 2022 568 2088 est,
593 2014 616 2071 si
636 2011 721 2072 modo
737 2011 828 2072 adbuc
842 2013 940 2089 durat,
954 2013 1050 2072 vernis
1061 2023 1093 2076 31

63 2094 242 2172 temporibus
264 2096 364 2154 odoris
381 2097 469 2155 virus.
498 2104 584 2174 atque
599 2113 699 2156 comm
721 2096 809 2156 sudor
824 2113 939 2174 quoque
956 2096 1051 2156 mede-

1 2191 7 2231 s
62 2177 162 2254 batur,
184 2195 242 2237 non
257 2179 342 2238 modo
361 2179 462 2238 saliva.
493 2197 558 2241 nem
577 2181 605 2238 in
629 2180 720 2240 insula
738 2179 796 2239 Nili
813 2179 930 2255 Tentyri
949 2189 1053 2255 gentes

0 2291 1 2312 r
62 2269 141 2320 tanto
158 2270 224 2320 suut
239 2262 395 2322 crocodilis
415 2264 520 2322 terrori
531 2271 561 2322 ut
572 2281 675 2324 vocem
689 2278 804 2341 quoque
819 2278 918 2322 coruum
932 2264 1051 2339 lugiunt.

5 2361 9 2396 1
62 2343 172 2406 Horum
200 2346 322 2404 omnium
349 2363 487 2421 generum
515 2347 544 2406 iu
570 2365 622 2406 sua
648 2349 835 2424 repugnantia
865 2348 1053 2405 interventum

1 2442 9 2482 e
30 2460 54 2498 25
64 2445 184 2508 quoque
202 2428 311 2487 mederi
327 2437 450 2504 constat,
466 2430 550 2488 sicuti
565 2429 715 2505 adgravari
735 2429 854 2488 volnera
869 2431 982 2488 introitu
999 2445 1048 2487 eo·

61 2531 124 2573 rum
135 2514 185 2591 qui
194 2527 324 2589 umquam
335 2511 440 2571 luerint
452 2513 623 2590 serpentium
637 2515 752 2572 canisve
764 2511 848 2573 dente
860 2511 942 2572 laesi.
960 2511 1048 2572 lidem
1060 2520 1094 2574 32

61 2595 235 2673 gallinarum
251 2593 408 2671 incubitus,
432 2612 570 2674 pecorum
591 2595 667 2654 letus
687 2594 789 2655 abortu
808 2593 915 2653 vitiant.
945 2603 1051 2654 tantum

62 2689 194 2740 remanet
213 2682 292 2740 virus
317 2696 355 2738 ax
379 2687 502 2757 accepto
524 2679 614 2738 semel
634 2679 709 2739 malo
732 2685 762 2736 ut
778 2677 901 2736 venefici
919 2677 986 2736 liant
1002 2689 1060 2736 ves

63 2778 136 2823 neue
156 2765 247 2842 passi.
276 2763 404 2822 remedio
427 2772 472 2823 est
487 2760 564 2821 ablui
585 2764 664 2839 prius
685 2778 782 2822 manus
803 2778 901 2829 eorum
922 2777 1053 2838 aquaque

2 2864 5 2888 ³
32 2846 114 2912 nilla
135 2862 189 2906 eos
211 2846 313 2924 quibus
336 2847 479 2905 medearis
499 2846 638 2923 inspergi.
667 2863 764 2904 rursus
786 2861 802 2902 a
825 2843 980 2920 scorpione
1001 2844 1050 2903 ali·

2 2949 5 2986 ,¹
64 2929 179 3008 quando
194 2931 328 3008 percussi
343 2947 494 3007 numquam
513 2939 615 3008 postea
632 2947 647 2988 a
662 2925 859 3003 crabronibus,
876 2928 975 3005 vespis
992 2929 1051 3004 api-

1 3033 4 3066 1
63 3012 156 3072 lausve
174 3013 323 3072 feriuntur.
356 3013 448 3072 illinus
463 3014 581 3072 miretur
594 3011 650 3072 boc
664 3011 711 3088 qui
726 3013 798 3071 sciat
811 3018 921 3070 vestem
935 3027 951 3070 a
963 3011 1048 3070 tineis
1058 3017 1093 3071 33

2 3139 3 3146 .
62 3113 121 3156 uon
136 3094 238 3173 attingi
256 3113 330 3174 qnae
352 3096 485 3156 fueritin
505 3096 625 3166 iuuere,
649 3097 793 3172 serpentis
815 3111 902 3170 aegre
923 3102 1050 3172 praeter·

1 3179 3 3232 i
65 3197 150 3258 quam
165 3179 250 3239 laeva
265 3198 346 3239 manu
369 3179 490 3238 extrahi.
518 3181 548 3238 4.
572 3196 588 3237 e
603 3177 782 3262 Pythagorae
797 3177 918 3237 inventis
934 3193 990 3234 non
1008 3184 1049 3234 te-

34 3281 147 3324 samere
170 3263 274 3322 fallere
292 3263 507 3341 inpositivorum
527 3262 668 3320 nominum
689 3262 815 3340 inparem
837 3260 979 3319 vocalium
1000 3275 1049 3317 nu·

63 3363 174 3407 merum
190 3344 359 3406 clauditates
380 3346 494 3408 oculive
511 3344 662 3406 orbitatem
675 3362 711 3404 ac
728 3345 827 3405 similis
843 3360 926 3404 casus
940 3341 1048 3400 dextris

64 3430 221 3507 adsignare
235 3429 374 3508 partibus,
388 3447 487 3507 parem
502 3427 604 3488 laevis.
630 3429 725 3488 lerunt
740 3427 865 3488 diliicilis
880 3433 978 3503 partus
992 3433 1048 3484 sta·

62 3516 114 3574 tim
128 3513 223 3588 solvi,
250 3531 312 3573 cum
331 3515 394 3590 quis
413 3521 518 3574 tectum
539 3511 568 3572 in
588 3528 644 3589 quo
672 3511 709 3572 sit
727 3510 844 3590 gravida
863 3507 1049 3570 transmiserit

91 3673 94 3677 y
112 3617 185 3659 rum.
202 3617 263 3658 nan.
280 3617 347 3656 msc.
362 3601 410 3656 lV.
847 3592 882 3654 11
