2508 3924
314 265 394 314 mar.
410 266 499 314 mrsu.
516 267 612 314 xxix.
631 267 656 318 1.
675 265 701 317 a.
717 263 756 330 (e.
772 259 813 325 9.)
990 253 1048 314 211

44 417 140 485 ¹baec
157 417 193 478 ad
208 419 382 495 singulorum
394 420 514 479 salutem
530 421 689 499 pertinent,
707 421 756 482 illa
769 430 861 482 antem
877 439 950 498 quae
964 422 1053 479 timuit

64 501 139 562 Cato
154 511 239 580 atque
254 503 389 580 providit,
405 505 600 564 innocentiora
612 505 698 565 multo
715 514 742 564 et
755 523 843 583 parva
856 505 1052 583 opinatuquae

1 633 5 644 .
63 603 208 664 proceres
221 588 289 646 artis
304 587 415 646 eiusde
430 596 521 647 semet
535 590 590 666 ipsi
604 588 755 664 fateantur,
770 587 987 665 itlaperdtdere
1003 589 1051 646 im·

62 671 252 746 perimeres,
267 671 315 730 illa
331 689 403 748 quae
415 673 476 730 sani
487 673 614 748 patimur,
630 672 760 750 luctatus,
776 681 920 730 ceromata
936 689 989 728 ceu
1003 689 1051 729 va·

41 753 195 812 slitudinis
214 771 299 812 causa
315 749 455 830 instituta,
468 754 601 814 balineae
618 756 750 814 ardentes
767 756 866 833 quibus
881 773 1052 831 persuasere

63 839 94 894 in
112 837 285 913 corporibus
301 837 382 895 cibos
402 840 486 915 coqui
502 847 531 896 ut
548 856 631 897 nemo
648 857 705 898 non
718 841 808 898 rninus
823 837 932 897 validus
949 839 1051 911 exiret,

61 919 314 982 oboedientissimi
328 938 399 979 vero
419 921 604 998 efferrentur,
630 934 716 1001 potus
729 922 830 982 deinde
846 923 1003 980 ieiunorum
1019 939 1053 979 ac

63 1005 238 1064 vomitiones
254 1013 283 1062 et
305 1022 401 1062 rursus
418 1007 635 1083 perpotationes
651 1024 685 1066 ac
703 1007 823 1084 pilorum
839 1006 958 1065 eviratio
975 1006 1052 1063 insti·

1 1132 2 1157 2
62 1098 124 1157 tuta
139 1088 242 1147 resinis
261 1105 368 1163 eorum,
384 1089 507 1165 itemque
523 1091 654 1166 pectines
666 1093 694 1149 in
706 1091 817 1149 feminis
834 1090 945 1167 quidem
961 1089 1052 1167 publi-

1 1233 2 1243 ,
30 1194 54 1234 ro
66 1173 134 1230 cati.
165 1175 200 1230 fta
216 1179 261 1230 est
277 1172 420 1249 profecto,
439 1171 502 1231 lues
520 1190 645 1250 morum,
666 1191 722 1232 nec
735 1174 847 1232 aliunde
861 1173 951 1231 maior
968 1182 1092 1249 quamdi

1 1248 2 1302 ἶ
67 1255 257 1331 emedicina,
278 1263 373 1314 vatem
396 1273 515 1332 prorsus
539 1257 644 1315 cotidie
659 1257 728 1315 facit
745 1257 882 1316 Catonem
903 1265 931 1314 et
952 1273 1051 1314 oracu-

1 1389 2 1392 ,
66 1339 142 1398 lum:
184 1340 276 1397 satis
306 1356 391 1396 esse
418 1341 568 1414 ingenia
596 1339 813 1399 Graecorum
840 1341 1080 1417 inspicere,·

1 1417 2 1502 l
63 1439 135 1480 non
163 1422 267 1500 perdi
277 1439 392 1480 scere.
427 1422 508 1480 Haec
529 1422 633 1482 fuerint
656 1423 775 1483 dicenda
803 1441 855 1502 pro
880 1432 979 1481 senatu
999 1422 1095 1486 illoae

1 1545 2 1548 =
63 1507 270 1582 sexcentisque
286 1505 385 1583 populi
398 1505 518 1564 Romani
534 1508 613 1564 annis
624 1507 760 1566 adversus
775 1516 863 1586 artem
875 1508 902 1564 in
915 1525 969 1584 qua
986 1522 1052 1564 con·

4 1620 8 1633 ·
30 1589 174 1652 reditione
190 1589 404 1648 insidiosissima
420 1591 617 1648 auctoritatem
633 1592 765 1668 pessimis
786 1590 853 1649 boni
875 1591 996 1662 faciunt,
1016 1591 1051 1648 si·

64 1673 122 1730 mul
146 1681 245 1731 contra
265 1674 398 1732 attonitas
421 1674 596 1752 quorundam
617 1675 819 1750 persuasiones
843 1675 888 1750 qui
912 1671 1053 1750 prodesse
1086 1671 1088 1676 ’

10 1801 13 1812 .
62 1757 118 1814 nisi
130 1758 259 1832 pretiosa
272 1774 327 1815 non
341 1765 447 1833 putant.
467 1775 561 1834 neque
574 1759 646 1816 enim
659 1757 844 1816 dubitaverim
860 1757 961 1833 aliquis
975 1756 1052 1815 fasti·

64 1840 112 1898 dio
132 1839 225 1898 futura
242 1857 314 1916 quae
331 1840 458 1898 dicentur
473 1841 617 1917 animalia,
639 1851 665 1899 at
680 1859 736 1899 non
750 1841 881 1918 Vergilio
898 1841 949 1898 fuit
964 1843 1052 1899 nomi-

64 1941 134 1982 nare
151 1922 287 1982 formicas
299 1923 376 1983 nulla
391 1925 566 1984 necessitate
579 1933 606 1982 et
618 1925 802 1984 curculiones
818 1943 851 1984 au
873 1924 1053 2000 lucifugis

28 2014 250 2082 2ucongesta
278 2006 415 2066 cubilia
440 2006 588 2083 blattis,
619 2026 676 2066 non
697 2008 822 2066 Homero
845 2010 919 2066 inter
943 2008 1052 2084 proelia

63 2091 183 2155 deornm
198 2089 398 2166 inprobitatem
413 2109 528 2150 muscae
544 2091 718 2168 describere,
733 2110 790 2150 non
801 2101 918 2150 naturae
931 2092 1052 2167 gignere

1 2179 6 2182 '
62 2178 131 2247 ista,
149 2191 210 2231 cum
229 2174 328 2248 gignat
349 2173 500 2232 hominem.
528 2174 652 2252 proinde
675 2193 775 2234 causas
794 2175 914 2253 quisque
938 2184 966 2233 et
984 2176 1052 2234 elfe-

64 2267 142 2331 ctus,
157 2275 212 2316 non
227 2275 275 2314 res
291 2259 428 2316 aestimet.

132 2340 191 2418 (9.)
215 2339 362 2399 Ordiemur
378 2351 471 2400 autem
487 2359 503 2399 a
519 2341 678 2416 confessis,
696 2341 751 2400 boc
768 2350 811 2399 est
829 2341 901 2400 lanis
918 2343 1048 2416 ovisque,
1061 2351 1094 2404 29

24 2447 53 2486 as
65 2425 162 2484 obiter
176 2432 203 2482 ut
217 2423 305 2482 rebus
322 2426 485 2500 praecipuis
497 2423 588 2482 honos
602 2425 629 2482 in
642 2427 739 2500 primis
752 2424 944 2502 perhibeatur,
966 2441 1052 2500 quae·

64 2509 131 2568 dam
148 2509 230 2566 etiam
248 2508 290 2565 sic
306 2507 406 2566 alienis
423 2507 513 2581 locis,
540 2516 634 2564 tamen
650 2507 743 2566 obiter
765 2507 820 2564 dici
842 2523 965 2564 necesse
988 2507 1050 2563 erit.

63 2609 121 2650 nec
136 2590 234 2669 deerat
249 2591 367 2648 materia
384 2608 517 2668 pompae,
535 2591 558 2648 si
574 2593 724 2666 quicquam
741 2589 815 2648 alind
832 2589 934 2647 intueri
948 2588 1053 2646 liberet

65 2693 151 2754 quam
167 2675 251 2732 frdem
268 2675 382 2751 operis,
401 2677 507 2752 qnippe
525 2675 599 2732 inter
617 2675 707 2751 prima
723 2673 842 2750 proditis
858 2673 942 2730 etiam
960 2689 997 2730 ex
1013 2673 1051 2730 ci·

63 2777 135 2818 nere
150 2757 301 2836 phoenicis
318 2757 442 2834 nidoque
459 2757 623 2832 medicinis,
647 2775 699 2815 ceu
722 2775 790 2815 vero
806 2756 834 2814 id
850 2764 959 2814 certum
975 2759 1053 2812 ess'et

25 2851 152 2919 soatque
169 2857 225 2899 non
241 2840 412 2900 fabulosum.
456 2840 578 2899 inridere
603 2849 646 2899 est
667 2843 741 2899 vitae
762 2842 816 2898 iarn
839 2838 965 2897 remedia
986 2845 1052 2914 post

63 2926 244 2985 millesimum
265 2942 365 2982 annum
387 2925 511 2984 reditura
534 2933 702 2983 monstrare.
745 2923 773 2982 2.
796 2923 879 2980 Lanis
901 2924 1095 2984 auctorita-30

63 3019 123 3068 tem
138 3008 384 3068 veteresRomani
401 3011 483 3067 etiam
494 3008 659 3084 religiosam
671 3006 797 3066 habuere
813 3008 903 3083 postis
919 3025 934 3065 a
947 3005 1051 3064 nuben-

64 3092 140 3152 tibus
156 3093 257 3167 attingi
278 3092 425 3168 iubentes,
446 3101 620 3170 praeterque
635 3091 747 3150 ,cultum
769 3098 798 3148 et
814 3089 929 3158 tutelam
953 3097 1052 3148 contra

64 3173 178 3253 frigora
196 3175 314 3234 sucidae
332 3176 459 3252 pluruma
475 3183 621 3252 praestant
643 3173 769 3233 remedia
791 3192 826 3232 ex
843 3173 910 3233 oleo
927 3174 1052 3248 vinoque

23 3273 55 3314 35
68 3269 115 3318 aut
132 3268 234 3335 aceto,
255 3268 342 3336 prout
357 3276 487 3335 quaeque
503 3258 622 3317 mulceri
638 3258 798 3316 morderive
816 3275 889 3334 opus
910 3257 944 3313 sit
960 3265 988 3313 et
1004 3255 1050 3313 ad·

66 3345 169 3420 stringi
183 3343 329 3416 laxariue,
352 3342 454 3400 luxatis
471 3341 604 3400 membris
622 3341 841 3418 dolentibusque
859 3342 955 3398 nervis
970 3341 1050 3414 inpo-

65 3430 138 3487 sitae
156 3435 186 3485 et
202 3425 306 3484 crebro
324 3425 468 3484 subfusae.
497 3425 609 3503 qnidam
626 3426 710 3484 etiam
726 3425 814 3483 salem
833 3423 988 3481 admiscent
1010 3422 1050 3480 lu-

63 3513 157 3586 xatis,
180 3511 228 3570 alii
252 3526 315 3567 cum
332 3507 395 3568 lana
410 3517 500 3569 rutam
515 3511 605 3568 tritam
621 3508 790 3588 adipemque
813 3509 963 3653 iqppnunt,
985 3507 1048 3564 item
