2406 3914
119 227 180 290 248
463 239 494 289 o.
509 239 607 288 surm
625 239 775 288 snoonnr

119 395 170 454 sub
193 393 241 454 diu
264 395 376 454 siccant
397 393 462 454 sole
488 393 624 473 lunaque.
659 394 734 455 haec
759 395 833 454 eninr
859 393 1017 454 candorem
1047 392 1132 469 iacit,

118 478 164 538 sol
179 478 287 554 siccat,
317 486 347 538 et
363 495 401 538 ne
419 477 603 556 liquefaciat,
628 487 784 558 protegunt
804 479 884 539 tenui
899 478 999 538 linteo.
1031 477 1133 538 cendi·

119 562 235 623 dissime
249 578 322 622 vero
339 562 369 623 lit
384 570 452 640 post
466 562 669 622 insolationem
683 563 836 623 etiamnum
856 571 987 622 recocta.
1020 559 1134 621 Punica

75 654 109 710 85
121 644 271 706 medicinis
287 646 448 707 utilissima.
478 644 626 723 Nigrescit
640 664 709 706 csra
725 645 822 707 addito
838 645 1001 707 chartarum
1015 647 1132 733 cinere,

119 729 195 790 sieut
215 728 341 790 anchusa
363 729 488 790 admixta
503 729 603 805 rubet,
632 731 788 809 variosque
810 730 839 791 in
854 729 975 790 colores
996 730 1156 808 pigmen-u

118 813 155 872 tis
172 812 292 873 traditur
306 813 342 874 ad
359 813 486 874 edendas
512 813 711 874 similitudines
734 822 763 873 ει
785 815 949 886 innumeros
964 813 1135 873 mortalium

119 913 188 956 usus
202 898 403 976 parietumque
419 899 504 957 etiam
519 906 549 956 et
564 914 706 958 armorum
721 897 849 959 tutelam.
867 895 975 970 Cetera
988 897 1025 956 de
1039 895 1134 956 melle

77 978 295 1066 1,¹,;,†apibusque
310 987 339 1041 in
352 991 453 1042 natura
470 998 567 1041 earum
587 981 664 1043 dieta
685 990 758 1041 sunt.
790 990 820 1042 ει
840 980 990 1042 hortorum
1010 979 1134 1059 quidem

119 1064 211 1123 ornnis
225 1063 291 1124 iere
305 1067 380 1126 ratio
395 1073 514 1143 peracta
530 1073 585 1124 est.
1002 1135 1005 1139 ἡ

75 1155 110 1210 86
180 1149 229 1208 15.
254 1148 339 1226 (oo.)
361 1143 504 1209 Secuntur
518 1147 628 1208 herbae
645 1157 752 1226 sponte
768 1157 924 1209 nascentes
940 1147 1045 1228 quibus
1066 1146 1170 1226 ple-n

118 1247 228 1308 raeque
245 1233 372 1308 gentium
387 1241 501 1292 utuntur
521 1233 549 1290 in
565 1231 637 1291 cibis
660 1249 851 1312 maxumeque
869 1233 1043 1311 Aegyptus,
1071 1232 1134 1290 iru-

61 1352 62 1357 κ
119 1331 186 1391 gum
203 1315 318 1393 quidem
337 1315 534 1392 fertilissima,
560 1315 612 1376 sed
636 1324 666 1376 ut
686 1333 781 1395 prope
796 1316 861 1378 sola
881 1317 917 1377 iis
934 1333 1038 1376 carere
1059 1332 1134 1395 pos-

119 1399 165 1458 sit.
194 1407 271 1458 tanta
294 1410 339 1459 εει
359 1399 490 1460 ciborum
511 1417 549 1458 ex
570 1399 670 1459 herbis
691 1399 873 1460 abundantia.
908 1400 936 1472 in
956 1398 1039 1460 ltalia
1059 1417 1134 1478 pau·

120 1483 252 1546 cissinas
268 1485 414 1563 novimus,
438 1484 537 1560 fraga,
559 1491 698 1556 temnunt,
721 1501 852 1560 ruscum,
876 1483 964 1544 batim
978 1483 1133 1558 marinam,

118 1563 206 1626 batim
220 1564 413 1642 hortensium,
439 1583 524 1647 quam
543 1567 630 1646 aliqui
655 1585 829 1646 asparagum
844 1567 987 1629 Gallicum
1009 1576 1133 1643 vocant,
1145 1588 1170 1631 ro

119 1657 238 1727 praeter
257 1649 310 1710 has
337 1652 513 1729 pastinacam
533 1658 714 1729 pratenssm,
741 1651 838 1731 lupum
859 1651 1055 1727 salictarium,
1082 1668 1134 1710 ea·

119 1749 176 1809 que
191 1735 289 1793 verius
305 1733 518 1795 oblectamenta
535 1751 618 1812 quam
634 1733 725 1798 cibos.

76 1823 110 1878 87
184 1817 267 1896 (51.)
291 1816 322 1877 ln
337 1816 476 1896 Aegypto
497 1811 674 1877 nobilissima
695 1827 740 1877 εει
760 1817 924 1894 colocasia,
951 1835 1038 1897 quarn
1062 1833 1135 1892 cya-

119 1914 186 1958 mon
205 1899 293 1978 aliqui
307 1909 423 1960 vocant.
452 1900 527 1962 hanc
544 1919 560 1960 ε
579 1900 647 1961 Nilo
666 1910 792 1978 metunt,
816 1900 916 1977 caule,
943 1918 1007 1960 curn
1028 1909 1135 1960 coctus

119 1989 183 2057 est,
215 1999 358 2044 araneoso
381 1985 409 2042 in
428 1984 607 2060 mandendo,
634 1984 734 2060 thyrso
762 1994 858 2045 autem
886 1986 934 2063 qui
961 1987 1038 2045 inter
1059 1983 1168 2045 lolium

120 2065 225 2125 emicat
244 2067 416 2146 spectabili,
438 2067 516 2126 foliis
538 2068 700 2144 latissimis,
737 2069 871 2130 etiamsi
895 2068 1028 2129 arboreis
1058 2085 1133 2128 con-

119 2157 272 2226 parentur,
295 2150 331 2212 ad
354 2151 564 2211 similitudinem
582 2168 682 2211 eorum
702 2169 777 2230 quae
798 2161 955 2232 personata
976 2154 1005 2212 in
1019 2153 1134 2212 nostris

120 2231 250 2292 amnibus
271 2251 426 2310 vocamus,
454 2234 587 2313 adeoque
610 2234 668 2294 Nili
688 2237 732 2300 sui
754 2235 871 2296 dotibus
887 2235 1015 2313 gaudent
1035 2243 1068 2297 ut
1089 2237 1132 2294 in·

118 2313 215 2392 plexis
238 2317 405 2380 colocasiae
428 2317 507 2378 foliis
530 2319 685 2378 invariato
712 2321 842 2398 speciem
859 2337 996 2381 vasorum
1022 2329 1132 2399 potare

119 2400 312 2474 gratissimum
328 2400 461 2463 habeant.
493 2403 599 2462 seritur
613 2403 668 2462 iam
684 2402 758 2463 haec
773 2406 801 2462 in
816 2403 908 2464 ltalia.
1140 2425 1167 2466 ne

75 2489 111 2546 88
182 2483 266 2564 (52.)
289 2484 321 2545 ln
334 2484 473 2563 Aegypto
490 2501 631 2563 proxuma
647 2489 804 2548 auctoritas
820 2486 951 2547 cichorio
966 2495 1022 2562 est,
1043 2503 1134 2564 qnann

77 2585 105 2628 n,
116 2584 150 2621 120
158 2565 279 2628 diximus
294 2567 421 2628 intubum
440 2569 602 2628 erraticum.
632 2572 759 2630 nascitur
774 2580 842 2649 post
859 2570 1016 2647 vergilias,
1042 2569 1134 2630 ilorci

68 2651 70 2654 ’
117 2650 320 2727 particulatim.
350 2653 432 2712 radix
448 2654 476 2711 ci
494 2651 588 2727 lenta,
615 2670 705 2730 quaro
723 2653 861 2715 etiamad
883 2653 996 2714 vincula
1011 2661 1134 2713 utuntur

119 2733 179 2792 illa.
214 2733 379 2796 Anthaliurn
401 2735 515 2813 longius
538 2753 553 2795 a
576 2735 691 2796 domine
710 2739 837 2798 nascitur
856 2737 972 2817 mespili
986 2738 1132 2814 magnitu-

118 2816 185 2874 dine
201 2825 229 2876 et
244 2818 434 2895 rotunditate,
463 2820 525 2878 sine
541 2819 666 2896 nucleo,
694 2821 756 2880 sine
771 2823 899 2897 cortice,
924 2820 997 2881 iolio
1014 2821 1165 2899 experire

117 2898 252 2961 mandunt
271 2903 332 2980 igni
355 2912 501 2981 paratum,
525 2903 660 2963 mandunt
682 2914 712 2964 et
732 2913 842 2981 oetum,
870 2907 918 2966 cui
939 2922 1034 2983 pauca
1058 2903 1132 2964 lolia

76 2989 110 3044 89
123 2981 321 3063 minumaqoe,
344 3004 444 3046 verum
460 2986 544 3047 radix
559 3004 671 3063 magna.
702 2987 867 3048 drachidna
883 2989 1047 3067 quidemst
1064 3005 1130 3048 ara-

16 3128 18 3131 ,
119 3082 188 3142 eos,
217 3084 280 3128 cum
299 3068 425 3128 habeant
443 3070 548 3130 radicis
569 3087 699 3130 ramosas
718 3089 753 3131 ae
780 3072 967 3150 multiplicis,
1000 3089 1059 3132 nse
1083 3072 1130 3131 io·

117 3147 185 3210 lium
214 3166 271 3211 nec
292 3150 411 3211 herbam
437 3153 524 3214 ullam
549 3161 596 3212 aut
622 3154 775 3232 quiequam
801 3155 878 3216 aliud
906 3173 996 3236 supra
1018 3164 1130 3216 terram

116 3230 234 3293 habent.
270 3234 395 3312 Reliqua
411 3236 571 3313 volgarium
590 3237 620 3296 iu
641 3236 713 3296 cibis
729 3238 805 3316 apud
822 3257 874 3300 sos
897 3239 1056 3302 herbarum
1076 3257 1162 3302 no=en

116 3315 208 3376 mina:
240 3315 421 3395 chondrylla,
443 3319 651 3397 hypochosris,
676 3323 819 3399 caucalis,
836 3323 1024 3400 anthrisoum,
1046 3341 1129 3383 scan-

118 3398 182 3472 dix,
214 3417 299 3460 come
319 3417 395 3478 quae
422 3401 458 3460 ab
481 3401 544 3463 aliis
569 3412 756 3482 tragopogon
775 3417 914 3483 vocatur,
938 3405 1018 3467 loliis
1037 3422 1128 3466 croco

118 3480 283 3559 simillimis,
308 3482 504 3562 parthenium,
532 3486 699 3565 trychnum,
725 3491 884 3551 corchorus
904 3499 936 3550 ει
964 3489 1001 3550 ab
1026 3490 1127 3568 aequi-
