2508 3924
265 270 625 358 pac.ntsn.xxv111.a.
642 273 668 328 9.
687 259 836 344 (oo-33.)
983 264 1042 324 179

311 429 342 480 ”s
357 436 448 488 autem
459 427 537 487 indat
551 427 752 506 quodcumque
772 428 931 489 decoctum.
956 438 1084 492 usus'125

370 528 389 560 e
407 511 583 588 exulcerata,
599 528 731 571 maxume
746 514 834 588 renis,
850 513 986 582 vesicam,
1003 513 1042 570 iu·

418 611 497 670 *oes,
522 595 594 654 ioris
616 598 754 672 pruritum
770 597 860 671 cutis,
877 596 1043 672 eruptiones

459 679 496 736 '’a.
529 686 637 737 camut
656 678 684 738 in
702 677 826 737 Arcadia
847 678 981 738 bubulum
1001 677 1042 736 bi·
1063 701 1081 750 y

501 803 509 834 ,
527 761 693 838 cachectae,
708 761 829 821 diximus
848 762 1000 821 iuratione
1017 779 1048 818 es,
1062 778 1085 813 cr

452 843 556 922 ampla
574 845 623 922 qui
639 845 775 903 asininum
793 843 919 904 bibendo
930 843 1044 904 liberati

412 946 466 986 me.
498 927 602 986 medici
626 930 756 1005 speciem
778 945 860 988 unam
886 926 1022 988 addidere
1034 936 1085 990 126

368 1011 401 1070 ‚d
418 1010 547 1070 schiston
561 1010 759 1089 appellavere.
783 1011 811 1070 id
828 1013 858 1071 lit
869 1010 927 1070 hoc
939 1010 1041 1071 modo:

323 1108 347 1152 ,t
364 1095 511 1171 caprinum
531 1110 673 1168 maxume,
692 1095 836 1171 ramisque
852 1094 982 1154 liculneis
997 1111 1042 1152 re·

280 1196 337 1236 acur
350 1177 452 1236 additis
469 1176 587 1237 totidem
609 1177 719 1251 cyathis
732 1178 814 1236 mulsi
828 1187 899 1257 quot
914 1178 970 1238 sint
993 1175 1043 1234 he·

234 1301 254 1318 ‚.
279 1278 342 1318 curn
359 1261 463 1336 fervet,
478 1262 506 1319 ni
520 1259 765 1342 circumfundatur
779 1270 907 1338 praestat
923 1259 1042 1335 cyathus

197 1367 209 1403 s
236 1360 300 1402 oum
320 1342 424 1421 frigida
447 1360 520 1421 aqua
542 1343 683 1404 demissus
702 1347 741 1404 ita
762 1362 799 1403 ne
822 1345 887 1423 quid
905 1343 1042 1404 infundat.

147 1445 180 1484 nn
194 1427 299 1486 deinde
316 1427 376 1502 igni
392 1427 613 1502 refrigeratione
628 1427 760 1487 dividitur
775 1437 804 1487 et
815 1427 936 1488 discedit
947 1443 1043 1486 serum

109 1518 174 1568 acte.
204 1510 317 1588 quidam
337 1519 366 1569 et
385 1512 478 1588 ipsum
497 1527 592 1569 serum
612 1511 667 1569 iem
685 1510 773 1570 multo
797 1513 1022 1589 potentissimum
1035 1517 1084 1570 127

73 1601 200 1651 recocunt
216 1593 252 1652 ad
267 1594 366 1653 tertias
379 1595 469 1672 partis
485 1602 514 1652 et
530 1594 581 1653 sub
597 1592 643 1653 diu
659 1593 841 1670 refrigerant.
872 1593 979 1654 bibitur
995 1611 1042 1652 au·

22 1729 30 1746 ,
72 1681 119 1732 tera
132 1676 329 1736 eilicacissime
346 1677 465 1736 heminis
480 1693 534 1755 per
550 1677 710 1753 intervalla,
727 1677 795 1736 satis
808 1676 908 1737 diebus
926 1678 1041 1755 quinae,

22 1753 31 1824 c
72 1757 159 1818 nelias
172 1778 187 1818 a
202 1769 272 1838 potu
287 1762 406 1836 gestari.
436 1759 519 1819 datur
534 1760 732 1838 comitialibus,
747 1759 974 1835 melancholicis,
992 1776 1041 1836 pa·

22 1868 30 1922 p
72 1839 195 1919 ralyticis,
209 1845 238 1902 in
252 1844 351 1922 lepris,
368 1843 566 1921 elephantiasi,
581 1843 750 1904 articulariis
763 1843 880 1903 morbis.
902 1842 1085 1905 infundi-128

22 1951 30 1992 l
72 1931 109 1981 tur
123 1941 233 2004 quoque
248 1928 295 1988 lac
310 1935 409 1986 contra
430 1927 562 1986 rosiones
583 1944 600 1986 a
615 1927 827 1986 medicamentis
844 1927 936 1986 iactas
951 1935 997 2000 et,
1019 1925 1043 1983 si

23 2042 26 2075 r,
48 2015 126 2066 acret
140 2008 302 2085 dysinteria,
316 2009 468 2069 decoctum
484 2028 547 2069 curn
560 2011 676 2070 marinis
690 2010 795 2088 lapillis
813 2019 860 2070 aut
875 2027 936 2070 curn
952 2011 1043 2069 tisana

23 2102 31 2159 t
72 2087 229 2152 hordeacea.
262 2095 330 2152 item
344 2091 380 2151 ad
395 2095 528 2152 rosiones
541 2094 737 2153 intestinorum
752 2093 887 2153 bubulum
908 2100 955 2153 aut
971 2091 1042 2152 ovil-

23 2189 30 2246 y
72 2171 118 2230 lum
132 2175 233 2234 utilius,
262 2193 368 2235 recens
383 2193 498 2254 quoque
514 2175 695 2251 dysintericis
710 2176 875 2255 infunditur,
894 2175 928 2236 ad
948 2175 1043 2235 colum

24 2285 30 2326 y
73 2265 152 2316 eutem
169 2260 296 2334 crudum,
315 2260 382 2318 item
398 2260 503 2320 volvae
520 2269 549 2320 et
571 2269 690 2339 propter
705 2262 880 2338 serpentium
900 2262 974 2318 ictus
991 2274 1041 2337 po·

25 2365 30 2407 y
73 2337 134 2398 tisre
145 2343 349 2422 pityocampis,
365 2342 505 2419 bupresti,
523 2343 714 2402 cantharidum
725 2352 772 2401 aut
783 2341 978 2402 salamandrae
992 2359 1041 2401 ve-

24 2449 30 2492 ,
47 2425 152 2481 ansuis.
172 2427 305 2504 privatim
320 2424 455 2485 bubulum
469 2424 513 2484 his
534 2427 582 2502 qui
598 2423 764 2485 Golcbicum
778 2425 901 2484 biberint
917 2433 964 2484 aut
986 2426 1024 2483 ei·
1035 2434 1084 2488 129

24 2521 30 2576 y
74 2513 152 2566 cctam
170 2510 398 2584 autdorycnium
419 2517 466 2568 aut
485 2508 615 2587 leporem
635 2510 788 2584 marinum,
810 2509 882 2567 sieut
905 2508 1043 2567 asininum

25 2617 30 2658 y
73 2597 158 2650 contra
176 2609 300 2671 gypsum
327 2599 357 2651 et
371 2605 527 2651 'cerussam
548 2600 578 2650 at
598 2592 700 2670 sulpur
723 2601 752 2652 et
771 2599 920 2667 argentum
935 2591 1041 2663 vivom,

25 2701 29 2741 y
72 2668 129 2730 ihm
143 2674 228 2736 durae
244 2675 310 2734 albo
326 2677 354 2733 in
371 2675 454 2734 lebri.
488 2676 685 2751 gargarizatur
704 2691 820 2753 quoque
840 2672 970 2733 faucibus
992 2691 1041 2732 ex·

25 2784 29 2824 y
72 2753 193 2818 ulceratis
215 2759 381 2834 utilissime,
402 2767 432 2818 et
445 2757 549 2817 bibitur
572 2759 607 2818 ab
628 2757 815 2817 inbecillitate
835 2757 904 2814 viris
925 2755 1042 2815 recolli·

25 2839 192 2910 cogentibus
206 2859 280 2921 quos
301 2842 576 2921 atrophos-vocant,
598 2843 626 2900 in
645 2841 721 2900 icbri
743 2842 827 2899 etiam
851 2857 925 2916 quae
945 2847 1043 2898 careat

26 2949 27 2988 y
72 2918 162 2982 dolore
188 2926 301 3005 capitis.
335 2928 435 3003 pueris
462 2934 527 2986 ante
555 2924 648 2984 cibum
671 2924 755 2984 laetis
776 2924 876 2982 asinini
901 2921 1042 2982 heminam

72 2999 132 3082 dari,
144 3016 191 3067 aut
208 3010 233 3068 si
250 3010 345 3068 exitus
363 3008 420 3068 cibi
433 3009 567 3068 rosiones
583 3010 735 3084 sentirent,
759 3007 866 3084 antiqui
881 3007 910 3064 in
928 3009 1040 3065 arcanis

71 3081 230 3169 habuerunt,
247 3094 271 3151 si
289 3092 346 3151 hoo
360 3108 417 3150 uon
433 3101 526 3168 esset,
543 3093 661 3171 caprini.
692 3090 789 3160 bubuli
809 3107 903 3148 serum
924 3088 1083 3152 ortuo-130
1145 3157 1147 3161 ,

71 3172 170 3244 punicis
182 3175 301 3252 prodest
312 3184 378 3234 ante
390 3175 485 3235 cetera
497 3175 593 3235 addito
605 3175 752 3234 nasturtio.
771 3175 942 3251 inunguntur
957 3174 1041 3231 etiam

48 3254 141 3314 accub
154 3258 182 3315 iu
198 3258 279 3318 lactis
294 3259 413 3318 heminis
427 3259 528 3318 additis
539 3275 668 3318 sesamae
685 3257 827 3317 drachmis
845 3265 977 3335 quattuor
992 3257 1040 3314 tri·

74 3335 104 3393 tis
122 3337 149 3396 in
168 3339 345 3419 lippitudine.
373 3343 490 3420 caprino
513 3343 604 3402 lienes
624 3351 775 3416 sanantur,
796 3349 864 3420 post
884 3339 959 3400 bidui
980 3340 1039 3396 ine·

75 3415 138 3479 diam
151 3427 234 3484 tertio
248 3425 294 3486 die
310 3425 417 3486 hedera
438 3428 528 3504 pastis
549 3427 660 3504 capris,
683 3443 737 3504 per
750 3425 869 3484 triduum
885 3431 955 3502 poto
979 3423 1040 3480 sine

74 3499 123 3562 alio
138 3506 210 3567 cibo.
246 3509 329 3571 lactis
349 3526 417 3570 usus
431 3509 503 3571 alias
518 3508 677 3570 contrarius
693 3509 795 3604 capitis
811 3507 975 3650 (puppibus,
990 3505 1039 3565 he-
