2504 3930
312 246 392 293 usu.
407 245 498 294 rursu.
515 245 612 292 xxxr.
630 243 655 294 u.
671 243 696 294 3.
719 234 866 301 (la-21.)
1020 229 1080 290 265

6 407 8 458 ι
90 399 218 460 veniatur
237 398 273 459 ad
288 398 395 460 iontem
411 397 496 462 alveo
512 397 690 476 adpositum,
712 396 759 456 ubi
774 399 869 458 linitur
883 396 911 456 id
927 414 1021 473 genus
1042 395 1083 474 pi.-

6 479 7 508 ;
91 483 196 556 scium,
215 482 347 560 adeoque
359 482 398 542 ibi
411 491 496 560 caput
508 481 596 542 amnis
609 481 669 540 eius
682 480 823 558 intellegit
833 481 917 540 lama.
941 479 997 538 hoc
1010 480 1084 538 idem

91 574 119 626 et
134 566 162 623 in
173 563 262 640 hydia
278 567 306 624 in
318 575 420 643 stagno
432 565 627 644 Nurnpharum
636 562 758 623 tradunt.
781 565 814 624 ln
826 565 951 625 Arcadia
963 563 998 623 ad
1010 561 1080 622 Phe·
1093 571 1128 628 26

91 666 172 708 neum
187 666 260 727 aqua
275 649 390 727 produit
404 668 441 709 ex
453 651 549 724 saxis,
565 682 607 694 --
621 649 692 723 Styx
703 648 866 728 appellatur
879 681 937 724 --,
954 647 1022 707 ilico
1035 663 1084 704 ne·

70 739 153 806 ucat,
170 741 199 791 ut
214 733 351 808 diximus,
367 733 418 792 sed
435 751 501 792 esse
517 733 605 811 piscis
625 749 731 810 parvos
747 734 775 792 iu
790 753 826 794 ea
840 733 924 792 tradit
937 730 1029 791 Theo·
1046 751 1068 790 ε.
1083 747 1116 784 2⁸1

92 816 240 894 phrastus,
263 817 358 893 letalis
371 826 401 876 et
413 818 511 894 ipsos,
527 816 602 895 quod
614 833 672 876 non
688 817 716 876 in
734 817 790 876 alio
802 835 912 894 genere
923 815 1085 874 mortifero·

91 917 149 958 rum
161 899 291 959 fontium.
319 899 434 960 Necare
456 917 544 978 aquas
560 899 766 979 Theopompus
784 909 814 960 et
827 903 855 960 in
870 899 994 960 Threcia
1009 895 1084 978 apud
1094 907 1126 962 ut

93 982 222 1057 (lychnos
234 983 318 1059 dicit,
332 984 426 1058 Lycus
441 986 469 1044 in
481 984 627 1043 Leontinis
641 985 727 1044 tertio
739 983 786 1044 die
799 1003 883 1062 quam
895 985 958 1062 quis
970 981 1085 1057 biberit,

91 1065 182 1126 Varro
198 1066 235 1127 ad
248 1067 371 1127 Soracte
386 1069 414 1126 in
429 1069 524 1142 fonte,
541 1069 622 1127 cuius
635 1068 670 1126 sit
686 1067 805 1128 latitudo
822 1063 956 1146 quattuor
970 1065 1084 1145 pedum.
1179 1089 1186 1102 ·

60 1149 156 1210 nosole
178 1151 291 1210 oriente
310 1169 374 1210 eum
393 1150 540 1212 exuurdare
556 1151 680 1210 feruenti
704 1151 838 1228 similem,
861 1152 922 1210 avis
940 1152 1014 1228 quae
1036 1148 1085 1209 de·

94 1235 270 1309 gustaverint
286 1237 363 1294 iuxta
383 1244 511 1296 mortuas
530 1235 638 1294 iacere.
670 1253 791 1313 namque
809 1245 838 1294 et
857 1235 930 1294 haee
948 1232 1086 1292 insidiosa

94 1316 217 1376 conditio
235 1317 372 1394 estquod
387 1317 527 1396 quaedam
543 1319 628 1378 etiam
641 1317 822 1378 blandiuntur
831 1317 972 1395 adspectu
981 1361 996 1392 ,⁴
1006 1325 1036 1375 ut
1050 1315 1086 1375 ad

91 1399 244 1460 Nonacrim
260 1400 420 1477 Arcadiae,
444 1404 558 1461 omnino
575 1401 649 1461 enim
671 1401 749 1462 nulla
769 1403 917 1461 deterrent
938 1400 1084 1478 qualitate.

13 1537 14 1540 ,
91 1483 162 1543 hanc
177 1493 277 1562 putant
292 1485 376 1544 nimio
390 1485 500 1562 frigore
516 1503 583 1544 esse
595 1485 726 1556 noxiam,
745 1494 847 1563 utpote
862 1502 926 1543 cunr
939 1483 1087 1562 proiluens

58 1585 83 1626 15
92 1569 153 1643 ipsa
166 1566 337 1644 lapidescat.
361 1569 444 1628 aliter
457 1568 710 1628 circal'hessalica
717 1567 835 1647 Tempe,
848 1568 982 1645 quoniam
994 1567 1081 1626 omni·
1094 1575 1129 1630 28

90 1649 141 1708 bus
164 1651 270 1711 terrori
288 1660 349 1727 est,
370 1652 541 1730 traduntque
558 1669 632 1712 aena
653 1653 738 1710 etiam
756 1669 792 1711 ac
809 1652 917 1711 ferrum
938 1650 1020 1710 erodi
1037 1649 1086 1708 illa

91 1750 172 1810 aqua.
205 1734 332 1811 produit,
344 1743 373 1794 ut
384 1735 578 1811 indicavimus,
592 1735 675 1794 brevi
688 1737 793 1814 spatio,
805 1737 973 1811 mirumque,
986 1733 1043 1792 sili·
1055 1749 1077 1792 t.
1091 1749 1114 1786 ιι

91 1835 145 1894 qua
161 1816 303 1877 silvestris
322 1818 457 1896 amplecti
472 1816 618 1878 radicibus
631 1818 741 1878 iontem
761 1837 824 1877 eum
846 1819 949 1882 dicitur
971 1833 1087 1894 semper

6 1915 7 1964 ξ
89 1900 198 1960 floreus
215 1919 350 1980 purpura.
381 1911 410 1960 et
426 1901 565 1979 quaedam
578 1903 622 1961 sui
636 1904 755 1978 generis
769 1901 860 1980 herba
873 1903 902 1959 in
918 1900 1007 1960 labris
1022 1900 1085 1958 iou·

6 2019 7 2048 a
55 1984 125 2042 totis
141 1983 225 2043 viret.
255 1984 286 2044 ln
304 1982 490 2061 Macedonia,
509 2003 567 2045 non
580 1986 683 2064 procul
698 1979 844 2063 Euripidis
866 1993 972 2063 poetae
989 1981 1086 2060 sepul·

6 2091 8 2098 >
90 2066 177 2208 cipro,
194 2066 250 2126 duo
266 2070 321 2127 rivi
338 2068 498 2146 coutluuut,
520 2069 594 2130 alter
609 2068 788 2130 saluberrimi
804 2078 907 2149 potus,
921 2068 995 2128 alter
1012 2083 1086 2126 mor·

88 2151 109 2208 ti
123 2151 176 2208 eri.
517 2183 524 2201 ›
1090 2187 1094 2196 -

153 2231 237 2312 (20.)
259 2231 292 2292 ln
307 2233 482 2315 Perperenis
498 2237 562 2296 ions
575 2246 620 2296 est
631 2253 839 2315 quamcumque
851 2237 927 2312 rigat
942 2233 1085 2313 lapideam
1095 2245 1129 2299 29

91 2312 200 2374 iaciens
222 2325 344 2394 terram,
370 2321 438 2379 item
463 2319 573 2378 calidae
599 2338 692 2396 aquae
716 2321 745 2378 in
771 2319 912 2380 Euboeae
934 2319 1085 2396 Aedepso.
1139 2381 1141 2384 ,

53 2415 157 2458 aunam
171 2416 222 2477 qua
241 2399 318 2459 eadit
337 2404 418 2462 rivos
439 2420 510 2462 saxa
532 2404 559 2460 in
581 2402 755 2462 altitudinem
777 2410 921 2462 crescunt.
951 2404 980 2460 in
994 2401 1086 2475 Eury·

88 2483 179 2540 menis
199 2483 331 2543 deiectae
355 2502 481 2545 coronae
501 2485 655 2544 insontem
677 2485 807 2562 lapideae
829 2487 907 2544 liunt.
939 2485 967 2542 in
984 2483 1086 2544 Colos-

87 2566 128 2624 sis
140 2565 246 2626 ilumcn
257 2576 302 2626 est
317 2585 374 2645 quo
391 2568 498 2628 lateres
510 2569 614 2626 coiecti
625 2565 733 2646 lapidei
754 2568 948 2630 extrahuntur.
972 2568 1000 2626 in
1015 2568 1086 2642 Scy-

85 2651 181 2708 retico
201 2650 318 2710 metallo
343 2652 464 2710 arbores
485 2667 683 2729 quaecumque
704 2651 818 2710 liumine
840 2649 991 2710 adluuntur
1016 2668 1086 2710 saxa

85 2733 156 2792 liunt
172 2751 236 2791 cum
250 2737 345 2792 ramis.
380 2734 559 2794 destillantes
582 2751 695 2812 quoque
714 2735 802 2811 guttis
816 2732 912 2810 lapide
928 2733 1130 2798 durescunt30
1167 2775 1169 2778 -

51 2833 77 2875 ao
86 2817 117 2874 in
132 2817 224 2876 antris
236 2815 368 2891 Coryciis
382 2817 480 2893 Idaeo,
497 2835 561 2877 uam
572 2817 682 2878 hliezae
698 2819 726 2876 in
738 2817 907 2878 Macedonia
920 2821 1004 2878 etiam
1017 2837 1085 2898 pen·

84 2899 190 2958 dentes
210 2899 239 2958 in
262 2901 334 2980 ipsis
353 2903 490 2978 camaris,
513 2911 541 2961 at
562 2903 589 2960 in
612 2900 760 2960 Corinthio
787 2917 850 2959 cum
873 2901 1019 2961 cecidere.
1057 2903 1086 2960 in
1126 2935 1128 2940 ·

86 2982 259 3060 quibusdam
274 2983 423 3061 speluncis
438 2994 560 3068 utroque
577 2984 680 3060 modo,
697 2985 903 3062 columnasque
917 2986 1041 3062 iaciunt,
1057 2993 1087 3044 ut

6 3129 7 3134 .
85 3067 114 3124 in
125 3067 251 3126 Phausia
265 3065 460 3128 Chersonnesi
474 3069 650 3129 Rhodiorum
661 3071 689 3128 in
700 3077 781 3128 antro
794 3085 911 3145 magno,
930 3072 1014 3130 etiam
1030 3069 1086 3128 dis·

6 3205 7 3210 ,
85 3151 183 3209 colori
199 3148 351 3227 adspectu.
381 3151 419 3211 Et
431 3151 570 3211 hacteuus
587 3155 713 3212 contenti
729 3153 816 3211 simus
833 3153 984 3232 exemplis.

49 3249 76 3292 at
111 3279 114 3286 .
152 3233 181 3294 3.
204 3232 288 3311 (21.)
313 3233 465 3306 Quaeritur
477 3237 551 3294 inter
561 3237 690 3297 medicos
706 3239 785 3296 cuius
796 3237 914 3313 generis
925 3254 1016 3314 aquae
1029 3236 1085 3294 sint
1095 3245 1129 3300 31

83 3317 267 3376 utilissimae.
307 3319 463 3392 stagnantis
485 3321 640 3398 pigrasque
656 3321 758 3379 merito
785 3322 932 3395 damnant,
956 3319 1086 3379 utiliores

6 3479 7 3486 ἵ
84 3416 162 3477 quae
188 3397 334 3479 prolluunt
359 3402 573 3476 existimantes,
600 3421 684 3462 cursu
706 3403 781 3463 enim
803 3422 1001 3483 percussuque
1020 3406 1086 3483 ipso

6 3487 7 3490 ’
84 3481 241 3540 extenuari
259 3488 346 3558 atque
363 3485 524 3561 prolicere,
554 3501 649 3564 eoque
665 3487 754 3546 miror
777 3485 964 3549 cisternarum
982 3488 1017 3548 ab
1035 3488 1086 3548 ali·
