2370 3922
158 243 198 303 10
507 253 537 302 c.
553 255 648 302 aaron
664 227 814 302 suscitor

156 408 277 468 deorum
299 409 429 484 potentia
449 425 539 486 posse
560 409 764 486 pronuntiavit.
789 415 879 468 ‘vetus
895 410 1059 487 copiosiore
1074 427 1134 487 aqua

48 561 54 577 ι
155 494 293 550 miscetur
306 493 455 568 magisque
470 493 579 551 urinam
594 490 732 568 expellit,
750 494 842 552 minus
857 493 905 550 siti
919 495 1038 552 resistit.
1063 493 1133 554 dnlce

156 577 246 634 minus
262 573 401 649 inebriat,
422 575 475 634 sed
491 575 639 634 stomacho
654 576 778 652 innatat,
793 583 938 634 austermn
951 575 1064 634 facilius
1080 594 1135 636 con·

111 659 298 734 assequitur.
330 656 507 717 levissimum
522 666 568 718 est
583 658 659 734 quod
676 657 829 718 celerrime
846 659 1032 718 inveteratur.
1058 661 1135 718 minus

155 742 273 800 infestat
296 757 404 800 nervos
430 741 507 819 quod
527 749 673 802 vetustate
699 741 847 801 dulcescit.
890 741 1040 802 stomacho
1059 741 1160 804 minass'

155 823 227 883 utile
250 831 296 882 est
317 824 443 902 pingue,
464 826 593 902 nigrum,
615 825 667 884 sed
684 843 810 902 corpora
824 827 915 901 magis
929 825 988 884 aiit.
1018 833 1138 884 tenuset
1159 895 1160 898 Ἴ

155 915 301 966 austerum
320 908 412 966 minus
434 908 501 985 alit,
522 910 612 985 magis
638 908 814 968 stomachum
827 910 924 967 nutrit.
953 905 1082 967 celerius
1096 925 1160 986 per*

154 993 265 1049 urinam
285 993 405 1068 transit,
428 999 508 1051 tanto
533 993 623 1068 magis
641 994 735 1069 capita
750 999 878 1069 temptat.
912 991 970 1050 hoc
982 1000 1017 1050 et
1031 993 1061 1050 in
1076 994 1140 1050 omn

110 1074 213 1135 *italio
237 1091 307 1133 suco
329 1074 419 1134 semel
441 1075 546 1134 dictum
570 1077 615 1134 sit.
646 1077 743 1134 vinum
764 1075 841 1134 furno
866 1077 1060 1134 inveteratum
1079 1076 1155 1134 ,insa

156 1157 349 1218 iuberrimnm.
391 1175 550 1235 mangones
564 1160 619 1216 ista
636 1161 665 1217 in
680 1158 831 1236 apothecis
846 1160 1077 1235 excogitavere,
1097 1160 1105 1216 i
1140 1219 1141 1223 ,

157 1249 188 1300 et
214 1241 436 1318 patresfamilias
461 1249 585 1302 aetatem
611 1240 716 1301 addunt
739 1241 783 1301 bis
809 1259 884 1318 quae
908 1260 965 1319 per
991 1261 1026 1300 se
1048 1243 1142 1300 caries

155 1333 281 1384 traxere.
314 1341 371 1400 quo
388 1332 470 1384 certe
482 1325 625 1385 vocabulo
640 1327 710 1384 satis
726 1325 829 1384 consili
842 1324 950 1386 dedere
962 1326 1068 1402 prisci,
1086 1341 1143 1402 quo·

45 1470 49 1478 ,
155 1409 229 1466 niam
250 1417 279 1466 et
301 1409 331 1466 in
354 1409 481 1467 materiis
504 1411 610 1468 cariem
631 1409 723 1468 fumus
741 1409 854 1485 erodit,
885 1416 983 1468 atuos
1000 1407 1146 1468 ediverso

154 1491 223 1550 fumi
239 1491 425 1550 amaritudine
439 1500 614 1551 vetustatem
627 1491 703 1552 indui
713 1509 885 1570 persuasum
895 1491 1046 1550 babemus.
1073 1488 1146 1560 Quae

155 1582 221 1634 sunt
242 1574 390 1635 admodum
410 1575 560 1652 exalbida,
581 1575 654 1635 haec
668 1583 815 1634 vetustate
835 1574 964 1634 salubria
980 1574 1065 1634 fiunt.
1096 1591 1142 1650 qa:

154 1660 328 1734 generosius
348 1660 444 1718 vinnm
467 1667 530 1734 est,
557 1657 613 1718 hoc
631 1660 721 1735 magis
737 1667 883 1718 vetustate
904 1659 1065 1718 crassescit
1081 1658 1144 1719 etit

155 1742 371 1801 amaritudinem
390 1744 510 1820 corpori
531 1743 653 1802 minume
669 1741 769 1801 utilem
784 1743 851 1801 coit.
882 1740 1003 1801 condire
1022 1757 1063 1800 eo
1080 1739 1115 1799 ali

154 1825 247 1884 minus
267 1841 405 1884 annosum
429 1826 576 1886 insalubre
596 1833 653 1884 est.
683 1843 734 1886 sua
756 1827 859 1902 cuique
874 1826 945 1884 vine
961 1824 1060 1884 saliva
1075 1825 1121 1882 ino

154 1910 336 1984 cautissima,
354 1925 404 1968 sua
422 1911 524 1986 cuique
543 1917 623 1968 aetas
643 1910 823 1986 gratissima,
839 1908 895 1968 boc
906 1916 957 1968 est
974 1907 1083 1968 media.

109 2001 145 2053 41
220 1990 298 2068 (23.)
328 1988 441 2069 Corpus
463 2011 573 2070 augere
586 1992 752 2052 volentibus
774 2000 821 2051 aut
841 1991 955 2051 mollire
971 1990 1075 2050 alvom
1089 2007 1122 2050 co

155 2074 234 2132 ducit
248 2075 325 2134 inter
343 2075 426 2135 cibos
442 2076 565 2152 bibere,
579 2085 679 2136 eontra
694 2076 887 2136 minuentibus
902 2074 1060 2151 alvomque
1078 2073 1146 2133 cohi·

154 2156 290 2216 bentibus
318 2161 400 2218 sitire
428 2162 458 2218 in
484 2158 615 2236 edendo,
641 2167 745 2238 postea
773 2177 871 2236 parum
897 2158 1011 2217 bibere.
1060 2160 1146 2216 muna

153 2241 267 2301 ieiunos
288 2242 392 2301 bibere
415 2244 530 2303 novicio
552 2243 898 2303 inventoinutilissimu
914 2242 1056 2300 estensis
1073 2243 1144 2318 vigo·

154 2341 274 2401 remque
297 2326 380 2384 animi
409 2326 445 2386 ad
467 2327 645 2404 procinctum
664 2325 866 2400 tendentibus,
898 2342 1000 2385 somno
1024 2342 1101 2384 vero
1121 2339 1145 2382 at

153 2408 357 2468 securitatibus
379 2410 538 2470 iamdudum
557 2410 614 2470 hoc
633 2410 688 2470 fuit
704 2409 781 2487 quod
797 2407 950 2468 homerica
970 2407 1023 2468 iila
1039 2407 1117 2466 Hele

154 2498 220 2550 ante
234 2491 330 2552 cibum
345 2494 525 2553 ministravit.
562 2496 605 2552 sic
619 2509 735 2571 quoque
752 2495 782 2552 iu
797 2492 985 2570 proverbium
998 2493 1095 2552 cessit
1109 2507 1145 2549 sa·

108 2581 145 2634 42
155 2575 291 2651 pientiam
309 2579 378 2637 vino
397 2577 573 2637 obumbrari.
607 2577 683 2636 Vino
702 2576 840 2636 debemus
854 2575 985 2635 homines
1001 2574 1085 2651 quod
1099 2571 1147 2633 sot

154 2659 314 2718 animalium
335 2678 393 2719 non
416 2661 551 2720 sitientes
573 2660 705 2719 bibimus.
737 2677 828 2736 aquae
843 2668 943 2736 potum
959 2659 1147 2734 interponere

153 2741 351 2818 utilissimum,
376 2746 504 2821 itemque
526 2745 586 2820 iugi
606 2742 806 2820 superbibere.
842 2742 1018 2802 ebrietatem
1035 2739 1124 2818 quide

110 2823 278 2899 thirigidae
303 2835 389 2903 potus
416 2827 564 2904 extemplo
591 2826 717 2885 discutit.
760 2827 882 2886 meracis
904 2823 1075 2902 potionibus
1100 2841 1118 2900 p

154 2907 255 2982 viginti
277 2908 339 2968 dies
361 2920 429 2970 ante
452 2913 530 2970 canis
552 2918 646 2968 ortum
659 2909 837 2986 totidemque
853 2916 957 2986 postea
974 2907 1079 2968 suadet
1095 2905 1145 2964 iic

154 2988 253 3049 siodus
268 2994 317 3050 nti.
351 3011 461 3054 merum
475 2994 589 3071 quidem
604 2993 733 3054 remedio
749 3001 795 3052 est
810 3000 909 3052 contra
924 2993 1033 3054 cicums
1042 3032 1052 3066 ,
1076 2989 1145 3050 cori

151 3071 286 3150 andrum,
301 3080 429 3154 aconita,
444 3080 570 3152 viscum,
586 3078 763 3151 meconium,
779 3082 929 3152 argentum
943 3075 1041 3132 vivom
1049 3115 1059 3149 ,
1074 3074 1145 3150 apis,

152 3173 275 3233 vespas,
306 3160 482 3236 crabrones,
509 3160 677 3237 phalangia,
703 3162 881 3237 serpentium
905 3159 1144 3234 scorpionumque

151 3242 225 3298 ictus
246 3251 404 3319 contraque
428 3244 522 3302 omnia
546 3261 620 3321 quae
641 3243 842 3321 refrigerando
866 3249 989 3316 nocent,
1014 3240 1147 3318 privatin

147 3331 252 3382 contra
273 3324 525 3401 haemorrhoidas,
552 3335 720 3403 presteras,
748 3327 872 3402 fungos,
896 3326 967 3384 item
985 3331 1091 3384 ecana
1111 3324 1145 3380 iu·

153 3403 285 3464 dationes
298 3410 495 3484 rosionesque
511 3409 747 3486 praecordiorum
762 3418 793 3468 et
808 3425 929 3486 quonum
946 3406 1111 3466 stomachus
1123 3406 1145 3462 in

154 3489 330 3546 vomitiones
352 3490 523 3567 effunditur,
548 3501 578 3551 et
594 3494 619 3551 si
636 3501 741 3554 venter
756 3501 804 3554 aut
818 3495 967 3554 interanea
982 3490 1145 3550 rheumatis
