2396 3922
263 197 448 248 1111111111.
465 199 575 247 xxvu.
595 192 828 260 4.5.(1o-ao.)
978 189 1035 250 135

36 355 122 415 ratis.
151 353 285 414 fabulosa
300 350 424 414 arbitror
435 373 508 431 quae
520 352 688 431 adiciuntur,
704 362 823 414 recente
841 372 877 415 ea
890 355 914 414 si
928 363 1036 432 uratur,

38 437 155 498 icrrum
169 447 217 498 aut
232 455 282 497 aes
297 437 470 498 feruminari.

106 523 137 582 5.
161 521 244 599 (15.)
266 520 412 600 aparinen
423 521 511 601 aliqui
523 519 778 600 omphalocarpon,
798 521 844 580 alii
858 521 1033 599 philanthro-
1045 532 1079 587 32

38 623 102 684 pon
117 614 235 682 vocant,
250 622 401 682 ramosam,
412 606 556 680 hirsutam,
573 607 665 683 quinis
677 607 793 664 senisve
806 606 834 663 in
847 605 946 665 orbem
960 609 1037 665 circa

16 705 140 749 tremos
155 688 235 748 foliis
252 706 307 766 per
319 688 482 749 intervalla.
516 707 614 748 semen
629 689 791 762 rotundum,
807 687 915 762 durum,
933 706 1036 748 111111-

39 790 123 850 uom,
142 771 294 832 subdulce.
327 773 452 832 nascitur
468 773 495 832 in
512 772 698 832 frumentario
717 789 788 849 agro
803 781 851 831 aut
865 772 955 832 hortis
971 790 1036 850 pra·

39 858 136 934 iisne,
159 856 316 935 asperitate
337 857 422 915 etiam
443 859 565 916 vestium
586 857 690 916 tenaci.
728 855 832 915 ellicax
855 864 953 920 contra
976 873 1036 914 ser·

39 939 140 1018 pentis
163 941 273 998 semine
302 948 372 1017 poto
396 941 518 999 euvino
539 940 673 1000 drachma
699 949 730 998 et
750 947 849 998 contra
874 937 1036 1016 phalangia.
1123 973 1125 978 ·

38 1024 193 1100 sanguinis
207 1021 405 1082 abundantiam
419 1040 457 1082 ex
468 1023 635 1084 uolneribus
647 1024 806 1102 reprimunt
821 1021 891 1082 lolia
903 1023 1036 1100 inposita,

5 1121 29 1164 1c
38 1124 131 1167 sucus
144 1105 260 1167 auribus
276 1105 441 1166 infunditur.
474 1148 481 1151 -

107 1190 193 1268 (16.)
216 1188 439 1269 Arctionaliqui
455 1193 549 1269 potius
565 1199 708 1250 arcturum
724 1199 838 1250 vocant.
877 1189 976 1250 similis
990 1197 1035 1250 est
1046 1199 1081 1254 33

37 1273 188 1334 verbasco
205 1273 295 1350 loliis,
310 1273 365 1332 nisi
381 1275 459 1352 quod
472 1275 626 1336 hirsutiora
643 1282 717 1350 sunt,
734 1274 815 1334 caule
831 1273 931 1350 longo,
945 1272 1036 1348 molli,

37 1359 156 1418 semine
173 1357 286 1416 cumini.
322 1361 450 1419 nascitur
465 1360 493 1417 in
507 1359 644 1437 petrosis,
659 1358 756 1417 radice
772 1366 882 1434 tenera,
896 1357 961 1417 alba
977 1356 1037 1415 dul·

38 1443 141 1520 cique.
165 1439 336 1519 decoquitur
346 1441 374 1500 in
391 1443 457 1502 vino
474 1441 645 1501 addentium
661 1440 779 1500 dolores
792 1447 826 1501 nt
838 1443 877 1500 ita
892 1442 1037 1500 continea-

5 1533 99 1584 ntur.
133 1523 286 1584 decoctum
303 1523 408 1583 bibitur
428 1534 548 1604 propter
570 1524 696 1584 ischiada
719 1533 748 1583 11
770 1525 976 1600 stranguriam,
1000 1539 1038 1581 ex

38 1610 111 1668 vino
129 1607 268 1668 ambustis
280 1608 425 1684 inponitur
441 1619 470 1669 et
484 1607 680 1687 pernionibus.
710 1607 845 1668 foventur
857 1607 957 1668 eadem
975 1623 1038 1664 cum

36 1689 144 1752 radice
160 1693 270 1750 semine
286 1693 354 1751 trito
370 1693 399 1750 iu
413 1694 491 1752 vino.

105 1775 191 1854 (17.)
214 1773 366 1853 Aspledon
384 1787 448 1836 sunt
462 1778 509 1854 qui
526 1775 690 1836 hemionion
704 1782 826 1851 vocant,
849 1773 928 1833 ioliis
949 1775 1035 1833 trien·
1046 1781 1081 1836 31

36 1858 151 1918 talibus
164 1857 276 1935 multis,
298 1856 397 1918 radice
420 1859 539 1937 limosa,
563 1875 723 1920 cavernosa
739 1859 813 1917 sicut
833 1857 945 1934 felicis,
972 1873 1037 1916 1111-

4 1941 128 2014 audida,
159 1941 284 2016 hirsuta,
314 1959 370 2001 nec
392 1945 502 2003 caulem
524 1962 580 2004 nec
604 1943 705 2004 ilorem
731 1959 787 2002 nec
815 1959 915 2000 semen
940 1939 1037 2001 habet.

37 2026 173 2086 nascitur
187 2027 215 2084 iu
231 2025 322 2103 petris
338 2027 552 2105 parietibusque
569 2027 687 2106 opacis,
710 2026 827 2104 umidis,
842 2025 1038 2087 laudatissima

37 2110 70 2168 in
96 2107 195 2168 Creta.
236 2109 319 2168 huius
342 2108 476 2170 foliorum
498 2112 526 2170 iu
550 2121 634 2172 aceto
650 2111 775 2170 decocto
796 2128 849 2188 per
869 2109 931 2170 dies
954 2106 1039 2168 XXX

39 2201 115 2270 poto
136 2191 241 2250 lienem
264 2191 373 2251 absumi
394 2196 488 2270 aiunt,
516 2204 545 2254 et
565 2195 718 2254 inlinuntur
739 2202 833 2254 autem
855 2193 971 2269 eadem,
992 2209 1037 2251 se·

39 2275 110 2336 daut
133 2283 162 2333 et
185 2275 336 2352 singultus.
369 2277 482 2337 feminis
502 2294 559 2336 uon
580 2276 685 2356 danda,
707 2277 839 2357 quoniam
860 2276 1039 2336 sterilitatem

40 2359 122 2418 11111.

107 2441 193 2522 (18.)
216 2442 371 2523 Asclepius
386 2442 458 2504 iolla
472 2443 597 2503 hederae
614 2443 719 2524 habet,
736 2461 831 2503 ramos
852 2441 976 2520 longos,
991 2458 1034 2501 ra·
1046 2451 1079 2506 35

39 2525 128 2588 dices
141 2544 323 2604 numerosas,
340 2528 444 2603 tenuis,
463 2527 608 2603 odoratas,
624 2527 703 2586 lloris
718 2528 796 2586 virus
811 2543 919 2601 grave,
939 2542 1037 2584 semen

39 2609 244 2670 securidacae.
273 2612 399 2670 nascitur
417 2613 446 2670 in
469 2608 621 2670 montibus.
655 2610 768 2670 radices
789 2607 956 2668 torminibus
977 2626 1036 2667 me·

39 2693 147 2755 dentur
174 2703 202 2753 et
223 2702 324 2754 contra
345 2697 521 2773 serpentium
537 2696 611 2754 ictus
631 2710 688 2753 non
709 2693 802 2754 solum
821 2701 909 2771 potu,
936 2690 988 2751 sed
1009 2701 1038 2751 et

4 2777 136 2840 toinlitu.

106 2859 192 2939 (19.)
216 2860 305 2920 11111
326 2859 361 2921 ab
377 2861 480 2939 aliquis
494 2859 640 2920 bubonion
656 2860 829 2939 appellatur,
846 2859 978 2937 quoniam
994 2860 1033 2920 in·
1045 2868 1079 2924 11

37 2945 162 3021 guinum
184 2953 421 3022 praesentaneum
441 2944 597 3005 remedium
619 2953 672 3004 est.
709 2942 866 3005 cauliculus
886 2942 964 3003 foliis
986 2943 1036 3003 ob·

37 3028 142 3105 longis
164 3026 277 3087 duobus
294 3037 342 3087 aut
358 3026 464 3105 tribus,
487 3029 515 3087 in
531 3029 678 3088 cacumine
695 3027 818 3107 capitula
833 3027 935 3086 stellae
949 3027 1037 3087 modo

4 3127 7 3133 ·
36 3112 164 3172 radiata.
195 3109 300 3170 bibitur
315 3120 344 3171 11
359 3111 498 3170 adversus
513 3113 668 3192 serpentis.
700 3110 753 3172 sed
770 3111 805 3172 ad
820 3111 963 3188 inguinum
979 3129 1037 3170 me·

4 3196 169 3256 tudicinam
185 3195 299 3255 sinistra
310 3212 394 3255 manu
405 3196 524 3274 decerpi
541 3196 639 3255 iubent
654 3205 683 3255 11
697 3196 774 3255 iuxta
787 3197 897 3263 cinctus
906 3192 1041 3272 adligari

40 3279 168 3358 prodest
185 3287 216 3338 et
232 3278 400 3339 coxendicis
415 3273 510 3340 dolori
526 3280 689 3357 adalligata.
753 3313 755 3320 ι

104 3362 193 3441 (20.)
215 3361 350 3437 Ascyron
365 3372 395 3423 et
409 3363 696 3438 ascyroides‘aimilia
711 3370 776 3422 sunt
795 3359 870 3421 inter
886 3377 919 3418 se
936 3367 965 3420 et
983 3359 1034 3436 hy·
1046 3367 1080 3424 37

39 3446 165 3524 perico,
181 3446 235 3508 sed
251 3448 376 3508 maiores
390 3445 497 3508 habent
509 3465 624 3526 ramos,
645 3445 724 3527 quod
735 3445 904 3522 ascyroides
918 3453 1039 3506 vocatur
