2508 3924
255 193 259 209 ἢ
327 236 831 317 unr.111sr.xu1x.4.‘(tt-3o.)
998 205 1058 298 223

78 407 150 466 euim
162 405 209 466 hic
220 403 321 483 plenus
333 404 479 481 lentigine,
492 403 622 464 stridoris
634 403 742 480 acerbi,
756 404 826 462 eti*
838 403 973 481 vescitur,
985 420 1059 482 quac
1081 439 1084 446 ι

77 491 168 549 omnia
184 507 200 548 a
216 489 321 546 nostris
339 487 506 546 stelionibus
522 489 614 546 aliena
629 497 703 546 sunt.

138 573 221 650 (29.)
244 571 364 630 Prodest
379 581 407 630 et
423 571 590 647 gallinarum
605 572 660 630 limi
677 565 752 630 cinis*
763 570 903 647 inlinitus,
923 571 1055 635 draconis
1067 586 1096 640 91

76 658 165 729 iecur,
181 657 288 714 lacerta
300 654 419 730 divolsa,
433 673 494 712 mus
510 654 648 730 divolsus,
664 655 781 731 scorpio
797 656 859 732 ipse
872 674 940 716 suae
952 658 1056 735 plagae

50 763 63 800 s
76 739 215 817 inpositus
231 747 278 797 aut
293 755 373 798 assus
388 740 416 798 iu
432 737 497 797 cibo
517 746 643 815 sumptus
655 747 702 796 aut
718 746 803 815 potus
819 739 846 795 iu
860 742 931 798 merl
947 741 1056 814 cyathis

77 821 196 881 duobus.
226 823 372 901 proprium
395 831 439 880 est
459 823 641 898 scorpionum
661 821 737 898 quod
751 839 850 880 manus
864 823 985 899 palmam
1000 840 1057 882 non

77 906 178 964 ieriunt
193 923 248 964 uec
263 907 317 963 nisi
332 907 424 982 pilosa
440 907 591 980 attingere.
613 905 726 983 lapillus
742 905 956 982 qualiscumque
971 907 1006 964 ab
1023 925 1058 966 ea

76 998 157 1066 parte
176 1007 232 1066 qua
247 989 274 1047 in
289 998 366 1048 terra
382 997 442 1048 erat
457 990 597 1066 inpositus
614 988 718 1064 plagae
739 988 815 1047 levat
832 988 972 1065 dolorem,
991 992 1059 1048 item

40 1092 44 1098 ’
76 1081 149 1131 testa
163 1081 240 1132 terra
256 1081 358 1150 operta
374 1071 516 1148 exaliqua
531 1079 614 1148 parte
630 1073 703 1130 sicut
719 1081 779 1130 erat
794 1073 917 1150 inposita
934 1072 1058 1132 liberare

43 1156 189 1230 iudicitur,
203 1191 245 1202 -—
262 1173 318 1213 non
340 1154 444 1214 debent
458 1157 606 1232 respicere
623 1156 669 1232 qui
686 1156 821 1232 inponunt
843 1165 871 1214 et
894 1175 998 1216 cavere
1021 1173 1057 1213 ne

29 1313 32 1319 Ι
78 1238 123 1298 sol
139 1238 284 1315 adspiciat,
299 1273 342 1284 -
355 1255 468 1296 vermes
484 1240 590 1296 terreni
610 1240 666 1296 triti
686 1239 811 1315 inpositi.
843 1239 929 1298 lilulta
951 1249 986 1298 et.
1000 1239 1054 1299 alia
1066 1248 1099 1302 92

79 1341 114 1379 eu
127 1321 170 1379 his
185 1321 310 1381 remedia
326 1331 390 1380 sunt
405 1331 523 1399 propter
538 1339 611 1398 quae
625 1323 653 1378 iu
669 1322 755 1380 melle
772 1332 930 1382 servantur.
954 1332 1058 1382 noctua

77 1404 176 1481 apibus
198 1408 339 1466 contraria
370 1413 398 1463 et
419 1406 517 1481 vespis
541 1404 783 1482 crabronibusque
814 1414 842 1464 et
865 1407 1057 1482 sanguisugis

78 1491 132 1564 pici
148 1505 263 1566 quoque
278 1488 371 1548 Martii
388 1496 511 1560 rostrum
529 1506 627 1546 secum
643 1487 783 1546 habentes
795 1506 852 1548 nou
866 1489 1005 1548 icriuutur
1022 1489 1058 1547 ab

43 1573 120 1631 reiis.
154 1571 340 1630 adversantur
363 1581 390 1629 et
412 1571 585 1630 locustarum
608 1573 747 1630 minumae
767 1575 827 1629 sine
851 1573 957 1650 pinnis,
985 1590 1057 1650 quos

76 1654 219 1714 attelebos
236 1663 348 1714 vocant.
385 1653 436 1713 Est
454 1663 482 1712 et
497 1654 676 1712 formicarum
690 1672 781 1728 genus
797 1664 980 1730 venenatum,
1001 1673 1058 1714 uon

75 1739 137 1798 iere
159 1737 296 1798 initalia.
326 1737 475 1816 solipugas
491 1735 595 1796 Cicero
611 1737 754 1814 appellat,
777 1737 911 1815 salpugas
932 1737 1057 1813 Baetica,

75 1823 118 1882 his
133 1823 349 1900 vespertilionis
365 1839 416 1881 cor
434 1821 605 1881 contrarium
621 1820 808 1900 omnibusque
822 1821 967 1897 iormicis,
985 1822 1057 1881 sala-

75 1905 198 1964 mandris
215 1905 391 1964 cantharidas
407 1905 526 1964 diximus
541 1907 687 1964 resistere.
1066 1925 1089 1956 re

42 2007 67 2046 no
138 1989 220 2066 (30.)
245 1987 301 2046 Sed
317 1979 350 2047 iu'
361 1987 405 2046 his
422 2005 523 2063 magna
539 1989 684 2065 quaestio,
700 1990 832 2065 quoniam
846 1990 926 2067 ipsae
946 2005 1054 2046 venena
1067 1998 1101 2052 93'

76 2081 139 2130 sunt
153 2081 240 2148 potae
259 2073 373 2130 vesicae
388 2089 450 2130 cum
469 2072 595 2130 cruciatu
609 2073 777 2149 praecipuo.
808 2070 956 2132 Cossinum
978 2072 1056 2148 equi·

73 2163 131 2213 tem
142 2153 298 2214 Romanurn
310 2153 560 2214 arnicitlaNerouis
570 2155 707 2236 principis
717 2157 823 2230 plnum,
838 2175 900 2216 cum
911 2158 936 2214 is
946 2154 1058 2213 lichene

10 2281 11 2286 η
75 2247 230 2315 conreptus
246 2247 342 2314 esset,
358 2247 476 2296 vocatus
493 2237 630 2315 Aegypto
646 2238 773 2298 medicus
789 2239 825 2298 ob
841 2240 914 2299 hanc
929 2238 1058 2297 valitudi-

74 2337 140 2378 nem
156 2322 216 2380 eius
230 2340 246 2381 a
259 2320 396 2399 Caesare,
417 2339 481 2380 cum
497 2321 689 2381 cantharidum
704 2332 801 2400 potum
816 2339 991 2401 praeparare
1007 2337 1057 2378 vo-

38 2404 194 2478 coluisset,
214 2405 365 2473 interemit.
396 2422 493 2463 verum
514 2405 607 2462 inlitas
632 2405 773 2482 prodesse
795 2424 852 2464 uon
873 2404 986 2464 dubium
1014 2411 1059 2461 est

74 2505 137 2546 cum
160 2504 229 2546 suco
250 2489 380 2547 taminiae
397 2505 468 2546 uvae
490 2496 519 2546 et
541 2487 613 2545 sebo
636 2490 698 2548 ovis
712 2489 761 2547 vel
781 2506 896 2565 caprae.
928 2487 1055 2562 Ipsarum
1066 2495 1100 2550 94

75 2570 267 2629 cantharidum
282 2588 422 2629 venenum
441 2571 469 2629 iu
487 2588 542 2649 qua
555 2580 636 2647 parte
659 2573 767 2629 sitnon
785 2578 895 2630 constat
914 2569 988 2627 inter
1009 2587 1056 2628 au-

74 2663 180 2713 ctores.
210 2654 257 2713 alii
275 2656 303 2712 iu
318 2653 437 2731 pedibus
453 2663 483 2712 et
498 2656 591 2731 capite
608 2655 768 2712 existimant
787 2671 863 2729 esse,
879 2653 926 2711 alii
941 2660 1056 2726 negant.

73 2738 209 2796 convenit
224 2745 328 2796 tantum
347 2738 447 2814 pinnas
465 2755 561 2797 earum
577 2737 721 2809 auxiliari,
737 2737 765 2794 in
783 2753 960 2814 quacumque
976 2744 1057 2811 parte

39 2822 109 2880 ausit
123 2837 273 2878 venenum.
310 2821 392 2897 ipsae
407 2829 558 2879 nascuntur
574 2837 611 2878 ex
629 2820 797 2894 vermiculo,
813 2821 840 2877 in
856 2835 985 2896 spongea
1000 2835 1056 2876 ma-

12 2947 14 2953 .
71 2921 156 2962 xume
173 2902 343 2976 cynorrhodi
360 2922 433 2980 quae
449 2905 479 2962 lit
498 2905 526 2961 iu
542 2903 640 2979 caule,
663 2903 714 2962 sed
732 2903 933 2980 fecundissime
954 2903 982 2972 in
1003 2899 1057 2960 ira·
1112 2910 1115 2916 ’

71 2988 153 3063 ximo,
173 2995 290 3044 ceterae
311 2987 338 3044 in
360 2985 424 3046 alba
448 3003 529 3061 rosa,
549 2989 639 3046 miuus
662 2987 808 3044 efficaces.
828 2985 1057 3064 ‘potentissimae

72 3071 147 3128 inter
169 3071 261 3128 omnis
280 3071 395 3145 variae,
418 3070 502 3129 luteis
518 3069 593 3128 liniis
612 3088 681 3147 quas
698 3071 725 3126 in
740 3070 833 3146 pinnis
848 3077 991 3128 traversas
1006 3067 1056 3125 ha·

72 3152 150 3226 beot,
168 3153 284 3210 multum
300 3155 433 3231 pingues,
452 3155 604 3213 inertiores
620 3155 754 3226 minutae,
770 3153 855 3228 latae,
877 3152 997 3230 pilosae,
1016 3150 1055 3208 in·

39 3237 238 3296 hutilissimae
254 3253 325 3294 vero
347 3239 428 3294 unius
446 3236 554 3295 coloris
575 3253 699 3296 macrae.
728 3233 892 3299 Gouduutur
912 3237 939 3302 iu
962 3232 1052 3292 calice
1064 3243 1098 3296 95

72 3319 152 3378 iictili
169 3337 227 3377 uon
243 3320 339 3396 picato
356 3328 385 3377 et
400 3320 487 3379 linteo
505 3320 649 3396 conligato
658 3363 667 3398 ,
686 3329 837 3379 contectae
853 3335 919 3378 rosa
937 3325 1055 3391 matura,

72 3412 100 3461 et
115 3401 329 3480 suspenduntur
345 3420 431 3479 super
453 3412 562 3462 acetum
586 3421 648 3460 cum
668 3402 730 3461 sale
752 3403 867 3461 fervens
888 3400 981 3459 donec
1003 3415 1055 3475 per
1095 3443 1104 3450 .

10 3561 14 3572 1
71 3485 219 3546 linteolum
233 3494 418 3563 vaporentur,
436 3496 535 3564 postea
552 3495 737 3564 reponuntur.
766 3487 808 3544 vis
824 3502 917 3545 earum
934 3483 1056 3543 adurere
1075 3511 1083 3520 -
1120 3503 1123 3505 ·

884 3649 893 3675 1
