2396 3900
131 211 170 273 80
466 211 497 259 c.
519 207 616 256 entur
639 199 789 252 snccnnr

132 385 256 439 mentum
277 371 390 451 qnidam
411 370 485 426 inter
504 365 574 424 «luas
596 360 662 420 vitis
678 357 775 417 utilius
796 356 897 432 putant
917 344 1025 417 statui,
1053 345 1088 398 et
1108 336 1152 397 ia·

135 461 218 522 cilius
242 455 450 534 ablaqueantur
469 451 526 521 ita,
555 445 716 520 meliusque
741 447 786 499 est
805 429 1098 511 uniiugaerineae,
1128 419 1154 478 si

134 557 229 606 tamen
244 550 273 601 et
288 541 343 618 ipsi
359 539 427 614 iugo
444 535 499 594 sint
513 533 591 590 vires
609 545 665 588 nec
689 525 756 587 batn
771 520 877 581 intesta
892 515 990 592 regio.
1027 510 1062 566 in
1080 521 1153 584 qua-

135 627 285 706 dripertita
303 638 386 702 quam
403 633 569 698 proxumum
588 612 670 674 oneri
686 604 884 670 adminiculum
899 615 970 660 esse
984 592 1098 664 debet,
1117 605 1154 645 ne

135 723 230 774 tamen
251 707 473 786 inpedimentum
494 701 598 760 sentiat
621 693 805 773 ablaqueatio
827 686 926 748 cubito
953 679 1075 741 abesse
1095 685 1197 731 nont,

95 794 284 872 insumptus,
294 787 461 868 ablaqueari
471 793 566 846 autem
577 782 658 860 prius
668 794 752 858 quam
763 773 858 854 putari
867 768 979 829 iubent.
996 761 1065 842 {20}
1080 755 1155 818 Cato

137 881 173 940 de
189 879 264 938 omni
280 874 391 934 cultura
411 871 509 930 uitium
532 869 569 927 ita
592 862 751 944 praecipit:
785 857 895 931 Quam
917 845 1157 911 altissimam
1193 877 1196 882 -

140 957 414 1023 vineamfacito
433 951 818 1029 adligatoquerccte‚
839 928 1157 999 dumneniminm
1192 961 1197 998 3

139 1045 389 1118 constringas.
431 1038 498 1097 boo
521 1034 624 1094 modo
653 1046 729 1090 eam
753 1031 900 1086 curato:
938 1015 1077 1094 nepita
1103 1009 1156 1067 vi·

138 1133 225 1191 tium
256 1145 326 1206 per
361 1115 565 1183 sementem
590 1115 844 1192 ablaqueato.
889 1104 1058 1165 cineam
1093 1105 1193 1173 pn=ra

140 1222 249 1274 tatam
272 1205 554 1278 circumlito,
573 1217 679 1262 arare
701 1193 874 1272 incipito.
906 1186 1013 1247 ultro
1035 1180 1158 1242 citro·
1192 1232 1197 1244 ,,

141 1313 209 1376 que
246 1294 376 1354 sulcos
412 1297 620 1369 perpetuos
654 1283 796 1343 ducito.
855 1274 952 1334 vitis
994 1277 1159 1326 teneras
1193 1273 1197 1314 5

142 1396 242 1459 qnam
273 1378 421 1455 primum
444 1378 666 1452 propagato,
694 1363 964 1430 ottocento,
990 1359 1159 1410 veteres
1194 1417 1195 1422 ἵ

142 1480 244 1541 quam
271 1462 457 1519 minumum
486 1461 661 1515 castrato.
707 1447 851 1527 potius,
878 1443 915 1502 si
938 1455 1041 1516 opus
1066 1431 1159 1502 erit,
1192 1474 1197 1491 2

144 1547 290 1607 deicito
316 1542 538 1618 biennioque
559 1545 645 1616 post
667 1528 895 1613 praecidito.
941 1523 1071 1581 vitem
1098 1528 1196 1576 nous

142 1629 276 1690 veliam
300 1625 474 1686 resecari
504 1631 574 1682 tum
601 1621 673 1680 erit
701 1626 863 1692 tempus,
894 1607 959 1669 ubi
987 1600 1159 1664 valebit.
1193 1643 1197 1650 .

103 1715 193 1778 196si
215 1713 324 1771 vlnea
344 1709 386 1770 ab
402 1709 478 1766 vite
495 1706 642 1765 calvata
658 1702 747 1776 erit,
764 1697 889 1758 sulcos
905 1686 1161 1768 interponito
1193 1675 1196 1740 Ῐ

143 1796 268 1872 ibique
292 1794 410 1852 vivam
437 1790 598 1849 radicem
625 1785 755 1847 serito.
800 1779 1010 1839 umbrama
1037 1768 1162 1831 sulcis

143 1884 354 1974 removeto,
385 1871 593 1951 crebroque
622 1870 753 1930 fodito.
809 1863 847 1924 in
873 1863 989 1922 vinea
1022 1863 1163 1916 vetere

144 1968 264 2056 serito
287 1959 447 2031 ocinum,
472 1956 507 2014 si
528 1973 648 2014 macra
668 1953 749 2012 erit.
794 1945 892 2028 quod
914 1959 1083 2022 granum
1105 1953 1170 2006 ca·¹

144 2051 199 2119 put
220 2059 263 2100 ne
285 2041 424 2115 serito,
451 2047 486 2098 et
509 2040 643 2098 circum
667 2037 792 2113 capita
820 2031 951 2092 addito
982 2036 1163 2094 stercus,
1193 2018 1196 2092 ζ

103 2124 314 2202 lbtpaleas‚
337 2125 529 2196 vinaceaa,
552 2121 695 2200 aliquid
716 2119 904 2178 horumce.
952 2111 1028 2172 Ubi
1051 2109 1167 2167 vinea
1194 2099 1196 2102 ’

144 2206 321 2304 frondere
346 2207 537 2283 coeperit,
560 2205 782 2284 pampinato.
815 2201 950 2259 vineas
976 2190 1167 2254 novellas

146 2289 313 2388 adligato
348 2289 497 2364 crebro,
531 2308 572 2348 ne
607 2287 728 2348 caulis
757 2283 1075 2364 praestingatnr.
1136 2279 1197 2332 et,

146 2389 238 2450 quae
262 2391 329 2470 ram
358 2375 393 2432 in
415 2373 598 2451 perticam
626 2371 694 2430 ibit
717 2370 797 2430 eins
819 2367 1033 2446 pampinos
1060 2356 1198 2420 tene-l

145 2471 207 2514 ros
246 2456 416 2532 adingato
461 2456 601 2515 leviter
640 2455 906 2533 porrigitoque
950 2447 1008 2508 nti
1057 2449 1197 2508 recte}

147 2546 254 2598 stent.
291 2539 350 2599 ubi
372 2557 439 2599 uva
462 2541 566 2599 varia
591 2539 680 2598 fieri
701 2535 896 2615 coeperit,
917 2533 1018 2591 vitis
1045 2525 1169 2589 subli·

104 2627 300 2696 tbbgato...
335 2622 393 2700 [21]
417 2623 515 2681 Vitis
532 2623 662 2682 insitio
679 2629 904 2697 unaestper
927 2635 1018 2692 ver,
1042 2613 1171 2674 altera

145 2718 219 2762 cnm
248 2721 314 2764 uva
343 2705 470 2765 ilnret.
524 2724 565 2766 ea
586 2714 731 2785 optuma
758 2712 865 2764 est...
911 2700 1083 2760 Vineam
1107 2711 1169 2754 ve·

144 2793 260 2845 terem
283 2790 313 2847 si
336 2789 369 2846 in
392 2788 503 2848 alium
527 2790 647 2849 locum
669 2788 883 2850 transferre
901 2783 1040 2860 votes,
1070 2781 1170 2841 dum·

145 2875 246 2927 taxat
264 2868 481 2968 bracchium
503 2890 667 2934 crassam
685 2870 831 2933 licebit.
854 2865 1029 2948 'primum
1050 2867 1171 2942 depu-

144 2957 230 3046 tato.
254 2951 534 3030 bunasgemmas
552 2953 1022 3035 neampliusrelinqnito.
1050 2963 1172 3010 exra-

145 3030 289 3131 prothus
306 3035 399 3096 bene
417 3038 920 3100 effodito.etcaveradices
937 3032 1197 3096 nesauciess

143 3122 193 3209 tta
211 3125 263 3174 utu
285 3118 418 3194 inerit,
442 3125 626 3198 ponitoin
648 3121 783 3184 scrobe
802 3123 914 3181 autin
937 3119 1056 3180 sulec
1081 3133 1173 3195 ope·

144 3204 293 3274 rltoque
316 3201 466 3296 etnbene
490 3208 700 3268 occultato.
740 3205 951 3284 eodemque
977 3202 1096 3264 modo
1121 3189 1197 3259 vi?

144 3286 1063 3380 neamstat¹¹¹}0sildligatoilenatoquentiluerit
1090 3301 1172 3344 ere·

144 3356 285 3438 broque
301 3363 434 3424 fodito.
453 3366 586 3450 Ocinum,
596 3375 674 3452 quoti
683 3375 711 3432 in
720 3374 875 3433 vineaseri
885 3371 984 3448 iubet,
993 3332 1173 3450 antiquiap·

145 3439 292 3512 pellebant
302 3447 439 3523 pabulum
452 3452 573 3516 umbrae
587 3460 712 3535 patiens,
727 3458 805 3535 quod
820 3457 981 3517 celerrime
997 3454 1173 3536 proveniat.
