<?xml version="1.0" encoding="UTF-8"?>
<!DOCTYPE html PUBLIC "-//W3C//DTD XHTML 1.0 Transitional//EN"
    "http://www.w3.org/TR/xhtml1/DTD/xhtml1-transitional.dtd">
<html xmlns="http://www.w3.org/1999/xhtml" xml:lang="en" lang="en">
 <head>
  <title>
</title>
<meta http-equiv="Content-Type" content="text/html;charset=utf-8" />
  <meta name='ocr-system' content='tesseract 3.04.00' />
  <meta name='ocr-capabilities' content='ocr_page ocr_carea ocr_par ocr_line ocrx_word'/>
</head>
<body>
  <div class='ocr_page' id='page_1' title='image "./naturalishistor00plingoog/naturalishistor00plingoog_0279.png"; bbox 0 0 2458 3906; ppageno 0'>
   <div class='ocr_carea' id='block_1_1' title="bbox 283 207 1071 330">
    <p class='ocr_par' dir='ltr' id='par_1_1' title="bbox 283 207 1071 330">
     <span class='ocr_line' id='line_1_1' title="bbox 283 207 1071 330; baseline 0.006 -22"><span class='ocrx_word' id='word_1_1' title='bbox 283 262 364 309; x_wconf 76' lang='lat' dir='ltr'><strong>unu.</strong></span> <span class='ocrx_word' id='word_1_2' title='bbox 380 261 472 310; x_wconf 78' lang='lat' dir='ltr'><strong>rursu.</strong></span> <span class='ocrx_word' id='word_1_3' title='bbox 488 207 553 310; x_wconf 77' lang='lat' dir='ltr'><strong>ux.¹</strong></span> <span class='ocrx_word' id='word_1_4' title='bbox 565 258 683 313; x_wconf 80' lang='lat' dir='ltr'><strong>rs-to.</strong></span> <span class='ocrx_word' id='word_1_5' title='bbox 699 250 853 330; x_wconf 80' lang='lat' dir='ltr'><strong>(eo—83.)</strong></span> <span class='ocrx_word' id='word_1_6' title='bbox 1008 250 1071 313; x_wconf 82' lang='lat'><strong>223</strong></span> 
     </span>
    </p>
   </div>
   <div class='ocr_carea' id='block_1_2' title="bbox 2 416 1119 3637">
    <p class='ocr_par' dir='ltr' id='par_1_2' title="bbox 2 416 1119 3637">
     <span class='ocr_line' id='line_1_2' title="bbox 61 416 1071 500; baseline 0.001 -20"><span class='ocrx_word' id='word_1_7' title='bbox 61 418 216 500; x_wconf 76' lang='lat' dir='ltr'><strong>inpetibilis</strong></span> <span class='ocrx_word' id='word_1_8' title='bbox 237 435 314 478; x_wconf 83' lang='lat' dir='ltr'><strong>uvae</strong></span> <span class='ocrx_word' id='word_1_9' title='bbox 335 416 456 480; x_wconf 85' lang='lat' dir='ltr'>morbos</span> <span class='ocrx_word' id='word_1_10' title='bbox 476 418 604 479; x_wconf 86' lang='lat' dir='ltr'><strong>radicem</strong></span> <span class='ocrx_word' id='word_1_11' title='bbox 622 419 684 478; x_wconf 92' lang='lat' dir='ltr'><strong>eius</strong></span> <span class='ocrx_word' id='word_1_12' title='bbox 702 419 752 480; x_wconf 92' lang='lat' dir='ltr'><strong>lilo</strong></span> <span class='ocrx_word' id='word_1_13' title='bbox 767 437 939 500; x_wconf 80' lang='lat' dir='ltr'><strong>suspensam</strong></span> <span class='ocrx_word' id='word_1_14' title='bbox 958 439 975 480; x_wconf 90' lang='lat' dir='ltr'><strong>e</strong></span> <span class='ocrx_word' id='word_1_15' title='bbox 991 419 1071 482; x_wconf 92' lang='lat' dir='ltr'><strong>collo</strong></span> 
     </span>
     <span class='ocr_line' id='line_1_3' title="bbox 62 502 1070 583; baseline -0.001 -18"><span class='ocrx_word' id='word_1_16' title='bbox 62 522 164 583; x_wconf 79' lang='lat' dir='ltr'>gerere</span> <span class='ocrx_word' id='word_1_17' title='bbox 188 510 397 583; x_wconf 81' lang='lat' dir='ltr'>praeterquam</span> <span class='ocrx_word' id='word_1_18' title='bbox 423 505 452 562; x_wconf 94' lang='lat' dir='ltr'><strong>in</strong></span> <span class='ocrx_word' id='word_1_19' title='bbox 477 502 618 579; x_wconf 81' lang='lat' dir='ltr'><strong>balineis,</strong></span> <span class='ocrx_word' id='word_1_20' title='bbox 648 504 686 564; x_wconf 90' lang='lat' dir='ltr'><strong>ita</strong></span> <span class='ocrx_word' id='word_1_21' title='bbox 710 504 862 565; x_wconf 87' lang='lat' dir='ltr'><strong>liberatum</strong></span> <span class='ocrx_word' id='word_1_22' title='bbox 888 505 1070 566; x_wconf 90' lang='lat' dir='ltr'><strong>incommodo</strong></span> 
     </span>
     <span class='ocr_line' id='line_1_4' title="bbox 62 587 1070 669; baseline -0.001 -20"><span class='ocrx_word' id='word_1_23' title='bbox 62 591 142 649; x_wconf 90' lang='lat' dir='ltr'><strong>omui.</strong></span> <span class='ocrx_word' id='word_1_24' title='bbox 180 589 248 667; x_wconf 93' lang='lat' dir='ltr'><strong>quin</strong></span> <span class='ocrx_word' id='word_1_25' title='bbox 270 589 358 648; x_wconf 91' lang='lat' dir='ltr'><strong>etiam</strong></span> <span class='ocrx_word' id='word_1_26' title='bbox 379 588 477 647; x_wconf 89' lang='lat' dir='ltr'><strong>iuveni</strong></span> <span class='ocrx_word' id='word_1_27' title='bbox 497 587 573 666; x_wconf 91' lang='lat' dir='ltr'><strong>apud</strong></span> <span class='ocrx_word' id='word_1_28' title='bbox 588 596 725 648; x_wconf 89' lang='lat' dir='ltr'><strong>auctores</strong></span> <span class='ocrx_word' id='word_1_29' title='bbox 743 598 828 669; x_wconf 90' lang='lat' dir='ltr'><strong>caput</strong></span> <span class='ocrx_word' id='word_1_30' title='bbox 845 591 955 652; x_wconf 88' lang='lat' dir='ltr'><strong>inlitum</strong></span> <span class='ocrx_word' id='word_1_31' title='bbox 970 608 1007 650; x_wconf 88' lang='lat' dir='ltr'><strong>ea</strong></span> <span class='ocrx_word' id='word_1_32' title='bbox 1020 589 1070 649; x_wconf 91' lang='lat' dir='ltr'><strong>de-</strong></span> 
     </span>
     <span class='ocr_line' id='line_1_5' title="bbox 62 672 1071 735; baseline 0 -1"><span class='ocrx_word' id='word_1_33' title='bbox 62 672 247 734; x_wconf 87' lang='lat' dir='ltr'><strong>stillationem</strong></span> <span class='ocrx_word' id='word_1_34' title='bbox 266 690 343 733; x_wconf 90' lang='lat' dir='ltr'><strong>anuo</strong></span> <span class='ocrx_word' id='word_1_35' title='bbox 361 680 423 732; x_wconf 91' lang='lat' dir='ltr'><strong>toto</strong></span> <span class='ocrx_word' id='word_1_36' title='bbox 444 689 502 732; x_wconf 89' lang='lat' dir='ltr'><strong>nou</strong></span> <span class='ocrx_word' id='word_1_37' title='bbox 525 672 644 733; x_wconf 89' lang='lat' dir='ltr'><strong>sentire.</strong></span> <span class='ocrx_word' id='word_1_38' title='bbox 683 674 786 734; x_wconf 87' lang='lat' dir='ltr'><strong>oculos</strong></span> <span class='ocrx_word' id='word_1_39' title='bbox 808 683 904 735; x_wconf 91' lang='lat' dir='ltr'><strong>tamen</strong></span> <span class='ocrx_word' id='word_1_40' title='bbox 929 673 1071 735; x_wconf 91' lang='lat' dir='ltr'><strong>hebetare</strong></span> 
     </span>
     <span class='ocr_line' id='line_1_6' title="bbox 42 767 184 819; baseline -0.007 0"><span class='ocrx_word' id='word_1_41' title='bbox 42 781 52 819; x_wconf 83' lang='grc' dir='ltr'><strong>ι</strong></span> <span class='ocrx_word' id='word_1_42' title='bbox 80 767 184 818; x_wconf 85' lang='lat' dir='ltr'><strong>utatur.</strong></span> 
     </span>
     <span class='ocr_line' id='line_1_7' title="bbox 62 777 1114 922; baseline 0.005 -19"><span class='ocrx_word' id='word_1_43' title='bbox 62 777 79 838; x_wconf 63' lang='lat' dir='ltr'>p</span> <span class='ocrx_word' id='word_1_44' title='bbox 120 841 208 922; x_wconf 86' lang='lat'><strong>(82.)</strong></span> <span class='ocrx_word' id='word_1_45' title='bbox 233 839 425 902; x_wconf 85' lang='lat' dir='ltr'><strong>Goriandrnm</strong></span> <span class='ocrx_word' id='word_1_46' title='bbox 440 842 514 900; x_wconf 88' lang='lat' dir='ltr'><strong>iuter</strong></span> <span class='ocrx_word' id='word_1_47' title='bbox 528 840 673 902; x_wconf 83' lang='lat' dir='ltr'><strong>silvestria</strong></span> <span class='ocrx_word' id='word_1_48' title='bbox 687 859 745 904; x_wconf 90' lang='lat' dir='ltr'><strong>non</strong></span> <span class='ocrx_word' id='word_1_49' title='bbox 760 843 912 906; x_wconf 86' lang='lat' dir='ltr'><strong>iuvenitur.</strong></span> <span class='ocrx_word' id='word_1_50' title='bbox 936 846 1048 922; x_wconf 89' lang='lat' dir='ltr'><strong>praeci·</strong></span> <span class='ocrx_word' id='word_1_51' title='bbox 1061 853 1114 908; x_wconf 82' lang='lat' dir='ltr'><strong>tto</strong></span> 
     </span>
     <span class='ocr_line' id='line_1_8' title="bbox 62 923 1071 1007; baseline -0.001 -20"><span class='ocrx_word' id='word_1_52' title='bbox 62 945 141 1007; x_wconf 85' lang='lat' dir='ltr'><strong>puum</strong></span> <span class='ocrx_word' id='word_1_53' title='bbox 155 945 228 988; x_wconf 86' lang='lat' dir='ltr'><strong>esse</strong></span> <span class='ocrx_word' id='word_1_54' title='bbox 244 934 361 986; x_wconf 88' lang='lat' dir='ltr'><strong>constat</strong></span> <span class='ocrx_word' id='word_1_55' title='bbox 375 926 469 985; x_wconf 89' lang='lat' dir='ltr'><strong>statim</strong></span> <span class='ocrx_word' id='word_1_56' title='bbox 483 923 668 1004; x_wconf 78' lang='lat' dir='ltr'><strong>Aegyptium.</strong></span> <span class='ocrx_word' id='word_1_57' title='bbox 689 927 768 988; x_wconf 89' lang='lat' dir='ltr'><strong>valet</strong></span> <span class='ocrx_word' id='word_1_58' title='bbox 780 937 881 989; x_wconf 90' lang='lat' dir='ltr'><strong>contra</strong></span> <span class='ocrx_word' id='word_1_59' title='bbox 893 931 1071 1006; x_wconf 77' lang='lat' dir='ltr'><strong>serpentium</strong></span> 
     </span>
     <span class='ocr_line' id='line_1_9' title="bbox 61 1009 1069 1092; baseline -0.002 -20"><span class='ocrx_word' id='word_1_60' title='bbox 61 1030 147 1089; x_wconf 76' lang='lat' dir='ltr'><strong>penus</strong></span> <span class='ocrx_word' id='word_1_61' title='bbox 166 1029 256 1070; x_wconf 88' lang='lat' dir='ltr'><strong>uuum</strong></span> <span class='ocrx_word' id='word_1_62' title='bbox 277 1009 355 1089; x_wconf 91' lang='lat' dir='ltr'><strong>quod</strong></span> <span class='ocrx_word' id='word_1_63' title='bbox 372 1009 595 1089; x_wconf 82' lang='lat' dir='ltr'><strong>amphisbaenas</strong></span> <span class='ocrx_word' id='word_1_64' title='bbox 606 1021 716 1071; x_wconf 69' lang='lat' dir='ltr'><strong>vvocant</strong></span> <span class='ocrx_word' id='word_1_65' title='bbox 732 1020 831 1092; x_wconf 90' lang='lat' dir='ltr'><strong>potum</strong></span> <span class='ocrx_word' id='word_1_66' title='bbox 846 1013 1069 1092; x_wconf 89' lang='lat' dir='ltr'><strong>inpositumque.</strong></span> 
     </span>
     <span class='ocr_line' id='line_1_10' title="bbox 62 1094 1071 1174; baseline 0 -18"><span class='ocrx_word' id='word_1_67' title='bbox 62 1106 136 1157; x_wconf 87' lang='lat' dir='ltr'><strong>sanat</strong></span> <span class='ocrx_word' id='word_1_68' title='bbox 145 1106 177 1156; x_wconf 89' lang='lat' dir='ltr'><strong>et</strong></span> <span class='ocrx_word' id='word_1_69' title='bbox 188 1095 248 1156; x_wconf 89' lang='lat' dir='ltr'><strong>alin</strong></span> <span class='ocrx_word' id='word_1_70' title='bbox 259 1094 394 1171; x_wconf 88' lang='lat' dir='ltr'><strong>volnera,</strong></span> <span class='ocrx_word' id='word_1_71' title='bbox 411 1094 602 1174; x_wconf 74' lang='lat' dir='ltr'><strong>epinyctidas,</strong></span> <span class='ocrx_word' id='word_1_72' title='bbox 618 1096 737 1174; x_wconf 79' lang='lat' dir='ltr'><strong>pusulas</strong></span> <span class='ocrx_word' id='word_1_73' title='bbox 748 1098 853 1157; x_wconf 88' lang='lat' dir='ltr'><strong>tritum.</strong></span> <span class='ocrx_word' id='word_1_74' title='bbox 880 1099 924 1158; x_wconf 90' lang='lat' dir='ltr'><strong>sio</strong></span> <span class='ocrx_word' id='word_1_75' title='bbox 937 1105 966 1156; x_wconf 91' lang='lat' dir='ltr'><strong>et</strong></span> <span class='ocrx_word' id='word_1_76' title='bbox 978 1098 1071 1159; x_wconf 90' lang='lat' dir='ltr'><strong>omnis</strong></span> 
     </span>
     <span class='ocr_line' id='line_1_11' title="bbox 3 1179 1070 1262; baseline 0.001 -23"><span class='ocrx_word' id='word_1_77' title='bbox 3 1179 5 1262; x_wconf 62' lang='grc' dir='ltr'>ᾗ</span> <span class='ocrx_word' id='word_1_78' title='bbox 36 1200 54 1239; x_wconf 87' lang='grc' dir='ltr'><strong>ιι</strong></span> <span class='ocrx_word' id='word_1_79' title='bbox 61 1191 187 1242; x_wconf 84' lang='lat' dir='ltr'><strong>tumores</strong></span> <span class='ocrx_word' id='word_1_80' title='bbox 201 1179 457 1258; x_wconf 76' lang='lat' dir='ltr'><strong>collectionesque</strong></span> <span class='ocrx_word' id='word_1_81' title='bbox 471 1197 535 1239; x_wconf 90' lang='lat' dir='ltr'><strong>oum</strong></span> <span class='ocrx_word' id='word_1_82' title='bbox 546 1179 635 1240; x_wconf 90' lang='lat' dir='ltr'><strong>melle</strong></span> <span class='ocrx_word' id='word_1_83' title='bbox 651 1189 698 1241; x_wconf 92' lang='lat' dir='ltr'><strong>aut</strong></span> <span class='ocrx_word' id='word_1_84' title='bbox 709 1199 764 1242; x_wconf 84' lang='lat' dir='ltr'><strong>uva</strong></span> <span class='ocrx_word' id='word_1_85' title='bbox 776 1199 877 1260; x_wconf 88' lang='lat' dir='ltr'><strong>passa,</strong></span> <span class='ocrx_word' id='word_1_86' title='bbox 894 1199 986 1260; x_wconf 89' lang='lat' dir='ltr'><strong>panos</strong></span> <span class='ocrx_word' id='word_1_87' title='bbox 999 1199 1070 1242; x_wconf 92' lang='lat' dir='ltr'><strong>vero</strong></span> 
     </span>
     <span class='ocr_line' id='line_1_12' title="bbox 3 1264 1072 1342; baseline -0.001 -16"><span class='ocrx_word' id='word_1_88' title='bbox 3 1265 5 1342; x_wconf 72' lang='lat' dir='ltr'><strong>l</strong></span> <span class='ocrx_word' id='word_1_89' title='bbox 63 1285 97 1326; x_wconf 87' lang='lat' dir='ltr'><strong>er</strong></span> <span class='ocrx_word' id='word_1_90' title='bbox 105 1276 194 1330; x_wconf 87' lang='lat' dir='ltr'><strong>aceto</strong></span> <span class='ocrx_word' id='word_1_91' title='bbox 206 1266 312 1328; x_wconf 89' lang='lat' dir='ltr'><strong>tritum.</strong></span> <span class='ocrx_word' id='word_1_92' title='bbox 337 1266 455 1325; x_wconf 88' lang='lat' dir='ltr'><strong>seminis</strong></span> <span class='ocrx_word' id='word_1_93' title='bbox 471 1281 561 1342; x_wconf 80' lang='lat' dir='ltr'><strong>grana</strong></span> <span class='ocrx_word' id='word_1_94' title='bbox 572 1264 627 1325; x_wconf 87' lang='lat' dir='ltr'><strong>tria</strong></span> <span class='ocrx_word' id='word_1_95' title='bbox 642 1266 671 1324; x_wconf 92' lang='lat' dir='ltr'><strong>in</strong></span> <span class='ocrx_word' id='word_1_96' title='bbox 681 1266 812 1326; x_wconf 90' lang='lat' dir='ltr'><strong>tertianis</strong></span> <span class='ocrx_word' id='word_1_97' title='bbox 823 1265 958 1328; x_wconf 87' lang='lat' dir='ltr'><strong>devorari</strong></span> <span class='ocrx_word' id='word_1_98' title='bbox 972 1266 1072 1326; x_wconf 92' lang='lat' dir='ltr'><strong>iubent</strong></span> 
     </span>
     <span class='ocr_line' id='line_1_13' title="bbox 63 1349 1114 1430; baseline 0.002 -18"><span class='ocrx_word' id='word_1_99' title='bbox 63 1351 142 1430; x_wconf 79' lang='lat' dir='ltr'><strong>aliqui</strong></span> <span class='ocrx_word' id='word_1_100' title='bbox 158 1359 229 1411; x_wconf 89' lang='lat' dir='ltr'><strong>aute</strong></span> <span class='ocrx_word' id='word_1_101' title='bbox 247 1350 468 1426; x_wconf 86' lang='lat' dir='ltr'><strong>accessionem,</strong></span> <span class='ocrx_word' id='word_1_102' title='bbox 483 1349 532 1409; x_wconf 87' lang='lat' dir='ltr'><strong>vel</strong></span> <span class='ocrx_word' id='word_1_103' title='bbox 548 1349 633 1429; x_wconf 93' lang='lat' dir='ltr'><strong>plura</strong></span> <span class='ocrx_word' id='word_1_104' title='bbox 646 1350 726 1410; x_wconf 90' lang='lat' dir='ltr'><strong>inlini</strong></span> <span class='ocrx_word' id='word_1_105' title='bbox 740 1349 837 1411; x_wconf 84' lang='lat' dir='ltr'><strong>fronti.</strong></span> <span class='ocrx_word' id='word_1_106' title='bbox 874 1360 938 1412; x_wconf 90' lang='lat' dir='ltr'><strong>sont</strong></span> <span class='ocrx_word' id='word_1_107' title='bbox 956 1352 1004 1430; x_wconf 92' lang='lat' dir='ltr'><strong>qui</strong></span> <span class='ocrx_word' id='word_1_108' title='bbox 1021 1360 1050 1412; x_wconf 92' lang='lat' dir='ltr'><strong>et</strong></span> <span class='ocrx_word' id='word_1_109' title='bbox 1061 1359 1114 1414; x_wconf 80' lang='lat' dir='ltr'><strong>art</strong></span> 
     </span>
     <span class='ocr_line' id='line_1_14' title="bbox 63 1433 1071 1516; baseline -0.001 -20"><span class='ocrx_word' id='word_1_110' title='bbox 63 1444 121 1496; x_wconf 87' lang='lat' dir='ltr'><strong>unte</strong></span> <span class='ocrx_word' id='word_1_111' title='bbox 139 1435 218 1496; x_wconf 89' lang='lat' dir='ltr'><strong>solis</strong></span> <span class='ocrx_word' id='word_1_112' title='bbox 237 1443 332 1496; x_wconf 92' lang='lat' dir='ltr'><strong>ortum</strong></span> <span class='ocrx_word' id='word_1_113' title='bbox 355 1433 549 1494; x_wconf 84' lang='lat' dir='ltr'><strong>cervicalibus</strong></span> <span class='ocrx_word' id='word_1_114' title='bbox 571 1433 665 1494; x_wconf 88' lang='lat' dir='ltr'><strong>subici</strong></span> <span class='ocrx_word' id='word_1_115' title='bbox 691 1434 853 1496; x_wconf 81' lang='lat' dir='ltr'><strong>efficaciter</strong></span> <span class='ocrx_word' id='word_1_116' title='bbox 880 1445 990 1516; x_wconf 91' lang='lat' dir='ltr'><strong>putent.</strong></span> <span class='ocrx_word' id='word_1_117' title='bbox 1026 1437 1071 1496; x_wconf 84' lang='lat' dir='ltr'><strong>ris</strong></span> 
     </span>
     <span class='ocr_line' id='line_1_15' title="bbox 62 1519 1070 1620; baseline 0 -40"><span class='ocrx_word' id='word_1_118' title='bbox 62 1539 158 1598; x_wconf 77' lang='lat' dir='ltr'><strong>magna</strong></span> <span class='ocrx_word' id='word_1_119' title='bbox 185 1519 223 1580; x_wconf 93' lang='lat' dir='ltr'><strong>ad</strong></span> <span class='ocrx_word' id='word_1_120' title='bbox 247 1519 466 1597; x_wconf 80' lang='lat' dir='ltr'>refrigerandos</span> <span class='ocrx_word' id='word_1_121' title='bbox 482 1519 604 1580; x_wconf 87' lang='lat' dir='ltr'><strong>ardores</strong></span> <span class='ocrx_word' id='word_1_122' title='bbox 622 1520 715 1581; x_wconf 88' lang='lat' dir='ltr'><strong>viridi</strong></span> <span class='ocrx_word' id='word_1_123' title='bbox 744 1520 845 1580; x_wconf 90' lang='lat' dir='ltr'><strong>ulcera</strong></span> <span class='ocrx_word' id='word_1_124' title='bbox 863 1537 980 1620; x_wconf 91' lang='lat' dir='ltr'><strong>quoqne</strong></span> <span class='ocrx_word' id='word_1_125' title='bbox 996 1538 1070 1599; x_wconf 92' lang='lat' dir='ltr'><strong>quae</strong></span> 
     </span>
     <span class='ocr_line' id='line_1_16' title="bbox 36 1603 1070 1684; baseline 0.001 -20"><span class='ocrx_word' id='word_1_126' title='bbox 36 1615 179 1684; x_wconf 78' lang='lat' dir='ltr'><strong>usserpunt</strong></span> <span class='ocrx_word' id='word_1_127' title='bbox 195 1612 279 1666; x_wconf 88' lang='lat' dir='ltr'><strong>sanat</strong></span> <span class='ocrx_word' id='word_1_128' title='bbox 295 1622 360 1665; x_wconf 90' lang='lat' dir='ltr'><strong>oum</strong></span> <span class='ocrx_word' id='word_1_129' title='bbox 373 1603 461 1665; x_wconf 88' lang='lat' dir='ltr'><strong>melle</strong></span> <span class='ocrx_word' id='word_1_130' title='bbox 476 1603 524 1663; x_wconf 87' lang='lat' dir='ltr'><strong>vel</strong></span> <span class='ocrx_word' id='word_1_131' title='bbox 540 1621 595 1663; x_wconf 82' lang='lat' dir='ltr'><strong>ura</strong></span> <span class='ocrx_word' id='word_1_132' title='bbox 611 1622 715 1683; x_wconf 88' lang='lat' dir='ltr'><strong>passa,</strong></span> <span class='ocrx_word' id='word_1_133' title='bbox 730 1605 798 1665; x_wconf 91' lang='lat' dir='ltr'><strong>item</strong></span> <span class='ocrx_word' id='word_1_134' title='bbox 813 1607 896 1665; x_wconf 89' lang='lat' dir='ltr'><strong>testis</strong></span> <span class='ocrx_word' id='word_1_135' title='bbox 904 1605 1070 1682; x_wconf 89' lang='lat' dir='ltr'><strong>,ambusta,</strong></span> 
     </span>
     <span class='ocr_line' id='line_1_17' title="bbox 63 1688 1070 1770; baseline -0.002 -20"><span class='ocrx_word' id='word_1_136' title='bbox 63 1689 271 1768; x_wconf 87' lang='lat' dir='ltr'><strong>carbunculos,</strong></span> <span class='ocrx_word' id='word_1_137' title='bbox 296 1690 391 1766; x_wconf 89' lang='lat' dir='ltr'><strong>auris,</strong></span> <span class='ocrx_word' id='word_1_138' title='bbox 415 1707 480 1748; x_wconf 91' lang='lat' dir='ltr'><strong>cum</strong></span> <span class='ocrx_word' id='word_1_139' title='bbox 495 1688 570 1749; x_wconf 90' lang='lat' dir='ltr'><strong>lacte</strong></span> <span class='ocrx_word' id='word_1_140' title='bbox 588 1689 718 1750; x_wconf 90' lang='lat' dir='ltr'><strong>mulieris</strong></span> <span class='ocrx_word' id='word_1_141' title='bbox 733 1689 891 1770; x_wconf 88' lang='lat' dir='ltr'><strong>epiphoras</strong></span> <span class='ocrx_word' id='word_1_142' title='bbox 909 1689 1070 1765; x_wconf 88' lang='lat' dir='ltr'><strong>oculorum,</strong></span> 
     </span>
     <span class='ocr_line' id='line_1_18' title="bbox 3 1772 1071 1854; baseline 0 -22"><span class='ocrx_word' id='word_1_143' title='bbox 3 1811 5 1824; x_wconf 74' lang='lat'>.</span> <span class='ocrx_word' id='word_1_144' title='bbox 61 1777 166 1835; x_wconf 86' lang='lat' dir='ltr'><strong>ventris</strong></span> <span class='ocrx_word' id='word_1_145' title='bbox 195 1783 225 1835; x_wconf 87' lang='lat' dir='ltr'><strong>et</strong></span> <span class='ocrx_word' id='word_1_146' title='bbox 256 1775 459 1834; x_wconf 89' lang='lat' dir='ltr'><strong>intestinorum</strong></span> <span class='ocrx_word' id='word_1_147' title='bbox 485 1772 640 1834; x_wconf 88' lang='lat' dir='ltr'><strong>fluctiones</strong></span> <span class='ocrx_word' id='word_1_148' title='bbox 666 1791 766 1834; x_wconf 90' lang='lat' dir='ltr'><strong>semen</strong></span> <span class='ocrx_word' id='word_1_149' title='bbox 794 1793 832 1835; x_wconf 89' lang='lat' dir='ltr'><strong>ex</strong></span> <span class='ocrx_word' id='word_1_150' title='bbox 858 1793 933 1854; x_wconf 89' lang='lat' dir='ltr'><strong>aqua</strong></span> <span class='ocrx_word' id='word_1_151' title='bbox 962 1783 1071 1854; x_wconf 92' lang='lat' dir='ltr'><strong>potum.</strong></span> 
     </span>
     <span class='ocr_line' id='line_1_19' title="bbox 3 1851 1116 1938; baseline 0.003 -18.168"><span class='ocrx_word' id='word_1_152' title='bbox 3 1851 162 1920; x_wconf 88' lang='lat' dir='ltr'><strong>bibitur</strong></span> <span class='ocrx_word' id='word_1_153' title='bbox 179 1868 210 1919; x_wconf 91' lang='lat' dir='ltr'><strong>et</strong></span> <span class='ocrx_word' id='word_1_154' title='bbox 225 1860 255 1918; x_wconf 92' lang='lat' dir='ltr'><strong>in</strong></span> <span class='ocrx_word' id='word_1_155' title='bbox 269 1858 398 1919; x_wconf 87' lang='lat' dir='ltr'><strong>choleris</strong></span> <span class='ocrx_word' id='word_1_156' title='bbox 414 1875 479 1918; x_wconf 92' lang='lat' dir='ltr'><strong>oum</strong></span> <span class='ocrx_word' id='word_1_157' title='bbox 493 1867 566 1917; x_wconf 91' lang='lat' dir='ltr'><strong>ruta.</strong></span> <span class='ocrx_word' id='word_1_158' title='bbox 591 1857 675 1938; x_wconf 90' lang='lat' dir='ltr'><strong>pellit</strong></span> <span class='ocrx_word' id='word_1_159' title='bbox 685 1859 837 1920; x_wconf 89' lang='lat' dir='ltr'><strong>animalia&#39;</strong></span> <span class='ocrx_word' id='word_1_160' title='bbox 830 1869 1054 1935; x_wconf 77' lang='lat' dir='ltr'><strong>interaneorum,</strong></span> <span class='ocrx_word' id='word_1_161' title='bbox 1063 1868 1116 1922; x_wconf 75' lang='lat'><strong>218</strong></span> 
     </span>
     <span class='ocr_line' id='line_1_20' title="bbox 3 1943 1071 2044; baseline 0 -40"><span class='ocrx_word' id='word_1_162' title='bbox 3 1947 5 1964; x_wconf 90' lang='lat'>&#39;</span> <span class='ocrx_word' id='word_1_163' title='bbox 64 1963 120 2004; x_wconf 90' lang='lat' dir='ltr'><strong>oum</strong></span> <span class='ocrx_word' id='word_1_164' title='bbox 133 1943 205 2004; x_wconf 91' lang='lat' dir='ltr'><strong>mali</strong></span> <span class='ocrx_word' id='word_1_165' title='bbox 222 1944 322 2044; x_wconf 87' lang='lat' dir='ltr'><strong>punici</strong></span> <span class='ocrx_word' id='word_1_166' title='bbox 338 1961 410 2004; x_wconf 89' lang='lat' dir='ltr'><strong>suco</strong></span> <span class='ocrx_word' id='word_1_167' title='bbox 427 1943 543 2002; x_wconf 88' lang='lat' dir='ltr'><strong>etoleo</strong></span> <span class='ocrx_word' id='word_1_168' title='bbox 557 1961 658 2004; x_wconf 90' lang='lat' dir='ltr'><strong>semen</strong></span> <span class='ocrx_word' id='word_1_169' title='bbox 674 1953 782 2024; x_wconf 91' lang='lat' dir='ltr'><strong>potum.</strong></span> <span class='ocrx_word' id='word_1_170' title='bbox 811 1943 997 2005; x_wconf 89' lang='lat' dir='ltr'><strong>Xenocrates</strong></span> <span class='ocrx_word' id='word_1_171' title='bbox 1015 1953 1071 2004; x_wconf 92' lang='lat' dir='ltr'><strong>tra-</strong></span> 
     </span>
     <span class='ocr_line' id='line_1_21' title="bbox 35 2028 1073 2104; baseline -0.003 -13.914"><span class='ocrx_word' id='word_1_172' title='bbox 35 2029 98 2090; x_wconf 83' lang='lat' dir='ltr'><strong>aodit</strong></span> <span class='ocrx_word' id='word_1_173' title='bbox 112 2048 176 2091; x_wconf 91' lang='lat' dir='ltr'><strong>rem</strong></span> <span class='ocrx_word' id='word_1_174' title='bbox 193 2029 312 2104; x_wconf 87' lang='lat' dir='ltr'><strong>miram,</strong></span> <span class='ocrx_word' id='word_1_175' title='bbox 337 2029 362 2087; x_wconf 88' lang='lat' dir='ltr'><strong>si</strong></span> <span class='ocrx_word' id='word_1_176' title='bbox 383 2046 453 2088; x_wconf 82' lang='lat' dir='ltr'><strong>vera</strong></span> <span class='ocrx_word' id='word_1_177' title='bbox 469 2036 530 2103; x_wconf 90' lang='lat' dir='ltr'><strong>est,</strong></span> <span class='ocrx_word' id='word_1_178' title='bbox 550 2037 697 2088; x_wconf 88' lang='lat' dir='ltr'><strong>menstrua</strong></span> <span class='ocrx_word' id='word_1_179' title='bbox 718 2028 860 2091; x_wconf 76' lang='lat' dir='ltr'><strong>contineri</strong></span> <span class='ocrx_word' id='word_1_180' title='bbox 880 2046 937 2090; x_wconf 90' lang='lat' dir='ltr'><strong>uno</strong></span> <span class='ocrx_word' id='word_1_181' title='bbox 959 2029 1022 2104; x_wconf 91' lang='lat' dir='ltr'><strong>die,</strong></span> <span class='ocrx_word' id='word_1_182' title='bbox 1047 2029 1073 2088; x_wconf 91' lang='lat' dir='ltr'><strong>si</strong></span> 
     </span>
     <span class='ocr_line' id='line_1_22' title="bbox 63 2111 1073 2192; baseline -0.002 -18"><span class='ocrx_word' id='word_1_183' title='bbox 63 2133 140 2174; x_wconf 85' lang='lat' dir='ltr'><strong>nrum</strong></span> <span class='ocrx_word' id='word_1_184' title='bbox 160 2131 286 2192; x_wconf 79' lang='lat' dir='ltr'><strong>granum</strong></span> <span class='ocrx_word' id='word_1_185' title='bbox 307 2111 434 2172; x_wconf 89' lang='lat' dir='ltr'><strong>biberint</strong></span> <span class='ocrx_word' id='word_1_186' title='bbox 454 2113 595 2189; x_wconf 80' lang='lat' dir='ltr'><strong>feminae,</strong></span> <span class='ocrx_word' id='word_1_187' title='bbox 622 2112 724 2189; x_wconf 90' lang='lat' dir='ltr'><strong>biduo,</strong></span> <span class='ocrx_word' id='word_1_188' title='bbox 750 2113 774 2173; x_wconf 90' lang='lat' dir='ltr'><strong>si</strong></span> <span class='ocrx_word' id='word_1_189' title='bbox 795 2113 871 2191; x_wconf 92' lang='lat' dir='ltr'><strong>duo,</strong></span> <span class='ocrx_word' id='word_1_190' title='bbox 898 2123 928 2175; x_wconf 92' lang='lat' dir='ltr'><strong>et</strong></span> <span class='ocrx_word' id='word_1_191' title='bbox 953 2114 1073 2174; x_wconf 89' lang='lat' dir='ltr'><strong>totidem</strong></span> 
     </span>
     <span class='ocr_line' id='line_1_23' title="bbox 64 2197 1073 2278; baseline -0.001 -19"><span class='ocrx_word' id='word_1_192' title='bbox 64 2199 159 2260; x_wconf 85' lang='lat' dir='ltr'><strong>diebus</strong></span> <span class='ocrx_word' id='word_1_193' title='bbox 185 2207 259 2278; x_wconf 93' lang='lat' dir='ltr'><strong>quot</strong></span> <span class='ocrx_word' id='word_1_194' title='bbox 282 2214 372 2275; x_wconf 85' lang='lat' dir='ltr'><strong>grana</strong></span> <span class='ocrx_word' id='word_1_195' title='bbox 393 2197 586 2276; x_wconf 83' lang='lat' dir='ltr'><strong>sumpserint,</strong></span> <span class='ocrx_word' id='word_1_196' title='bbox 608 2197 646 2256; x_wconf 85' lang='lat' dir='ltr'><strong>tt.</strong></span> <span class='ocrx_word' id='word_1_197' title='bbox 662 2197 757 2258; x_wconf 88' lang='lat' dir='ltr'><strong>Varro</strong></span> <span class='ocrx_word' id='word_1_198' title='bbox 773 2197 927 2260; x_wconf 87' lang='lat' dir='ltr'><strong>coriandro</strong></span> <span class='ocrx_word' id='word_1_199' title='bbox 949 2197 1073 2258; x_wconf 88' lang='lat' dir='ltr'><strong>subtrito</strong></span> 
     </span>
     <span class='ocr_line' id='line_1_24' title="bbox 3 2283 940 2376; baseline -0.001 -31"><span class='ocrx_word' id='word_1_200' title='bbox 3 2295 5 2376; x_wconf 60' lang='lat' dir='ltr'><strong>p</strong></span> <span class='ocrx_word' id='word_1_201' title='bbox 65 2301 120 2344; x_wconf 87' lang='lat' dir='ltr'><strong>com</strong></span> <span class='ocrx_word' id='word_1_202' title='bbox 137 2293 228 2345; x_wconf 89' lang='lat' dir='ltr'><strong>aceto</strong></span> <span class='ocrx_word' id='word_1_203' title='bbox 249 2299 367 2343; x_wconf 90' lang='lat' dir='ltr'><strong>caruem</strong></span> <span class='ocrx_word' id='word_1_204' title='bbox 381 2283 580 2360; x_wconf 89' lang='lat' dir='ltr'><strong>incorruptam</strong></span> <span class='ocrx_word' id='word_1_205' title='bbox 594 2291 705 2343; x_wconf 87' lang='lat' dir='ltr'><strong>aestate</strong></span> <span class='ocrx_word' id='word_1_206' title='bbox 721 2284 835 2343; x_wconf 86' lang='lat' dir='ltr'><strong>servari</strong></span> <span class='ocrx_word' id='word_1_207' title='bbox 850 2292 940 2363; x_wconf 92' lang='lat' dir='ltr'><strong>putat.</strong></span> 
     </span>
     <span class='ocr_line' id='line_1_25' title="bbox 119 2366 1116 2450; baseline -0.001 -19"><span class='ocrx_word' id='word_1_208' title='bbox 119 2367 208 2450; x_wconf 83' lang='lat'>(83.)</span> <span class='ocrx_word' id='word_1_209' title='bbox 241 2367 378 2447; x_wconf 80' lang='lat' dir='ltr'><strong>Atriplex</strong></span> <span class='ocrx_word' id='word_1_210' title='bbox 399 2374 429 2426; x_wconf 93' lang='lat' dir='ltr'><strong>et</strong></span> <span class='ocrx_word' id='word_1_211' title='bbox 452 2366 588 2426; x_wconf 82' lang='lat' dir='ltr'><strong>silvestre</strong></span> <span class='ocrx_word' id='word_1_212' title='bbox 605 2375 651 2426; x_wconf 89' lang='lat' dir='ltr'><strong>est</strong></span> <span class='ocrx_word' id='word_1_213' title='bbox 673 2376 703 2427; x_wconf 91' lang='lat' dir='ltr'><strong>et</strong></span> <span class='ocrx_word' id='word_1_214' title='bbox 724 2367 862 2444; x_wconf 87' lang='lat' dir='ltr'><strong>sativom,</strong></span> <span class='ocrx_word' id='word_1_215' title='bbox 886 2376 1116 2430; x_wconf 73' lang='lat' dir='ltr'><strong>accusatumtttt</strong></span> 
     </span>
     <span class='ocr_line' id='line_1_26' title="bbox 35 2451 1074 2532; baseline 0 -22"><span class='ocrx_word' id='word_1_216' title='bbox 35 2470 56 2510; x_wconf 85' lang='grc' dir='ltr'><strong>ιι</strong></span> <span class='ocrx_word' id='word_1_217' title='bbox 65 2453 229 2532; x_wconf 77' lang='lat' dir='ltr'><strong>Pythagora</strong></span> <span class='ocrx_word' id='word_1_218' title='bbox 245 2462 389 2531; x_wconf 90' lang='lat' dir='ltr'><strong>tamquam</strong></span> <span class='ocrx_word' id='word_1_219' title='bbox 408 2451 522 2512; x_wconf 84' lang='lat' dir='ltr'><strong>laceret</strong></span> <span class='ocrx_word' id='word_1_220' title='bbox 536 2451 715 2531; x_wconf 75' lang='lat' dir='ltr'><strong>hydropicos</strong></span> <span class='ocrx_word' id='word_1_221' title='bbox 732 2451 909 2530; x_wconf 87' lang='lat' dir='ltr'><strong>morbosque</strong></span> <span class='ocrx_word' id='word_1_222' title='bbox 928 2452 1027 2529; x_wconf 82' lang='lat' dir='ltr'><strong>regios</strong></span> <span class='ocrx_word' id='word_1_223' title='bbox 1043 2461 1074 2510; x_wconf 92' lang='lat' dir='ltr'><strong>et</strong></span> 
     </span>
     <span class='ocr_line' id='line_1_27' title="bbox 63 2535 1074 2616; baseline -0.005 -18"><span class='ocrx_word' id='word_1_224' title='bbox 63 2538 219 2616; x_wconf 85' lang='lat' dir='ltr'><strong>pallorem,</strong></span> <span class='ocrx_word' id='word_1_225' title='bbox 238 2545 477 2616; x_wconf 75' lang='lat' dir='ltr'><strong>concoqueretur</strong></span> <span class='ocrx_word' id='word_1_226' title='bbox 492 2536 677 2613; x_wconf 82' lang='lat' dir='ltr'><strong>difficillime,</strong></span> <span class='ocrx_word' id='word_1_227' title='bbox 704 2555 739 2598; x_wconf 91' lang='lat' dir='ltr'><strong>ac</strong></span> <span class='ocrx_word' id='word_1_228' title='bbox 754 2555 790 2597; x_wconf 94' lang='lat' dir='ltr'><strong>ue</strong></span> <span class='ocrx_word' id='word_1_229' title='bbox 807 2536 835 2596; x_wconf 91' lang='lat' dir='ltr'><strong>in</strong></span> <span class='ocrx_word' id='word_1_230' title='bbox 851 2537 942 2597; x_wconf 89' lang='lat' dir='ltr'><strong>hortis</strong></span> <span class='ocrx_word' id='word_1_231' title='bbox 959 2535 1074 2614; x_wconf 89' lang='lat' dir='ltr'><strong>qnidam</strong></span> 
     </span>
     <span class='ocr_line' id='line_1_28' title="bbox 63 2619 1073 2703; baseline -0.004 -21"><span class='ocrx_word' id='word_1_232' title='bbox 63 2625 134 2684; x_wconf 85' lang='lat' dir='ltr'><strong>iuxta</strong></span> <span class='ocrx_word' id='word_1_233' title='bbox 153 2622 185 2684; x_wconf 93' lang='lat' dir='ltr'><strong>id</strong></span> <span class='ocrx_word' id='word_1_234' title='bbox 206 2624 291 2683; x_wconf 88' lang='lat' dir='ltr'><strong>nasci</strong></span> <span class='ocrx_word' id='word_1_235' title='bbox 315 2622 470 2703; x_wconf 89' lang='lat' dir='ltr'><strong>quicquam</strong></span> <span class='ocrx_word' id='word_1_236' title='bbox 489 2621 545 2681; x_wconf 92' lang='lat' dir='ltr'><strong>nisi</strong></span> <span class='ocrx_word' id='word_1_237' title='bbox 567 2621 733 2700; x_wconf 81' lang='lat' dir='ltr'><strong>languidum</strong></span> <span class='ocrx_word' id='word_1_238' title='bbox 753 2620 889 2700; x_wconf 82' lang='lat' dir='ltr'><strong>culpavit.</strong></span> <span class='ocrx_word' id='word_1_239' title='bbox 936 2619 1073 2681; x_wconf 88' lang='lat' dir='ltr'><strong>addidere</strong></span> 
     </span>
     <span class='ocr_line' id='line_1_29' title="bbox 63 2705 1074 2786; baseline -0.005 -19"><span class='ocrx_word' id='word_1_240' title='bbox 63 2707 216 2784; x_wconf 71' lang='lat' dir='ltr'><strong>Dionysius</strong></span> <span class='ocrx_word' id='word_1_241' title='bbox 234 2717 264 2768; x_wconf 92' lang='lat' dir='ltr'><strong>et</strong></span> <span class='ocrx_word' id='word_1_242' title='bbox 279 2706 402 2768; x_wconf 83' lang='lat' dir='ltr'><strong>Diocles</strong></span> <span class='ocrx_word' id='word_1_243' title='bbox 420 2706 569 2786; x_wconf 90' lang='lat' dir='ltr'><strong>plurumos</strong></span> <span class='ocrx_word' id='word_1_244' title='bbox 583 2709 664 2784; x_wconf 77' lang='lat' dir='ltr'><strong>pigui</strong></span> <span class='ocrx_word' id='word_1_245' title='bbox 679 2725 717 2767; x_wconf 85' lang='lat' dir='ltr'><strong>ex</strong></span> <span class='ocrx_word' id='word_1_246' title='bbox 736 2723 773 2767; x_wconf 90' lang='lat' dir='ltr'><strong>eo</strong></span> <span class='ocrx_word' id='word_1_247' title='bbox 788 2705 925 2781; x_wconf 81' lang='lat' dir='ltr'><strong>morbos,</strong></span> <span class='ocrx_word' id='word_1_248' title='bbox 948 2722 1004 2764; x_wconf 91' lang='lat' dir='ltr'><strong>neo</strong></span> <span class='ocrx_word' id='word_1_249' title='bbox 1019 2705 1074 2763; x_wconf 91' lang='lat' dir='ltr'><strong>uisi</strong></span> 
     </span>
     <span class='ocr_line' id='line_1_30' title="bbox 64 2790 1073 2873; baseline -0.004 -21"><span class='ocrx_word' id='word_1_250' title='bbox 64 2802 165 2854; x_wconf 90' lang='lat' dir='ltr'><strong>mutata</strong></span> <span class='ocrx_word' id='word_1_251' title='bbox 190 2811 284 2873; x_wconf 88' lang='lat' dir='ltr'><strong>saepe</strong></span> <span class='ocrx_word' id='word_1_252' title='bbox 307 2809 383 2871; x_wconf 89' lang='lat' dir='ltr'><strong>aqua</strong></span> <span class='ocrx_word' id='word_1_253' title='bbox 404 2790 604 2870; x_wconf 90' lang='lat' dir='ltr'><strong>coquendum,</strong></span> <span class='ocrx_word' id='word_1_254' title='bbox 627 2790 777 2852; x_wconf 89' lang='lat' dir='ltr'><strong>stomacho</strong></span> <span class='ocrx_word' id='word_1_255' title='bbox 800 2791 972 2851; x_wconf 91' lang='lat' dir='ltr'><strong>contrarium</strong></span> <span class='ocrx_word' id='word_1_256' title='bbox 994 2807 1073 2865; x_wconf 87' lang='lat' dir='ltr'><strong>esse,</strong></span> 
     </span>
     <span class='ocr_line' id='line_1_31' title="bbox 3 2874 1119 2962; baseline 0 -28"><span class='ocrx_word' id='word_1_257' title='bbox 3 2877 216 2962; x_wconf 76' lang='lat' dir='ltr'><strong>tolentigines</strong></span> <span class='ocrx_word' id='word_1_258' title='bbox 229 2887 259 2938; x_wconf 94' lang='lat' dir='ltr'><strong>et</strong></span> <span class='ocrx_word' id='word_1_259' title='bbox 272 2876 434 2958; x_wconf 89' lang='lat' dir='ltr'><strong>papulas&#39;</strong></span> <span class='ocrx_word' id='word_1_260' title='bbox 404 2894 538 2954; x_wconf 75' lang='lat' dir='ltr'><strong>gignere.</strong></span> <span class='ocrx_word' id='word_1_261' title='bbox 559 2877 648 2937; x_wconf 91' lang='lat' dir='ltr'><strong>miror</strong></span> <span class='ocrx_word' id='word_1_262' title='bbox 662 2895 752 2956; x_wconf 89' lang='lat' dir='ltr'><strong>quare</strong></span> <span class='ocrx_word' id='word_1_263' title='bbox 765 2875 940 2937; x_wconf 81' lang='lat' dir='ltr'><strong>difficulter</strong></span> <span class='ocrx_word' id='word_1_264' title='bbox 932 2894 960 2935; x_wconf 89' lang='lat' dir='ltr'><strong>ru</strong></span> <span class='ocrx_word' id='word_1_265' title='bbox 970 2874 1052 2936; x_wconf 86' lang='lat' dir='ltr'><strong>ltalia</strong></span> <span class='ocrx_word' id='word_1_266' title='bbox 1065 2883 1119 2936; x_wconf 77' lang='lat' dir='ltr'><strong>ato</strong></span> 
     </span>
     <span class='ocr_line' id='line_1_32' title="bbox 65 2959 1075 3040; baseline -0.004 -19.231"><span class='ocrx_word' id='word_1_267' title='bbox 65 2964 139 3025; x_wconf 88' lang='lat' dir='ltr'><strong>nasci</strong></span> <span class='ocrx_word' id='word_1_268' title='bbox 162 2963 317 3024; x_wconf 88' lang='lat' dir='ltr'><strong>tradiderit</strong></span> <span class='ocrx_word' id='word_1_269' title='bbox 338 2961 367 3022; x_wconf 95' lang='lat' dir='ltr'><strong>id</strong></span> <span class='ocrx_word' id='word_1_270' title='bbox 388 2962 460 3022; x_wconf 86' lang='lat' dir='ltr'><strong>Solo</strong></span> <span class='ocrx_word' id='word_1_271' title='bbox 484 2959 672 3038; x_wconf 75' lang='lat' dir='ltr'><strong>Zmyrnaeus.</strong></span> <span class='ocrx_word' id='word_1_272' title='bbox 708 2961 904 3040; x_wconf 88' lang='lat' dir='ltr'><strong>llippocrates</strong></span> <span class='ocrx_word' id='word_1_273' title='bbox 925 2959 1075 3021; x_wconf 91' lang='lat' dir='ltr'><strong>volvarum</strong></span> 
     </span>
     <span class='ocr_line' id='line_1_33' title="bbox 2 3045 1075 3126; baseline -0.008 -16"><span class='ocrx_word' id='word_1_274' title='bbox 2 3055 5 3110; x_wconf 60' lang='grc' dir='ltr'><strong>ι’</strong></span> <span class='ocrx_word' id='word_1_275' title='bbox 65 3049 134 3108; x_wconf 80' lang='lat' dir='ltr'><strong>vitiis</strong></span> <span class='ocrx_word' id='word_1_276' title='bbox 153 3048 279 3109; x_wconf 83' lang='lat' dir='ltr'><strong>infundit</strong></span> <span class='ocrx_word' id='word_1_277' title='bbox 295 3048 324 3108; x_wconf 91' lang='lat' dir='ltr'><strong>id</strong></span> <span class='ocrx_word' id='word_1_278' title='bbox 346 3065 411 3106; x_wconf 89' lang='lat' dir='ltr'><strong>cum</strong></span> <span class='ocrx_word' id='word_1_279' title='bbox 433 3047 511 3107; x_wconf 90' lang='lat' dir='ltr'><strong>beta.</strong></span> <span class='ocrx_word' id='word_1_280' title='bbox 545 3045 640 3122; x_wconf 66' lang='lat' dir='ltr'><strong>laycus</strong></span> <span class='ocrx_word' id='word_1_281' title='bbox 657 3045 868 3126; x_wconf 88' lang='lat' dir='ltr'><strong>Neapolitanus</strong></span> <span class='ocrx_word' id='word_1_282' title='bbox 891 3054 992 3106; x_wconf 89' lang='lat' dir='ltr'><strong>eontra</strong></span> <span class='ocrx_word' id='word_1_283' title='bbox 1009 3062 1075 3104; x_wconf 90' lang='lat' dir='ltr'><strong>can-</strong></span> 
     </span>
     <span class='ocr_line' id='line_1_34' title="bbox 65 3128 1075 3211; baseline -0.005 -19"><span class='ocrx_word' id='word_1_284' title='bbox 65 3131 187 3194; x_wconf 90' lang='lat' dir='ltr'><strong>tharidas</strong></span> <span class='ocrx_word' id='word_1_285' title='bbox 202 3133 364 3195; x_wconf 88' lang='lat' dir='ltr'><strong>bibendum</strong></span> <span class='ocrx_word' id='word_1_286' title='bbox 379 3131 475 3210; x_wconf 86' lang='lat' dir='ltr'><strong>dedit,</strong></span> <span class='ocrx_word' id='word_1_287' title='bbox 499 3149 610 3210; x_wconf 88' lang='lat' dir='ltr'><strong>panos,</strong></span> <span class='ocrx_word' id='word_1_288' title='bbox 634 3131 805 3191; x_wconf 81' lang='lat' dir='ltr'><strong>furunculos</strong></span> <span class='ocrx_word' id='word_1_289' title='bbox 820 3131 1003 3211; x_wconf 87' lang='lat' dir='ltr'><strong>incipientis,</strong></span> <span class='ocrx_word' id='word_1_290' title='bbox 1025 3128 1075 3188; x_wconf 93' lang='lat' dir='ltr'><strong>du·</strong></span> 
     </span>
     <span class='ocr_line' id='line_1_35' title="bbox 64 3213 1075 3294; baseline -0.007 -16.455"><span class='ocrx_word' id='word_1_291' title='bbox 64 3219 140 3278; x_wconf 86' lang='lat' dir='ltr'><strong>ritias</strong></span> <span class='ocrx_word' id='word_1_292' title='bbox 162 3220 256 3280; x_wconf 87' lang='lat' dir='ltr'><strong>omnis</strong></span> <span class='ocrx_word' id='word_1_293' title='bbox 276 3217 326 3278; x_wconf 87' lang='lat' dir='ltr'><strong>vel</strong></span> <span class='ocrx_word' id='word_1_294' title='bbox 345 3226 432 3278; x_wconf 91' lang='lat' dir='ltr'><strong>cocto</strong></span> <span class='ocrx_word' id='word_1_295' title='bbox 450 3216 500 3276; x_wconf 85' lang='lat' dir='ltr'><strong>vel</strong></span> <span class='ocrx_word' id='word_1_296' title='bbox 518 3216 610 3277; x_wconf 91' lang='lat' dir='ltr'><strong>crudo</strong></span> <span class='ocrx_word' id='word_1_297' title='bbox 629 3215 740 3276; x_wconf 88' lang='lat' dir='ltr'><strong>utiliter</strong></span> <span class='ocrx_word' id='word_1_298' title='bbox 758 3214 838 3276; x_wconf 90' lang='lat' dir='ltr'><strong>inlini</strong></span> <span class='ocrx_word' id='word_1_299' title='bbox 857 3215 983 3294; x_wconf 90' lang='lat' dir='ltr'><strong>putavit,</strong></span> <span class='ocrx_word' id='word_1_300' title='bbox 1008 3213 1075 3272; x_wconf 92' lang='lat' dir='ltr'><strong>item</strong></span> 
     </span>
     <span class='ocr_line' id='line_1_36' title="bbox 3 3296 1075 3381; baseline -0.004 -21"><span class='ocrx_word' id='word_1_301' title='bbox 3 3301 5 3372; x_wconf 73' lang='grc' dir='ltr'>ξ</span> <span class='ocrx_word' id='word_1_302' title='bbox 35 3303 157 3381; x_wconf 76' lang='lat' dir='ltr'><strong>ttiqnem</strong></span> <span class='ocrx_word' id='word_1_303' title='bbox 178 3321 296 3366; x_wconf 89' lang='lat' dir='ltr'><strong>sacrum</strong></span> <span class='ocrx_word' id='word_1_304' title='bbox 318 3321 382 3364; x_wconf 91' lang='lat' dir='ltr'><strong>cum</strong></span> <span class='ocrx_word' id='word_1_305' title='bbox 405 3302 511 3379; x_wconf 90' lang='lat' dir='ltr'><strong>melle,</strong></span> <span class='ocrx_word' id='word_1_306' title='bbox 540 3309 626 3362; x_wconf 89' lang='lat' dir='ltr'><strong>aceto</strong></span> <span class='ocrx_word' id='word_1_307' title='bbox 652 3302 803 3380; x_wconf 93' lang='lat' dir='ltr'><strong>nitroque,</strong></span> <span class='ocrx_word' id='word_1_308' title='bbox 831 3299 963 3360; x_wconf 88' lang='lat' dir='ltr'><strong>similiter</strong></span> <span class='ocrx_word' id='word_1_309' title='bbox 985 3296 1075 3378; x_wconf 90' lang='lat' dir='ltr'><strong>poda·</strong></span> 
     </span>
     <span class='ocr_line' id='line_1_37' title="bbox 3 3377 1118 3468; baseline -0.007 -19.595"><span class='ocrx_word' id='word_1_310' title='bbox 3 3377 138 3465; x_wconf 76' lang='lat' dir='ltr'><strong>&#39;gras</strong></span> <span class='ocrx_word' id='word_1_311' title='bbox 179 3389 286 3468; x_wconf 76' lang='lat' dir='ltr'><strong>unguis</strong></span> <span class='ocrx_word' id='word_1_312' title='bbox 309 3386 431 3449; x_wconf 92' lang='lat' dir='ltr'><strong>scabros</strong></span> <span class='ocrx_word' id='word_1_313' title='bbox 455 3387 610 3448; x_wconf 90' lang='lat' dir='ltr'><strong>detrahere</strong></span> <span class='ocrx_word' id='word_1_314' title='bbox 632 3385 735 3446; x_wconf 89' lang='lat' dir='ltr'><strong>dicitur</strong></span> <span class='ocrx_word' id='word_1_315' title='bbox 757 3387 820 3446; x_wconf 89' lang='lat' dir='ltr'><strong>sine</strong></span> <span class='ocrx_word' id='word_1_316' title='bbox 841 3384 952 3445; x_wconf 90' lang='lat' dir='ltr'><strong>ulcere.</strong></span> <span class='ocrx_word' id='word_1_317' title='bbox 992 3389 1118 3442; x_wconf 73' lang='lat' dir='ltr'><strong>suntbil</strong></span> 
     </span>
     <span class='ocr_line' id='line_1_38' title="bbox 67 3467 1077 3551; baseline -0.008 -18"><span class='ocrx_word' id='word_1_318' title='bbox 67 3475 158 3551; x_wconf 91' lang='lat' dir='ltr'><strong>quiet</strong></span> <span class='ocrx_word' id='word_1_319' title='bbox 178 3472 284 3535; x_wconf 90' lang='lat' dir='ltr'><strong>morbo</strong></span> <span class='ocrx_word' id='word_1_320' title='bbox 307 3473 392 3551; x_wconf 80' lang='lat' dir='ltr'><strong>regio</strong></span> <span class='ocrx_word' id='word_1_321' title='bbox 412 3472 480 3533; x_wconf 91' lang='lat' dir='ltr'><strong>deut</strong></span> <span class='ocrx_word' id='word_1_322' title='bbox 503 3490 604 3533; x_wconf 90' lang='lat' dir='ltr'><strong>semen</strong></span> <span class='ocrx_word' id='word_1_323' title='bbox 620 3471 682 3532; x_wconf 88' lang='lat' dir='ltr'><strong>eius</strong></span> <span class='ocrx_word' id='word_1_324' title='bbox 699 3488 763 3530; x_wconf 91' lang='lat' dir='ltr'><strong>cum</strong></span> <span class='ocrx_word' id='word_1_325' title='bbox 780 3469 884 3547; x_wconf 90' lang='lat' dir='ltr'><strong>melle,</strong></span> <span class='ocrx_word' id='word_1_326' title='bbox 907 3467 1029 3529; x_wconf 87' lang='lat' dir='ltr'><strong>arterias</strong></span> <span class='ocrx_word' id='word_1_327' title='bbox 1047 3475 1077 3526; x_wconf 90' lang='lat' dir='ltr'><strong>et</strong></span> 
     </span>
     <span class='ocr_line' id='line_1_39' title="bbox 66 3551 1074 3637; baseline -0.006 -21"><span class='ocrx_word' id='word_1_328' title='bbox 66 3560 196 3621; x_wconf 85' lang='lat' dir='ltr'><strong>tonsillas</strong></span> <span class='ocrx_word' id='word_1_329' title='bbox 216 3560 294 3620; x_wconf 88' lang='lat' dir='ltr'><strong>nitro</strong></span> <span class='ocrx_word' id='word_1_330' title='bbox 317 3558 415 3620; x_wconf 89' lang='lat' dir='ltr'><strong>addito</strong></span> <span class='ocrx_word' id='word_1_331' title='bbox 439 3557 617 3637; x_wconf 88' lang='lat' dir='ltr'><strong>peririoent,</strong></span> <span class='ocrx_word' id='word_1_332' title='bbox 640 3555 736 3617; x_wconf 85' lang='lat' dir='ltr'><strong>alvom</strong></span> <span class='ocrx_word' id='word_1_333' title='bbox 753 3563 905 3634; x_wconf 84' lang='lat' dir='ltr'><strong>moneant,</strong></span> <span class='ocrx_word' id='word_1_334' title='bbox 925 3560 1012 3614; x_wconf 94' lang='lat' dir='ltr'><strong>cooto</strong></span> <span class='ocrx_word' id='word_1_335' title='bbox 1027 3551 1074 3611; x_wconf 85' lang='lat' dir='ltr'><strong>vel</strong></span> 
     </span>
    </p>
   </div>
   <div class='ocr_carea' id='block_1_3' title="bbox 0 188 4 783">
    <p class='ocr_par' dir='ltr' id='par_1_3' title="bbox 0 188 4 783">
     <span class='ocr_line' id='line_1_40' title="bbox 0 188 4 783; baseline 0 0"><span class='ocrx_word' id='word_1_336' title='bbox 0 188 4 783; x_wconf 95' lang='lat' dir='ltr'><strong> </strong></span> 
     </span>
    </p>
   </div>
   <div class='ocr_carea' id='block_1_4' title="bbox 0 0 1243 3906">
    <p class='ocr_par' dir='ltr' id='par_1_4' title="bbox 0 0 1243 3906">
     <span class='ocr_line' id='line_1_41' title="bbox 0 0 1243 3906; baseline 0 0"><span class='ocrx_word' id='word_1_337' title='bbox 0 0 1243 3906; x_wconf 95' lang='lat' dir='ltr'><strong> </strong></span> 
     </span>
    </p>
   </div>
  </div>
 </body>
</html>
