2430 3896
320 197 403 246 unu.
419 195 511 246 uasa.
526 195 599 244 xv1.
617 191 705 246 u-t.
723 183 840 266 (o-a.)
1055 189 1075 248 7

89 367 223 441 praeterea
235 357 302 418 aliis
315 363 418 429 ovata,
434 353 499 414 aliis
508 351 649 428 rotunda,
669 351 735 414 aliis
749 353 862 414 acutior
873 353 983 433 figura,
999 357 1075 416 sicut

90 441 196 506 accim
211 441 323 520 nigrior
338 437 526 499 candidiorve
543 439 591 517 qui
606 437 782 516 praefertur.
812 440 972 502 amaritudo
984 440 1012 501 in
1024 459 1074 501 ex·

86 527 267 601 martinus,
284 524 400 585 mediae
412 523 524 584 dulces.
555 517 623 601 quin
640 531 669 583 et
685 521 814 602 pediculi
827 523 956 587 brevitas
968 541 1073 605 proce-

86 617 194 692 ritasque
211 610 407 672 differentiam
426 607 525 669 habet.
566 607 598 668 lu
622 609 694 687 ipsis
717 625 789 668 uero
814 608 969 672 arboribus
993 627 1068 690 quae
1083 620 1118 674 Ἡ

72 715 224 760 unmumuun
239 695 301 756 fert
317 693 446 755 hemeris
462 702 596 768 vocatur,
611 692 732 753 brevior
748 703 777 754 et
791 695 819 754 in
837 693 939 756 orbem
955 712 1076 756 comosa

86 783 185 861 atupne
200 797 348 841 ramorum
359 778 466 840 crebro
479 787 590 839 cavam.
616 777 719 838 fortius
733 778 842 856 lignum
851 795 978 858 quercus
987 780 1076 842 habet

85 867 322 946 etinoorraptius,
348 880 464 925 ramosa
480 872 510 924 et
526 864 601 943 ipsa,
617 865 773 942 procerior
788 873 884 925 tamen
900 873 930 926 et
947 866 1077 928 crassior

27 953 29 1024 Ξ
84 952 195 1028 caudice,
212 950 418 1011 excelsissima
432 958 528 1010 autem
544 949 691 1028 aegilops,
702 949 818 1010 incultis
831 951 933 1010 amica.
960 950 1007 1010 Ab
1019 950 1119 1014 hacne

27 1029 29 1120 l
82 1053 203 1115 proxuma
217 1035 364 1097 latifoliae
380 1035 726 1114 praedicaminum
738 1034 818 1095 utilis
831 1034 972 1096 aediliciis
988 1044 1075 1115 atque

27 1121 28 1192 s
58 1121 192 1196 nucarboni,
211 1121 314 1182 dolata
328 1121 407 1181 vitiis
423 1119 549 1180 obnoxia
563 1129 621 1196 est,
637 1118 827 1199 quamohrem
841 1119 935 1181 solida
949 1129 1074 1180 utuntur.

27 1229 29 1268 t
81 1205 154 1266 carlo
168 1208 196 1265 in
211 1207 395 1268 aerariorum
409 1214 517 1266 tantum
531 1204 657 1266 cilicinis
676 1204 853 1285 conpendio,
871 1205 1007 1284 quoniam
1025 1204 1075 1264 de·

27 1275 29 1370 l
80 1292 175 1351 sinente
190 1291 260 1352 datu
277 1291 412 1370 protinus
429 1291 576 1352 emoriens
595 1292 714 1371 saepius
734 1291 921 1370 recoquitur,
946 1298 1077 1352 ceterum
1151 1331 1155 1340 =

27 1375 29 1406 r
79 1375 207 1453 plurumas
222 1375 370 1440 scintillis.
403 1376 480 1438 idem
502 1395 519 1437 c
542 1374 669 1436 novellis
688 1375 802 1436 melior.
833 1377 934 1438 acerui
956 1393 1076 1439 conser-

27 1425 29 1520 l
79 1460 107 1518 tis
129 1460 209 1520 taleis
230 1461 404 1522 recentious
425 1461 487 1522 luto
510 1461 704 1534 camimum,
730 1478 857 1524 accensa
878 1471 960 1523 strue
981 1463 1076 1524 contis

58 1546 196 1622 uprrgitur
218 1546 386 1608 durescens
409 1546 496 1622 calyx
516 1554 604 1624 atquc
628 1547 668 1606 ita
688 1545 826 1608 sudorem
850 1547 962 1608 emittit.
1005 1547 1120 1611 Pes-at

27 1627 29 1710 l
78 1645 144 1690 suma
157 1639 185 1690 et
200 1631 327 1692 carboni
344 1639 375 1698 et
388 1632 529 1692 materiae
544 1630 732 1710 haliphloeos
747 1633 842 1709 dicta,
866 1633 913 1694 cui
928 1633 1075 1694 crassissi-

27 1711 28 1780 ξ
78 1729 126 1773 nus
139 1724 242 1776 cortex
263 1724 356 1796 atque
377 1717 491 1777 caudex
508 1726 537 1776 et
556 1715 728 1796 plerumque
751 1733 841 1778 cavos
863 1716 1076 1797 iungcsusque.

27 1841 29 1922 y
78 1815 121 1858 nec
136 1799 189 1860 ulia
203 1799 353 1880 putrescit
369 1819 408 1861 ex
424 1801 482 1862 hoc
498 1817 628 1878 genere,
649 1803 738 1862 etiam
762 1819 826 1862 cum
849 1803 928 1862 vivit.
961 1801 1030 1880 quin
1047 1811 1077 1863 et

27 1923 29 1968 ,
78 1880 178 1944 himine
199 1887 377 1965 saepissime
398 1887 500 1962 icitur,
526 1886 657 1964 quamvis
679 1886 829 1948 altitudine
855 1903 914 1947 non
936 1885 1075 1948 excellat.

27 2039 28 2048 ἵ
55 1966 132 2026 aidec
148 1969 226 2046 ligno
244 1971 311 2030 eius
326 1987 383 2030 neo
398 1970 435 2032 ad
451 1971 594 2032 sacrificia
609 1971 650 2030 uti
665 1969 710 2032 ias
725 1971 858 2032 habetur.
889 1970 993 2032 Eidem
1010 1989 1076 2033 rara

27 2059 29 2134 p
79 2051 146 2127 girus
161 2063 199 2131 et,
216 2073 285 2115 cum
300 2053 376 2131 tulit,
393 2073 500 2132 amara,
517 2073 602 2134 quam
617 2065 737 2134 praeter
752 2074 821 2117 sues
838 2055 947 2117 nullum
962 2057 1077 2134 attingit

79 2137 178 2214 animal,
199 2156 235 2200 ac
256 2157 297 2200 ne
312 2139 368 2200 hae
387 2140 518 2218 quidem,
545 2141 569 2200 si
584 2140 663 2201 aliud
677 2139 814 2220 pabulum
835 2141 971 2202 habeant.
1010 2139 1075 2201 lloc

27 2233 28 2294 ξ
80 2237 176 2302 quoque
191 2225 269 2285 inter
286 2225 400 2304 reliqua
415 2225 572 2302 neglectae
588 2225 740 2304 religionis
762 2235 822 2304 cst,
846 2223 924 2306 quod
940 2234 1074 2286 emortuo

27 2303 29 2312 ’
79 2306 188 2369 carbone
202 2309 399 2371 sacrificatur.
432 2308 522 2371 Glans
546 2309 634 2388 fagea
657 2324 740 2370 suem
754 2311 877 2372 hilarem
896 2311 982 2388 iacit,
1010 2318 1116 2372 car-25

56 2403 132 2452 auen
139 2394 298 2455 cocibilem
307 2411 343 2456 ae
351 2394 447 2454 levem
464 2403 494 2455 et
508 2393 608 2455 utilem
624 2396 787 2456 stomacho.
819 2396 909 2474 iligna
925 2411 1007 2456 suern
1024 2413 1073 2455 an·

78 2485 188 2554 putam
206 2479 346 2556 nitidum,
363 2481 529 2557 strigosum.
562 2479 760 2561 ponderosam
777 2497 906 2561 querna,
930 2479 1072 2556 diducam,

78 2562 230 2634 pacissima
252 2573 285 2626 et
310 2565 374 2645 ipsa
401 2564 549 2641 glandium
570 2574 658 2644 atque
683 2565 859 2627 dulcissima.
903 2580 1074 2644 proxumam

78 2641 132 2704 huic
145 2665 279 2711 cerream
294 2649 380 2710 tradit
395 2649 538 2727 Nigidius,
554 2667 611 2710 nec
632 2669 669 2711 ex
684 2651 741 2712 alia
758 2649 928 2712 solidiorem
945 2665 1072 2726 carnem,

79 2729 120 2789 scd
133 2730 238 2794 duram.
283 2734 372 2812 iligna
388 2737 523 2814 temptari
538 2751 619 2812 sues,
634 2736 691 2796 nisi
709 2735 847 2816 paulatim
863 2735 956 2796 detur.
998 2733 1074 2795 hanc

57 2815 246 2958 saepissimam
265 2819 384 2880 cadere.
413 2819 567 2898 fungosam
583 2837 700 2881 carnem
717 2821 781 2882 lieri
796 2819 937 2896 aesculo,
952 2818 1072 2898 robore,

80 2913 105 2956 su
124 2917 178 2962 ere.

129 2984 186 3070 (9.)
224 2989 310 3064 Quae
325 2988 463 3067 glandem
478 2990 576 3052 ierunt
590 3007 692 3052 omnes
709 2999 740 3050 et
761 2990 869 3069 galiam
888 2989 1069 3068 alternisque
1078 2997 1114 3052 26

81 3071 146 3131 annis
159 3073 312 3152 glandem,
329 3075 383 3136 sed
398 3075 505 3154 gallam
521 3076 649 3137 hemeris
664 3083 812 3154 optumam
830 3083 860 3135 et
878 3073 966 3136 coriis
983 3072 1071 3152 perii-

81 3152 173 3218 eiendis
187 3161 379 3240 aptissimam,
391 3160 515 3221 similem
526 3161 594 3222 huic
605 3157 738 3237 latifolia,
750 3160 804 3221 sed
814 3160 956 3221 letiorem
965 3157 1071 3218 multo-

59 3253 128 3314 upue
150 3245 238 3306 minus
265 3244 428 3325 probatam.
471 3242 530 3306 iert
551 3253 581 3306 et
601 3244 712 3323 nigram
725 3277 769 3290 -—
785 3245 841 3306 duo
865 3245 940 3305 enim
961 3258 1072 3319 genera

82 3333 189 3406 runt—,
201 3329 278 3391 haec
289 3329 453 3408 tinguendis
466 3331 540 3392 lanis
552 3327 659 3390 utilior.
685 3331 714 3392 7.
729 3324 866 3391 Nascitur
881 3337 976 3390 autem
993 3326 1112 3404 gallaa?

27 3423 28 3452 ³
85 3405 135 3470 tole
152 3413 185 3474 de
205 3415 330 3493 geminis
349 3425 476 3476 exeunte
491 3431 653 3494 crumpens
676 3423 764 3478 noctu
785 3427 903 3494 semper
923 3412 1070 3472 universa.

85 3496 171 3558 crescit
183 3518 237 3562 noc
248 3502 299 3563 die
315 3500 465 3562 candidior
480 3511 520 3579 et,
536 3501 561 3564 si
573 3508 656 3561 aestu
671 3509 798 3578 excepta
813 3508 869 3576 est,
882 3495 991 3559 arescit
1001 3513 1070 3577 pro·
