2504 3930
166 249 228 314 260
262 223 279 238 ²
517 263 822 314 c.rn1nr1sucnrtnt

124 427 176 483 143
184 433 236 478 cot
252 418 335 494 sequi
352 433 444 478 euma
461 423 517 495 quo
530 415 681 476 cerebmm
696 418 776 478 corvi
787 418 955 495 acceperint
968 419 997 477 iu
1011 417 1081 478 offa.
1098 417 1167 496 pul·

165 517 265 560 uerear
280 499 309 560 iu
324 517 381 579 quo
396 517 429 559 se
445 499 520 560 mula
529 500 703 562 volutaverit
719 501 836 580 corpori
849 502 1011 580 inspersum
1025 502 1170 588 mitigare

166 583 287 645 ardores
300 583 416 644 amoris.
447 586 559 644 sorices
573 584 681 661 iugari,
705 586 730 644 si
752 603 824 644 nnus
844 593 985 645 castratus
1005 586 1164 644 emittatur.

165 668 288 744 anguina
310 666 388 747 pelle
410 675 440 726 et
457 667 535 728 farre
556 675 585 726 ct
605 667 668 728 sale
689 677 719 728 et
740 667 871 746 serpyllo
889 669 1018 728 contritis
1033 686 1090 728 una
1113 668 1165 727 de·

165 752 309 829 lectisque
321 768 385 811 cum
396 751 463 812 vino
473 752 501 809 in
512 750 604 810 laucis
616 751 702 810 boum
714 769 769 810 uua
779 760 1000 828 maturescente,
1013 760 1078 812 toto
1086 769 1190 812 anuos

165 832 351 910 convalere,
372 834 420 894 vel
435 836 460 893 si
476 834 653 894 hirundinum
668 835 739 913 pulli
762 844 823 894 tres
846 834 938 893 tribus
960 834 1027 894 ollis
1045 835 1165 896 deutur.

164 917 286 996 pulvere
306 919 464 994 evestigio
486 919 617 994 anguium
642 918 768 979 collecto
791 935 909 996 sparsas
926 919 989 996 apis
1013 919 1042 976 in
1064 917 1167 978 alvom

163 1002 282 1062 reverti.
320 1001 418 1060 arietis
439 999 541 1060 dextro
568 1010 642 1060 teste
668 1001 832 1079 praeligato
856 1001 919 1062 ovis
939 1010 1046 1061 tantum
1067 1001 1166 1078 gigni.

122 1095 173 1150 149
185 1101 242 1144 non
256 1083 359 1146 lassari
369 1086 398 1142 in
413 1084 472 1146 ullo
482 1083 584 1144 labore
600 1085 647 1163 qui
659 1102 768 1144 nervos
782 1104 820 1144 ex
831 1084 884 1145 alis
897 1093 926 1144 et
937 1083 1071 1144 cruribus
1080 1086 1169 1161 gruis

162 1167 297 1229 habeant.
328 1167 419 1228 mulas
438 1184 495 1227 non
510 1167 661 1229 calcitrare
679 1185 742 1227 cum
762 1170 856 1228 viuum
871 1166 1004 1227 biberint.
1036 1168 1167 1244 ungulas
1179 1187 1206 1229 so

162 1260 270 1312 tanturn
284 1250 421 1310 mularum
436 1260 586 1328 repertas,
611 1269 705 1329 neque
720 1251 802 1312 aliam
818 1251 904 1312 ullam
918 1251 1067 1312 materiam
1085 1269 1168 1329 quae

162 1352 220 1396 nou
245 1333 452 1414 perroderetur
475 1352 492 1395 a
514 1352 626 1395 veneno
648 1336 747 1412 Stygis
772 1353 877 1414 aquae,
902 1353 967 1394 cum
985 1334 1014 1394 id
1038 1335 1167 1394 dandum

163 1417 331 1480 Alexandro
355 1416 462 1494 llagno
479 1417 633 1496 Antipater
648 1421 789 1494 mitteret,
816 1419 932 1495 dignum
953 1421 1094 1478 memoria
1118 1427 1169 1478 est

163 1519 267 1579 magna
290 1500 457 1562 Aristotelis
478 1502 592 1562 iufamia
616 1503 823 1579 excogitatum.
860 1501 942 1562 Nunc
963 1500 999 1561 ad
1022 1502 1166 1580 aquatilia

163 1593 392 1666 praevertemur.
1178 1601 1205 1642 ro

542 1904 741 1915 ...ι-..-

405 2198 611 2284 urnrur
644 2166 906 2284 sucu‘unr'

227 2365 615 2464 lltdtlltt
656 2365 1049 2464 dtttttttlu

347 2640 350 2661 l
472 2545 826 2612 uuuuuxxxr.

560 2719 711 2728 -ο--μ-

136 2844 150 2894 1
227 2829 299 2910 Cap.
316 2833 341 2892 l.
359 2833 454 2910 (Sect.
470 2835 514 2914 1.)
535 2833 711 2911 Aquatilium
727 2840 861 2894 secuntur
872 2831 901 2888 iu
912 2827 1054 2888 medicina
1067 2827 1166 2888 hene·
1177 2843 1205 2887 ao

162 2915 237 2990 llcia,
258 2916 365 2993 opifice
383 2924 534 2977 naturane
549 2919 578 2977 in
595 2917 653 2978 illis
671 2918 785 2997 quidem
798 2921 933 2974 cessante
950 2920 979 2970 et
993 2927 1049 2989 per
1067 2911 1168 2972 undas

162 2996 323 3074 ductusque
346 3017 380 3058 ac
401 3001 573 3078 reciprocos
595 3009 694 3060 aestus
715 2999 892 3076 amniumque
914 2993 1033 3074 rapidos
1057 3011 1168 3054 cursus

161 3078 299 3156 inprobas
312 3092 468 3142 exercente
480 3085 561 3160 viris,
577 3100 716 3162 nusquam
732 3081 861 3163 potentia
878 3079 998 3153 maiore,
1016 3078 1041 3136 si
1058 3093 1168 3137 rernm

160 3161 245 3222 lateri
259 3161 410 3238 volumus,
435 3167 543 3246 quippe
560 3166 617 3226 lroc
639 3166 811 3227 elementum
833 3163 939 3224 ceteris
953 3161 1089 3221 omnibus
1110 3161 1167 3220 im·

132 3247 253 3319 tperat.
287 3253 380 3306 terras
395 3246 535 3308 devorant
550 3267 658 3328 aquae,
674 3249 800 3310 flammas
822 3255 941 3322 necant,
962 3244 1110 3304 scandunt
1133 3245 1205 3306 inat

161 3323 283 3387 sublime
297 3338 326 3388 et
341 3329 453 3388 caelum
469 3348 586 3410 quoque
607 3333 661 3392 sihi
682 3333 827 3393 vindicant
848 3349 882 3391 ac
898 3329 1013 3389 nubium
1035 3335 1167 3407 optentu

160 3407 276 3468 vitalem
290 3413 419 3489 spiritum
435 3414 621 3492 strangulant,
639 3433 714 3493 quae
729 3435 815 3476 causa
836 3413 953 3475 fulmina
970 3411 1066 3487 elidit,
1092 3411 1166 3489 ipso

161 3503 259 3548 secum
275 3492 458 3555 discordante
474 3496 589 3558 mundo.
623 3499 690 3578 quid
707 3517 772 3560 esse
788 3497 943 3558 mirabilius
958 3502 1058 3573 potest
1073 3494 1166 3572 aquis
