2396 3922
247 267 327 315 san.
343 266 434 316 arar.
449 265 572 316 xxvrn.
587 266 614 320 o.
630 260 821 331 7.(1s—aa.)
972 255 1031 318 169

42 435 118 482 crum
143 421 240 498 ignem
262 423 489 501 sanguinemque
505 423 587 498 sisti,
610 423 691 482 inlito
712 424 791 483 etin
812 423 1030 484 formicationes
1052 414 1061 462 ’-

41 521 205 584 corporum.

100 587 186 667 (21.)
209 587 253 648 De
274 588 357 649 laetis
377 605 428 650 usu
451 591 585 649 convenit
606 589 798 650 dulcissimum
825 607 891 652 esse
917 591 1025 652 mollis·
1038 600 1072 655 ta

39 674 198 750 simnmque
226 681 255 731 et
275 673 303 731 in
326 673 413 750 longa
436 673 510 732 febri
533 672 728 750 coeliacisque
750 673 946 751 utilissimum,
972 693 1029 734 ma·

19 773 123 815 trumo
145 757 207 814 cius
223 773 298 834 quae
318 758 373 815 iam
393 757 528 816 infantem
545 759 710 816 removerit.
741 766 769 815 et
785 758 810 815 io
832 759 950 818 malacia
971 767 1029 818 sto·

38 838 145 914 macbi,
170 839 198 897 in
227 838 355 898 febribus
375 840 598 918 rectoribusque
624 841 851 900 efficacissimum
876 843 1028 921 experiun-

37 931 89 982 tur.
119 923 188 981 item
203 937 382 982 mammarum
398 922 621 984 collectionibus
638 942 700 983 cum
718 932 796 1000 ture,
816 926 902 985 oculo
919 924 954 984 ab
972 925 1030 984 ictu

38 1023 143 1065 cruore
166 1005 285 1066 subluso
310 1015 339 1066 et
360 1007 505 1067 indolere
528 1016 575 1066 aut
599 1007 754 1085 epiphora,
783 1010 807 1067 si
830 1009 1029 1085 inmulgeatur,

36 1089 196 1169 plurumum
212 1088 347 1168 prodest,
363 1092 513 1168 magisque
530 1108 593 1150 cum
605 1091 691 1150 melle
710 1101 738 1150 et
756 1093 878 1151 narcissi
893 1108 964 1150 suco
981 1099 1029 1148 aut

5 1191 27 1234 ro
35 1173 106 1232 turis
121 1171 251 1250 polline,
273 1191 418 1251 superque
432 1175 462 1232 in
479 1175 556 1232 omni
569 1193 621 1233 usu
637 1174 784 1234 ellicacius
801 1177 862 1235 eius
883 1191 956 1252 quae
971 1189 1029 1232 ma·

35 1273 95 1316 rem
121 1257 207 1316 enixa
231 1257 268 1316 sit
288 1256 435 1334 multoque
459 1257 688 1316 efficacissimum
715 1259 777 1317 eius
799 1277 872 1337 quae
895 1259 1028 1335 geminos
1134 1269 1137 1274 '

33 1341 120 1399 maris
148 1348 179 1398 et
200 1341 225 1399 si
244 1341 310 1399 vino
333 1343 396 1418 ipsa
416 1340 547 1418 cibisque
573 1341 733 1400 acrioribus
755 1342 906 1402 abstineat.
935 1341 1023 1400 mixto
1034 1347 1069 1404 73

32 1431 189 1501 praeterea
210 1439 330 1482 ovorum
346 1423 466 1484 candido
484 1423 598 1501 liquore
620 1424 790 1502 madidaque
806 1425 871 1485 lana
886 1424 1027 1484 frontibus

31 1508 191 1586 inpositum
210 1505 361 1566 ductiones
377 1507 527 1567 oculorum
545 1507 702 1586 suspendit.
732 1526 796 1566 nam
814 1510 837 1567 si
851 1527 920 1568 rana
936 1508 1029 1567 saliva

1 1608 85 1654 tussa
100 1589 219 1651 oculum
234 1589 421 1667 adsperserit,
438 1591 624 1669 praecipuum
640 1600 684 1650 est
698 1592 863 1668 remedium,
881 1600 911 1650 ct
926 1599 1028 1651 contra

30 1690 162 1732 morsum
178 1673 305 1732 eiusdem
323 1673 428 1733 bibitur
438 1673 658 1751 instillaturque.
689 1691 752 1732 eum
768 1677 816 1753 qui
832 1675 914 1734 simul
930 1675 1027 1734 matris

31 1757 171 1834 filiaeque
187 1756 263 1816 lacte
282 1757 413 1816 inunctus
436 1759 473 1817 sit
496 1756 615 1816 liberari
636 1759 710 1816 omni
733 1759 881 1817 oculorum
901 1767 978 1816 metu
998 1760 1027 1816 in

29 1847 122 1899 totam
145 1841 232 1898 vitam
254 1840 412 1900 adfirmant.
446 1841 553 1899 aurium
581 1839 695 1918 quoque
720 1842 794 1900 vitiis
818 1842 949 1901 medetur
977 1840 1025 1902 ad·

29 1927 121 1984 mixto
138 1922 253 1982 modice
271 1924 338 1982 oleo
357 1932 412 2001 aut,
427 1925 451 1983 si
466 1923 502 1983 ab
516 1925 574 1983 ictu
590 1923 717 2000 doleant,
735 1927 867 1986 anserino
885 1925 968 2003 adipe
984 1933 1025 1984 te·
1060 1955 1062 1966 =
1173 1943 1175 1946 ’

30 2007 192 2086 peractum.
222 2007 246 2064 si
261 2007 296 2065 sit
311 2006 384 2066 odor
397 2008 530 2083 gravior,
550 2016 581 2066 ut
596 2009 765 2086 plerumque
781 2009 810 2068 dt
827 2009 923 2086 longis
938 2009 1025 2084 vitiis,

27 2090 121 2151 diluto
143 2088 230 2148 melle
252 2089 317 2150 lana
338 2090 500 2150 includitur.
539 2099 569 2149 et
591 2101 692 2151 contra
712 2093 824 2167 regium
844 2092 973 2151 morbum
993 2093 1068 2156 inis

27 2174 126 2234 oculis
139 2173 273 2231 relictum
284 2173 436 2233 instillatur
451 2192 515 2233 cum
526 2173 658 2234 elaterio.
681 2175 868 2252 peculiariter
882 2176 960 2235 valet
972 2191 1023 2253 po¹

26 2267 87 2317 tum
101 2264 205 2316 contra
216 2273 381 2316 venena-
391 2275 464 2335 quae
479 2256 542 2317 data
555 2260 611 2317 sint
624 2277 641 2318 e
653 2261 762 2319 marino
774 2259 877 2337 lepore
891 2276 1024 2338 praeser-

20 2337 89 2418 tim,
106 2349 139 2400 ut
151 2339 210 2414 alii,
228 2349 256 2398 ut
265 2340 441 2400 Aristoteles
456 2340 550 2416 tradit,
561 2341 728 2416 dorycnium
740 2377 783 2388 -
795 2352 826 2414 et
837 2351 937 2403 contra
949 2344 1024 2403 insa·

0 2467 10 2483 .
25 2427 104 2483 niam
120 2441 198 2502 qnae
213 2423 288 2482 iacta
305 2425 341 2482 sit
353 2423 521 2498 hyoscyami
536 2433 615 2500 potu.
644 2425 782 2502 podagris
795 2443 910 2503 quoque
926 2425 1025 2484 iubent

23 2508 109 2566 inlini
123 2523 191 2566 cum
210 2508 314 2580 cicuta,
332 2508 380 2567 alii
395 2525 459 2566 cum
474 2523 585 2584 oesypo
603 2516 631 2566 et
643 2508 728 2586 adipe
738 2510 883 2582 anserino,
900 2509 1024 2586 qualiter

23 2590 277 2650 etiamsolvarum
291 2589 440 2650 doloribus
452 2591 605 2668 inponitur.
622 2590 716 2650 alvom
729 2593 813 2651 etiam
827 2592 901 2650 sistit
913 2601 1022 2667 potum,

21 2684 55 2734 nt
70 2673 212 2734 Rabirius
227 2673 344 2751 scribit,
361 2682 390 2734 et
405 2691 521 2733 menses
541 2673 608 2732 ciet.
638 2675 700 2732 eius
715 2690 786 2732 vero
802 2691 875 2751 quae
890 2674 1064 2740 laminam75

23 2759 115 2816 enixa
128 2758 168 2815 sit
178 2756 290 2817 advitia
303 2766 407 2817 tantum
419 2759 447 2817 in
457 2757 532 2816 iacie
546 2755 670 2816 sananda
683 2757 842 2834 praevalet.
860 2756 1023 2834 pulmonum

2 2878 5 2901 .
22 2857 150 2920 quoqne
167 2840 346 2901 incommoda
363 2842 438 2901 lacte
457 2840 584 2899 mulieris
602 2849 747 2918 sanantur,
764 2843 808 2899 cui
828 2841 853 2899 si
865 2839 1023 2900 admiscea-

19 2935 70 2984 tur
82 2922 203 3002 inpubis
216 2925 298 3000 pueri
312 2926 391 2984 urina
405 2933 434 2984 et
451 2924 506 2983 mel
519 2924 656 3000 Atticum,
670 2926 763 2984 omnia
776 2923 951 2995 coclearium
967 2925 1022 2983 sin·

17 3009 165 3085 gulornm
182 3023 324 3085 mensura,
341 3007 471 3067 animalia
485 3023 600 3085 quoque
613 3009 721 3072 aurium
735 3009 791 3066 eici
804 3009 929 3067 invenio.
961 3009 1023 3066 eius

17 3109 103 3170 qnae
119 3105 228 3148 marem
240 3093 356 3169 peperit
367 3091 444 3150 lacte
455 3100 569 3168 gustato
582 3109 669 3151 canes
683 3089 817 3151 rabiosos
828 3099 935 3167 negant
949 3091 1022 3150 lucri.

94 3173 184 3251 (22.)
205 3172 334 3233 blulieris
357 3190 471 3251 quoque
489 3173 607 3234 salivam
623 3175 737 3235 ieiunae
758 3184 904 3253 potentem
920 3173 1018 3233 diiudi·
1030 3181 1065 3238 76

16 3265 94 3319 cant
110 3257 269 3316 cruentatis
284 3257 377 3317 oculis
393 3266 437 3331 et,
463 3259 487 3316 si
511 3267 611 3317 contra
628 3256 784 3335 epiphoras
805 3259 953 3318 ferventes
973 3275 1023 3317 an·

14 3341 87 3420 guli
105 3339 259 3400 oculorum
274 3340 394 3400 subinde
409 3341 571 3418 madefiant,
589 3341 754 3417 efficacius,
775 3343 799 3400 si
816 3341 881 3401 cibo
897 3341 1022 3419 vinoque

12 3444 53 3485 se
72 3421 173 3502 pridie
189 3440 224 3482 ea
239 3423 415 3483 abstinuerit.
444 3423 562 3484 Invenio
584 3433 613 3485 et
634 3425 723 3485 fascia
746 3426 875 3484 mulieris
894 3423 1022 3502 adligato

12 3510 126 3589 capite
142 3503 262 3566 dolores
276 3508 371 3566 minui.
