2504 3930
314 250 394 298 nuo.
410 249 500 298 mar.
516 249 628 297 xxxu.
649 249 677 301 5.
693 246 719 300 6.
736 241 886 311 (ιε-ιι.)
1041 236 1102 300 295

99 404 249 468 adversari
265 404 449 484 serpentibus
465 420 549 483 quam
568 421 704 481 cancros,
722 421 791 463 sues
806 419 961 480 percussas
978 402 1037 464 hoc
1052 422 1102 483 pa-

25 535 36 558 .
99 489 169 549 bulo
185 487 240 549 sibi
255 488 375 549 mederi
405 505 469 548 cum
486 489 531 549 sol
548 489 608 547 sit'
600 506 628 547 ru
650 505 775 564 cancro,
799 489 944 565 serpentis
962 490 1102 566 torqueri.

24 560 27 636 l
98 572 206 634 lctibus
225 574 412 650 scorpionum
424 590 528 632 carues
544 581 573 631 et
588 572 763 632 fluviatilium
781 570 947 630 coclearum
964 573 1102 632 resistunt
1111 581 1147 636 56

99 655 206 716 crudae
222 656 270 716 vel
282 664 395 716 coctae.
418 655 532 755 puidam
545 655 583 716 ob
598 655 627 716 id
640 655 733 715 salsas
745 673 862 733 quoque
874 655 1038 716 adservant.
1062 657 1103 716 in-

75 746 209 819 sponunt
221 748 250 798 et
262 740 377 818 plagis
368 740 451 818 rpsis.
474 728 617 800 Coracini
615 741 721 838 pisces
731 737 798 816 Nilo
811 737 926 817 quidem
937 738 1103 818 peculiares

98 833 175 899 sunt,
192 823 245 883 sed
261 840 317 882 nos
331 824 406 883 haec
422 823 553 887 omnibus
568 825 654 883 terris
670 809 907 882 demonstramus.
932 840 1035 882 carnes
1051 840 1101 882 ec-

97 922 161 966 rum
182 906 323 966 adversus
341 908 515 986 scorpiones
536 908 635 967 valent
655 905 810 985 inpositae.
836 905 914 966 luter
929 923 1042 966 venena
1059 908 1101 985 pi·

99 994 191 1051 scium
208 999 274 1049 sont
294 992 379 1068 porci
394 993 493 1051 marini
509 993 611 1070 spinae
629 991 657 1050 io
672 990 761 1050 dorso
778 992 907 1050 cruciatu
921 1007 1026 1068 magno
1042 990 1101 1050 lae-

99 1092 207 1149 sorum,
223 1074 353 1133 remedio
370 1084 414 1134 est
430 1076 512 1135 limus
529 1093 566 1134 ex
581 1075 695 1153 reliquo
710 1074 831 1152 piscium
846 1091 946 1133 eorum
962 1089 1101 1153 corpore.

65 1172 90 1214 ro
163 1157 247 1236 (20.)
268 1156 355 1218 Canis
376 1158 466 1218 rabidi
487 1158 632 1218 morsibus
653 1167 752 1236 potum
775 1156 1040 1237 expavescentibus
1056 1157 1143 1223 fri-5⁷

102 1244 173 1301 ciem
189 1250 354 1320 perungunt
368 1241 453 1320 adipe
470 1242 551 1302 vituli
565 1243 675 1318 marini,
691 1242 851 1319 efficacius,
870 1243 895 1302 si
911 1240 1035 1302 medulla
1049 1241 1100 1317 hp·

99 1343 190 1386 aenae
209 1333 238 1384 et
254 1325 349 1384 oleum
362 1343 379 1385 e
390 1325 515 1386 lentisco
529 1335 557 1385 et
569 1343 637 1386 cera
649 1326 812 1384 misceatur.
835 1343 971 1386 murenae
987 1342 1101 1384 morsus

97 1411 225 1488 ipsarum
240 1409 343 1487 capitis
365 1409 464 1470 cinere
490 1419 635 1469 sanantur.
667 1407 704 1468 lli
725 1411 873 1487 pastinaca
895 1418 996 1468 contra
1019 1419 1144 1474 suumss

97 1494 186 1552 ictum
197 1491 327 1552 remedio
342 1501 388 1552 est
405 1494 504 1553 cinere
519 1511 572 1552 suo
589 1512 626 1553 ex
641 1500 725 1552 aceto
738 1493 819 1552 inlito
831 1493 879 1554 vel
896 1493 1023 1552 alterius.
1044 1492 1100 1553 cibi

65 1593 88 1634 ιι
98 1593 187 1636 causa
205 1575 317 1635 extrahi
339 1575 427 1636 debet
448 1575 570 1636 edorso
592 1579 655 1636 eius
674 1576 812 1654 quidquid
834 1593 924 1636 croco
942 1577 1034 1636 simile
1056 1585 1101 1636 est
1213 1611 1217 1624 ·

99 1667 243 1737 caputque
257 1667 357 1736 totum,
372 1670 402 1720 et
415 1660 490 1720 hanc
501 1669 596 1720 auteur
611 1669 642 1720 et
652 1660 746 1718 omnia
761 1668 891 1720 testacea
905 1661 1020 1720 modice
1031 1676 1099 1721 con·

54 1811 56 1820 ,
97 1744 163 1804 lui
155 1761 183 1801 ιιι
200 1741 281 1818 cibis,
299 1743 365 1820 quia
379 1744 495 1843 saporis
511 1745 603 1820 gratia
619 1741 753 1822 peritii
769 1743 873 1822 lepore
888 1746 998 1804 marino
1011 1761 1098 1802 vene-

97 1828 195 1888 licium
210 1825 372 1902 restingunt
388 1829 458 1926 poti
467 1827 662 1924 hippocampi.
694 1835 795 1887 contro
816 1826 984 1902 dorycnium
1006 1827 1100 1888 echini

96 1927 230 1971 mucore
246 1919 426 1988 praenotet
439 1912 474 1970 iis
486 1912 533 1988 qui
550 1927 650 1969 sucum
662 1910 792 1990 carpathi
802 1910 927 1970 biberint
940 1912 1099 1990 praecipue

62 2013 115 2054 ace
131 1995 193 2053 iure
211 1995 325 2072 sumpti.
349 2003 378 2054 et
394 1995 491 2054 cancri
507 1993 607 2054 marini
624 1993 764 2053 decocti'
755 2013 800 2053 rus
816 2003 916 2054 contra
928 1995 1099 2094 dorycnium

7 2091 9 2138 ι
57 2118 61 2129 ·
98 2078 206 2138 eilrcax
215 2076 346 2152 habetur,
355 2078 540 2156 peculiariter
553 2095 623 2137 vero
632 2086 732 2139 contra
741 2077 852 2158 leporis
864 2095 964 2138 marini
975 2095 1097 2138 venena

161 2161 190 2221 6.
212 2160 296 2240 (21.)
317 2159 355 2220 Et
373 2171 470 2222 ostrea
491 2161 678 2221 adversantur
693 2162 801 2236 isdem,
818 2181 874 2221 neo
892 2171 991 2240 potest
1006 2161 1141 2228 villerias

98 2246 170 2304 satis
183 2244 289 2303 dictum
305 2263 372 2305 esse
387 2245 424 2306 de
440 2246 495 2320 his,
513 2263 576 2304 cum
587 2245 682 2344 palma
693 2263 855 2306 mensarum
869 2247 934 2305 diu
927 2264 981 2305 raru
992 2235 1098 2304 tribua-

97 2337 144 2389 lur
155 2328 223 2386 illis
243 2329 371 2404 gaudent
386 2329 517 2389 dulcibus
528 2330 610 2407 aquis
622 2337 652 2388 et
662 2329 710 2388 ubi
723 2329 845 2409 plurumi
858 2330 977 2389 inlinunt
987 2347 1097 2404 amnes,

60 2428 87 2468 ra
99 2411 166 2471 ideo
185 2411 301 2489 pelagia
317 2429 406 2490 parva
416 2421 451 2474 ,et
462 2430 527 2472 rara
542 2420 616 2490 suut.
637 2413 792 2488 gignuntur
806 2421 900 2472 tamen
916 2421 946 2472 et
957 2413 985 2471 in
999 2421 1096 2492 petro-

7 2567 8 2570 *
98 2497 138 2554 sis
155 2494 377 2573 carentibusque
393 2513 528 2575 aquarum
542 2496 667 2555 dulcium
682 2495 822 2570 adventu,
841 2497 914 2556 sicut
933 2497 1010 2555 circa
1026 2494 1096 2569 Gry·

7 2595 8 2598 ’
96 2581 174 2638 nium
199 2587 228 2637 et
246 2578 395 2652 timinam.
426 2579 622 2656 grandescunt
645 2578 749 2638 sideris
772 2578 886 2656 quidem
905 2579 1018 2638 ratione
1038 2595 1095 2638 ma·

96 2679 201 2737 ruma,
223 2671 253 2721 ut
269 2663 297 2720 in
316 2673 416 2722 natura
432 2663 596 2741 aquatilium
612 2661 748 2738 diximus,
774 2661 827 2721 sed
843 2663 977 2740 privatim
993 2661 1138 2721 circanam

96 2747 176 2804 initia
193 2746 311 2804 aestatis
325 2747 414 2807 inulto
432 2746 508 2806 lacte
521 2747 689 2824 praegnatia
702 2755 787 2824 atque
800 2745 847 2804 ubi
862 2746 907 2804 sol
922 2753 1056 2822 penetret
1067 2746 1096 2803 in

60 2827 182 2889 acvada
213 2829 287 2889 haec
308 2829 421 2890 videtur
443 2847 530 2890 causa
549 2847 638 2907 quare
658 2829 767 2889 minora
782 2831 812 2889 iu
828 2829 886 2888 alto
901 2829 1139 2906 reperiantur,6o

97 2913 230 2990 opacitas
243 2911 379 2972 cohibet
369 2923 574 2973 incrementum
588 2922 618 2972 et
627 2915 741 2973 tristitia
751 2914 842 2971 minus
855 2912 991 2990 adpetunt
1004 2909 1094 2972 cibos.

96 2997 244 3056 variantur
259 2995 424 3072 coloribus,
445 2996 508 3056 rufa
522 2996 695 3094 Hispaniae,
714 2981 797 3056 ir'rsca
811 2995 948 3070 Illyrico,
969 2995 1052 3072 nigra
1067 3003 1095 3054 et

96 3096 186 3138 carue
200 3087 229 3138 et
241 3086 315 3139 lesia
324 3078 448 3156 Circeis,
465 3080 622 3158 praecipua
636 3097 708 3139 vero
720 3079 881 3140 habentur
872 3098 901 3138 ru
915 3095 1093 3176 quacumque

95 3171 187 3239 gente
203 3164 299 3240 spissa
313 3180 368 3222 nec
383 3164 474 3223 saliva
493 3182 543 3224 sua
557 3162 684 3239 lubrica,
704 3163 893 3224 crassitudine
910 3164 1006 3241 potius
1027 3180 1093 3241 spe-

59 3263 87 3306 aa
97 3245 201 3306 ctauda
214 3261 296 3324 quam
312 3246 469 3325 latitudine,
485 3263 580 3325 neque
595 3247 623 3304 in
638 3248 739 3307 lutosis
756 3256 839 3326 capta
854 3264 949 3324 neque
965 3246 993 3304 in
1010 3245 1093 3306 bare-

97 3331 178 3390 nosis
191 3329 243 3389 aed
256 3329 351 3390 solido
364 3330 448 3409 rado,
465 3330 610 3408 spondylo
624 3330 708 3390 brevi
719 3341 804 3408 atque
819 3347 876 3390 nou
892 3345 1026 3405 carnoso,
1037 3345 1094 3388 nec

27 3488 30 3496 .
97 3414 179 3474 libris
195 3413 336 3474 laciniosa
353 3433 388 3475 ac
408 3423 468 3474 tota
485 3415 514 3472 in
534 3414 612 3474 alvo.
635 3412 741 3474 addunt
754 3416 908 3492 peritiores
922 3422 1018 3472 notam
1033 3424 1135 3479 anu-61

98 3497 195 3558 biente
210 3515 359 3578 purpureo
377 3499 457 3558 crine
472 3497 575 3575 libras,
592 3515 687 3578 eoque
702 3507 871 3575 argomento
891 3511 1036 3575 generosa
1052 3498 1092 3556 in-
