2430 3896
135 220 175 282 20
462 229 492 278 c.
510 230 606 276 ensur
621 228 771 277 sncuunr

136 386 252 446 circiter
274 397 322 445 xv
343 383 454 455 diebus.
492 385 594 444 iterum
619 384 780 460 germinant
805 391 971 443 transeunte
996 384 1133 460 geminos

20 479 32 500 ·
135 469 210 528 sole.
252 470 295 528 sic
321 467 352 526 iit
381 477 412 528 ut
432 469 523 547 prima
543 469 690 527 cacumina
715 466 817 546 inpelli
844 469 952 528 secutis
980 468 1137 545 adpareat,

94 565 143 616 101
156 552 319 630 geniculato
345 552 533 612 incremento.
573 552 657 612 tertia
678 560 723 610 est
742 550 897 610 earundem
921 549 957 610 ad
977 551 1134 610 solstitium

135 636 315 710 brevissima,
331 653 386 695 nec
402 636 504 696 diutius
519 635 649 714 septenis
666 634 780 710 diebus,
794 634 931 713 clareque
943 644 972 695 et
986 644 1054 694 tuuc
1067 651 1133 693 cer-

135 722 210 780 nitur
235 720 466 780 excrescentium
492 720 667 779 cacuminum
693 718 865 778 articulatio.
904 718 979 778 Vitis
1000 718 1064 778 sola
1086 716 1163 776 lsiss

136 805 271 880 parturit,
305 805 513 882 cumprimum
539 803 640 862 emittit
666 819 766 876 uvam,
797 803 899 861 iterum
925 819 988 861 cum
1014 801 1133 879 digerit.

137 903 237 946 eorum
267 903 342 964 quae
367 903 424 946 uon
449 886 554 946 dorent
580 894 680 964 partus
708 893 813 946 tantum
842 895 888 946 est
916 894 945 946 et
972 887 1132 946 maturitas.

95 980 145 1032 102
155 969 301 1042 Quaedam
317 971 409 1029 statim
425 972 453 1029 in
467 971 674 1048 germinatione
689 969 794 1029 florent
808 977 1023 1050 properantque
1038 969 1067 1027 in
1083 984 1133 1042 eo,

136 1053 189 1112 sed
210 1052 291 1112 tarde
310 1062 520 1130 maturescunt,
546 1063 577 1113 ut
596 1055 681 1113 vites.
718 1053 847 1113 serotino
867 1052 1007 1132 quaedam
1026 1052 1135 1129 germi-

136 1144 201 1196 natu
217 1136 321 1196 florent
337 1146 535 1215 maturantque
557 1137 710 1213 celeriter,
730 1136 813 1196 sicuti
832 1155 929 1197 morus
947 1153 1021 1215 quae
1035 1137 1173 1194 novis-10

136 1222 207 1278 sima
231 1219 401 1280 urbanarum
425 1222 567 1298 germinat
591 1238 647 1280 uec
673 1221 727 1280 nisi
752 1221 856 1280 exacto
881 1221 1013 1297 frigore,
1039 1218 1078 1278 ob
1104 1217 1136 1277 id

137 1303 213 1363 dicta
232 1305 441 1382 sapientissima
456 1304 598 1364 arborum.
630 1305 683 1364 sed
699 1321 762 1363 curn
778 1305 885 1382 coepit,
905 1306 934 1364 iu
949 1311 1056 1364 tantum
1071 1303 1142 1360 uni·¹

136 1389 406 1465 versagerminatio
422 1389 545 1466 erumpit
563 1397 593 1448 ut
613 1405 667 1447 una
688 1396 774 1447 nocte
796 1397 951 1465 peragatur
967 1387 1052 1446 etiam
1069 1401 1136 1445 oum
1212 1425 1213 1430 η

137 1479 197 1529 stre
219 1472 268 1530 itu.
822 1508 825 1514 -

96 1561 146 1614 103
199 1489 299 1635 p(42.)
326 1554 371 1614 Ex
387 1555 431 1614 his
448 1573 522 1633 quae
538 1555 632 1614 hieme
648 1554 743 1633 aquila
759 1556 926 1628 exoriente,
947 1562 977 1613 ut
997 1553 1133 1627 diximus,
1147 1565 1173 1604 1⁵
1211 1605 1213 1612 Α

94 1634 117 1667 ⁹⁸
139 1639 303 1716 concipiunt
330 1638 416 1699 floret
436 1640 526 1718 prima
549 1639 671 1698 omnium
692 1636 843 1715 amygdala
862 1655 962 1696 mense
989 1637 1134 1710 ianuario,
1210 1679 1213 1715 ,

136 1719 239 1781 Martio
255 1739 326 1781 vero
341 1739 456 1800 pomum
469 1730 600 1784 maturat.
632 1720 670 1782 ab
685 1738 720 1781 ea
737 1738 894 1800 proxumae
911 1720 1015 1780 dorent
1031 1720 1135 1782 Arme-
1211 1781 1212 1784 ,

137 1804 238 1880 niaca,
253 1804 319 1864 dein
331 1804 451 1864 tubures
468 1815 497 1864 et
508 1821 687 1883 praecoces,
705 1804 773 1864 illae
785 1804 976 1884 peregrinae,
993 1803 1048 1864 irae
1065 1819 1136 1863 coa·
1209 1847 1213 1884 ,

138 1895 218 1962 ctae,
242 1888 342 1948 ordine
357 1897 451 1948 autem
465 1897 583 1949 naturae
606 1887 780 1949 silvestrium
795 1889 904 1967 primae
923 1885 1066 1962 sabucus,
1088 1888 1136 1946 cui
1210 1931 1213 1968 ,

136 1969 261 2032 medulla
277 1972 421 2048 pluruma,
443 1981 472 2032 et
489 1974 533 2031 cui
554 1972 648 2048 nulla,
671 1988 775 2032 cornus
795 1971 939 2046 mascula,
960 1969 1135 2031 urbanarum
1146 1985 1172 2025 ao
1209 2023 1212 2050 ‚

137 2053 227 2113 malus
244 2071 394 2133 parvoque
409 2064 486 2133 post,
502 2065 533 2115 ut
548 2056 631 2116 simul
645 2057 738 2133 possit
752 2055 857 2131 videri,
873 2055 952 2132 pirus
969 2063 998 2113 et
1013 2071 1136 2114 cerasus
1211 2101 1212 2108 ,

96 2145 183 2200 tollet
204 2154 321 2215 prunus.
353 2140 482 2216 sequitur
504 2140 618 2214 laurus,
640 2139 718 2199 illam
740 2156 912 2217 cupressus,
935 2137 1001 2198 dein
1016 2139 1134 2217 punica,

137 2219 193 2279 tici.
225 2229 254 2279 et
266 2222 340 2281 vites
357 2230 386 2282 et
402 2223 486 2283 oleae
507 2222 676 2284 florentibus
696 2226 751 2282 iam
771 2223 815 2282 his
835 2223 1012 2299 germinant,
1037 2221 1135 2281 conci·
1208 2267 1211 2306 ,

137 2304 217 2382 piunt
231 2305 415 2382 vergiliarum
431 2317 543 2368 exortu.
573 2307 630 2367 hoc
640 2305 719 2366 sidus
729 2306 840 2366 illarum
853 2315 906 2366 est.
936 2305 1023 2365 lloret
1040 2314 1136 2365 autem

137 2387 261 2447 solstitio
278 2390 344 2449 vitis
362 2398 391 2449 et
406 2409 480 2469 quae
499 2391 585 2470 paulo
600 2391 692 2450 serius
714 2392 814 2470 incipit
829 2389 905 2450 olea.
936 2387 1135 2449 deflorescunt
1145 2408 1171 2448 as
1210 2383 1211 2390 '

136 2471 229 2530 omnia
251 2475 380 2551 septenis
403 2474 505 2535 diebus
526 2492 583 2535 non
606 2474 748 2551 celerius,
771 2473 910 2553 quaedam
931 2472 1058 2550 tardius,
1083 2472 1136 2533 sed
1210 2469 1211 2472 ’

136 2554 213 2652 nulla
227 2555 357 2633 pluribus
372 2557 416 2616 bis
432 2560 577 2636 septenis,
594 2561 688 2618 omnia
705 2567 734 2619 et
749 2559 905 2618 intravm.
920 2556 985 2617 idus
1001 2555 1054 2615 lul.
1075 2565 1136 2616 ete·
1209 2621 1210 2624 Ἴ

136 2655 240 2697 suarum
255 2656 422 2716 praecursu.

97 2730 145 2782 105
216 2721 268 2784 26.
293 2723 376 2802 (43.)
403 2722 466 2783 Nec
483 2726 576 2784 statim
589 2725 699 2784 fructus
712 2726 842 2803 sequitur
853 2726 881 2784 in
893 2724 1047 2803 aliquibus.
1071 2741 1136 2784 cor·
1208 2779 1209 2788 2

135 2821 188 2862 nus
205 2805 280 2865 enim
295 2809 373 2866 circa
391 2808 515 2868 solstitia
530 2808 623 2869 reddit
639 2809 730 2886 primo
753 2808 918 2885 candidum,
941 2816 1046 2887 postea
1070 2824 1134 2868 san·
1145 2827 1170 2868 ao
1207 2857 1209 2882 ,

135 2887 278 2962 guineum.
309 2907 347 2949 ex
369 2909 405 2952 eo
425 2910 537 2970 genere
557 2892 662 2952 femina
691 2900 757 2970 post
784 2902 945 2952 autumnum
967 2892 1026 2952 fert
1045 2893 1134 2952 bacas
1207 2885 1209 2960 ἶ

137 2969 258 3032 acerbas
283 2982 312 3032 et
337 2975 518 3052 ingustabilis
541 2977 650 3036 cunctis
677 2976 882 3052 animantibus,
909 2977 987 3053 liguo
1016 2993 1134 3055 quoque

137 3052 262 3132 lungoso
286 3066 314 3117 et
333 3059 442 3135 inutili,
466 3077 530 3118 cum
549 3078 609 3119 mas
628 3078 644 3118 e
660 3059 822 3119 fortissimis
844 3060 1064 3139 durissimisque
1086 3060 1132 3120 sit.

95 3145 235 3201 restaura
256 3139 417 3202 differentia
436 3142 474 3203 ab
494 3143 597 3203 eodem
621 3161 732 3221 genere
749 3143 789 3203 tit.
825 3144 877 3204 sed
901 3153 931 3203 et
951 3143 1134 3204 terebinthus

136 3221 281 3284 messibus
295 3225 389 3285 reddit
407 3244 506 3286 semen
524 3235 553 3286 et
569 3245 639 3288 acer
654 3236 683 3287 et
696 3227 842 3304 fraxinus,
864 3245 954 3287 nuces
971 3237 1000 3287 et
1016 3228 1091 3288 mala
1105 3235 1169 3286 etas

136 3306 198 3382 pira
214 3317 415 3387 praeterquam
428 3310 547 3370 hiberna
563 3320 611 3370 aut
622 3312 779 3390 praecocia
794 3319 937 3386 autumno,
953 3310 1134 3388 glandiferae

137 3391 230 3448 serius
239 3394 398 3468 etiamnum,
409 3393 718 3471 vergiliarumoccasu,
729 3394 978 3455 aesculustantum
987 3404 1133 3470 autumno,

138 3469 292 3551 incipiente
303 3484 398 3536 autern
410 3478 504 3537 hieme
516 3478 657 3555 quaedam
668 3497 777 3556 genera
789 3479 856 3538 mali
868 3479 980 3558 pirique
995 3487 1024 3538 et
1036 3479 1132 3539 suber.
