2504 3930
172 241 234 304 258
508 253 647 305 cuntur
663 255 811 303 sncunnr

170 405 352 468 harenaceae
368 405 505 484 duritiae,
525 406 579 468 bae
595 406 779 469 dentitionem
796 408 910 469 facilem
924 417 1071 487 praestant
1087 407 1169 469 adal-

171 489 289 566 ligatae.
322 489 487 550 coclearum
502 492 624 553 inauium
639 493 711 554 ciuis
729 509 815 551 cerae
831 493 935 551 mixtus
951 492 1168 570 procidentium

127 583 178 638 137
190 574 403 633 interaneorum
418 575 505 652 partis
519 584 662 634 extremas
677 574 819 654 prohibet.
836 585 951 654 oportet
963 584 1059 637 autem
1073 577 1167 635 cineri

168 658 285 720 misceri
301 657 409 718 saniem
421 659 534 735 punctis
546 660 678 717 emissam
696 677 712 716 e
724 656 846 717 cerebro
858 659 987 736 viperae.
1009 658 1164 718 cerebrum

167 741 287 818 viperae
304 738 412 799 inlitum
429 741 583 819 pelliculae
600 741 772 801 dentitiones
789 741 912 801 adiuvat.
934 742 1009 802 idem
1021 742 1124 801 valent
1138 751 1183 804 ets

168 823 350 900 grandissimi
367 823 468 884 dentes
479 828 668 902 serpentium.
696 826 789 884 fimum
806 826 886 884 corvi
901 824 965 885 lana
977 824 1166 901 adalligatum

168 906 314 967 infantium
336 909 407 966 tussi
432 908 570 967 medetur.
600 909 649 966 vix
669 917 714 967 est
743 909 821 966 serio
844 908 990 986 conplecti
1010 908 1163 985 quaedam,
1243 957 1246 968 .

167 1007 225 1048 non
245 989 398 1050 omittenda
420 999 529 1068 tameo,
551 992 617 1070 quia
640 1001 703 1050 sunt
724 991 848 1069 prodita.
892 993 984 1050 ramiti
1013 991 1164 1050 infantium

168 1073 278 1132 lacerta
302 1072 410 1134 mederi
436 1075 542 1134 iubent.
586 1092 693 1134 marem
718 1073 792 1134 banc
820 1074 936 1154 prendi,
962 1073 1116 1151 intellegi,
1139 1075 1164 1134 si

124 1167 177 1222 138
188 1155 278 1216 cauda
299 1175 382 1216 unam
404 1175 556 1217 cavernam
573 1156 687 1217 babeat.
728 1157 757 1216 id
772 1157 913 1234 agendum
935 1166 965 1216 ut
984 1175 1039 1236 per
1063 1175 1198 1218 aurumro

167 1249 196 1299 et
211 1248 361 1315 argentum
382 1250 410 1300 et
424 1250 536 1302 ostrum
558 1240 688 1301 mordeat
703 1240 810 1300 vitium.
843 1249 900 1300 tum
920 1241 948 1298 in
972 1241 1066 1300 calice
1083 1257 1162 1300 novo

166 1322 310 1399 inligatur,
326 1323 355 1382 in
368 1323 446 1383 lumo
465 1327 589 1402 ponitur.
608 1326 689 1384 urina
703 1323 847 1382 inlantium
867 1323 1017 1383 cohibetur
1032 1324 1162 1384 muribus

167 1405 251 1465 elixis
272 1407 302 1464 in
324 1404 389 1466 cibo
404 1406 487 1467 datis.
519 1406 742 1468 scarabaeorum
763 1424 869 1466 cornua
890 1405 1009 1482 grandia
1032 1408 1161 1467 denticu-

115 1499 175 1553 ‘139
187 1488 244 1548 lata
264 1488 418 1566 adalligata
440 1491 475 1549 iis
494 1490 609 1551 amuleti
630 1499 755 1550 naturam
780 1491 919 1568 optinent.
948 1489 1046 1549 Bonae
1073 1489 1161 1568 capiti

166 1571 294 1650 lapillum
308 1573 405 1632 inesse
420 1573 544 1649 tradunt,
560 1591 643 1652 quem
658 1572 693 1634 ab
711 1591 744 1631 ea
761 1574 873 1651 exspui,
890 1573 914 1631 si
930 1590 1033 1632 necem
1047 1575 1159 1649 timeat,
1171 1591 1197 1632 rs

165 1656 337 1733 inopinantis
363 1659 497 1735 praeciso
521 1659 615 1735 capite
639 1664 801 1734 exemptum
823 1654 1066 1734 adalligatumque
1088 1659 1161 1716 mire

165 1738 309 1816 prodesse
323 1738 482 1801 dentitioni.
503 1742 570 1799 item
586 1739 737 1799 cerebrmn
754 1737 880 1798 eiusdem
892 1737 928 1798 ad
943 1739 1066 1798 eundem
1076 1757 1159 1798 usum

166 1821 314 1898 adalligari
328 1821 426 1882 iubent
442 1833 471 1882 et
486 1823 594 1883 limacis
610 1823 737 1901 lapillum
753 1824 814 1881 sive
828 1821 999 1896 ossiculum,
1012 1823 1160 1881 invenitur

164 1905 193 1963 in
214 1905 311 1963 dorso.
340 1907 493 1982 magnifice
507 1909 584 1966 iuvat
601 1915 629 1966 et
651 1907 714 1967 ovis
739 1905 889 1965 cerebrum
904 1905 1030 1980 gingivis
1046 1905 1159 1964 inlitum

165 1989 238 2047 sicut
254 1988 329 2046 auris
352 1989 434 2065 adips
455 1991 604 2050 anserinus
622 2005 685 2047 cum
704 1989 787 2046 ocimi
809 2005 879 2048 suco
902 1989 1052 2064 inpositus.
1094 1997 1199 2049 suniat

164 2069 312 2128 vermiculi
325 2072 352 2129 in
368 2073 494 2150 spinosis
510 2073 616 2150 asperi,
632 2072 808 2168 lanuginosi,
826 2072 879 2129 bos
895 2069 1069 2146 adalligatos
1092 2089 1160 2148 pro-

163 2153 237 2211 tinus
251 2153 360 2212 mederi
375 2153 487 2213 tradunt
509 2153 673 2229 infantibus,
690 2157 714 2211 si
730 2154 796 2231 quid
812 2173 849 2212 ex
864 2153 928 2212 cibo
942 2152 1072 2214 baereat.

120 2243 173 2298 140
237 2234 341 2332 (48.)
342 2237 464 2296 Somnos
482 2237 579 2297 adlicit
595 2253 735 2314 oesypum
752 2255 813 2296 cum
834 2255 945 2296 murrae
961 2245 1109 2295 momento
1131 2237 1162 2296 in

162 2318 221 2377 vini
237 2305 355 2417 cyathis·
363 2319 475 2380 duobus
490 2320 622 2396 dilutum,
638 2319 686 2378 rel
703 2339 765 2379 cum
780 2319 864 2397 adipe
879 2321 1012 2378 anserino
1035 2328 1067 2378 et
1088 2321 1160 2378 vinc

163 2401 288 2476 myrtite,
311 2403 371 2462 avis
387 2403 504 2463 cuculus
519 2404 650 2481 leporina
665 2403 743 2480 pelle
758 2402 941 2479 adalligatus,
963 2401 1094 2461 ardiolae
1110 2419 1197 2461 ro-as

165 2493 252 2544 strum
265 2485 292 2542 in
313 2485 393 2563 pelle
418 2487 526 2546 asinina
548 2488 634 2545 lronti
659 2485 848 2562 adalligatum
877 2491 988 2572 putant
997 2492 1026 2542 et
1045 2502 1102 2562 per
1125 2504 1161 2545 se

162 2576 287 2627 rostrum
315 2569 435 2628 effectus
462 2571 589 2629 eiusdem
615 2587 682 2628 esse
706 2571 772 2628 vino
803 2568 935 2627 coiutum.
984 2562 1002 2625 'e
1036 2565 1161 2630 diverso

164 2667 292 2710 somnum
307 2660 388 2712 arcet
402 2653 617 2730 vespertilionis
633 2661 717 2729 caput
731 2651 837 2712 aridum
853 2651 1045 2748 adalligatum

121 2741 171 2797 141
236 2733 318 2812 (49.)
340 2735 372 2794 ln
384 2737 463 2796 urina
474 2736 548 2794 virili
563 2744 684 2796 enecata
700 2734 807 2794 lacerta
822 2751 957 2793 venerem
970 2735 1030 2792 eius
1046 2735 1097 2811 qui
1113 2734 1161 2792 le·

164 2815 368 2877 cerit'inbibet.
395 2837 458 2878 narn
480 2820 553 2878 inter
574 2819 710 2878 amatoria
731 2836 796 2876 esse
810 2815 886 2892 Magi
906 2816 1010 2876 dicunt.
1033 2815 1199 2876 inhibetao

164 2906 193 2958 et
210 2899 302 2958 dmum
324 2901 444 2960 cocleae
472 2911 501 2960 et
520 2900 710 2961 columbinum
733 2918 794 2960 cum
815 2900 882 2958 oleo
903 2907 931 2958 et
953 2896 1020 2958 vinc
1042 2907 1160 2975 potum.

140 3007 143 3014 ·
163 2982 306 3060 pulmonis
316 2985 452 3044 volturini
469 2985 587 3044 dextrae
601 2993 700 3061 partes
712 3002 847 3042 venerem
864 2983 1006 3041 concitant
1018 2981 1090 3042 viris
1108 2982 1160 3042 ad·

164 3063 299 3140 alligatae
316 3070 394 3143 gruis
409 3068 504 3145 pelle,
519 3070 585 3126 item
602 3069 626 3125 si
644 3067 720 3126 lutea
736 3085 773 3127 ex
789 3067 850 3126 ovis
866 3066 987 3143 quinque
1004 3063 1160 3126 columba·

162 3164 224 3207 rum
246 3148 369 3209 admixto
392 3151 484 3229 adipis
500 3151 575 3211 suilli
595 3150 693 3210 denari
708 3149 837 3227 pondere
855 3167 892 3206 ex
907 3147 991 3206 melle
1010 3146 1160 3208 sorbean-

162 3237 217 3303 tur,
236 3248 372 3308 passeres
386 3236 415 3292 in
431 3233 496 3292 cibo
511 3233 560 3293 vel
576 3251 630 3293 ova
646 3252 761 3329 eorum,
782 3231 932 3308 gallinacei
947 3229 1050 3288 dexter
1066 3231 1160 3290 testis
1170 3246 1201 3288 as

120 3321 172 3376 142
183 3314 301 3374 arietina
316 3317 395 3394 pelle
407 3315 587 3392 adalligatus.
623 3314 712 3375 Ibium
736 3317 848 3374 cineres
864 3331 924 3372 cum
938 3310 1023 3388 adipe
1037 3311 1161 3374 anseris

164 3395 216 3452 et
207 3397 278 3455 trino
294 3401 449 3476 perunctis,
466 3402 489 3458 si
510 3409 679 3497 conceptum
695 3400 740 3474 sit,
757 3406 853 3477 partus
870 3395 1026 3470 continere,
1049 3405 1161 3456 contra

161 3475 282 3539 inhiberi
306 3500 442 3540 venerem
468 3483 636 3561 pugnatoris
656 3482 726 3560 galli
747 3481 886 3542 testiculis
904 3478 1037 3538 anserina
1063 3477 1159 3558 adipe
