2396 3922
282 246 362 294 aar.
381 240 471 296 arsa.
488 245 612 294 xxvnr.
630 243 656 296 4.
675 235 809 312 (a-ro.)
984 235 1041 297 163
1102 247 1106 258 ·

46 409 141 481 gatar.
176 416 234 460 nos
248 399 325 460 baec
341 398 488 461 credamus
501 400 557 460 rite
572 400 645 477 lieri,
661 403 789 462 extranei
804 402 964 462 interventu
979 409 1037 478 aut,
1050 412 1083 466 39

47 486 71 545 si
85 483 240 544 dormiens
256 491 403 561 spectetur
415 485 523 560 inians,
545 486 685 544 anutrice
701 492 781 544 terna
798 485 917 565 adspui?
947 502 1041 564 quam·
1167 489 1170 494 '

47 585 133 648 quarn
150 568 225 628 illos
239 566 384 643 religione
401 577 476 628 muta
499 577 604 628 tutatur
629 577 657 627 et
677 568 818 646 fascinus,
840 573 1042 649 imperatorum

47 669 179 730 quoque,
196 669 254 710 non
266 651 358 714 solum
373 651 518 711 infantium
530 661 637 727 custos,
654 653 701 730 qui
717 651 788 710 deus
805 655 878 714 inter
890 668 972 715 sacra
983 654 1040 713 Ro·

28 753 129 796 amana
152 729 473 795 aVestalibuscolitur
496 745 525 794 et
549 753 649 794 currus
671 735 898 814 triumphantium
919 736 972 797 sub
996 735 1041 794 his

48 817 182 897 pendens
200 817 328 878 deiendit
343 817 470 878 medicus
491 819 628 894 invidiae,
656 818 791 898 iubetque
817 821 935 880 eosdem
948 823 1039 899 respi-

50 920 116 961 cere
134 901 239 960 similis
255 901 395 960 medicina
411 902 536 980 linguae,
552 911 582 961 ut
597 904 634 962 sit
650 912 770 962 exorata
786 923 801 964 a
815 912 899 982 tergo
916 903 1040 964 Fortuna

48 984 164 1061 gloriae
185 985 326 1044 carnifex.

109 1067 177 1147 (8.)
202 1068 317 1128 lllorsas
330 1067 452 1128 bominis
466 1069 540 1128 inter
554 1070 727 1148 asperrimos
741 1086 854 1148 quoque
867 1080 1038 1130 numeratur.
1050 1080 1084 1131 40

21 1152 203 1212 remetientur
221 1150 324 1210 sordes
340 1170 378 1210 ex
392 1151 506 1211 auribus
522 1171 565 1229 ac,
580 1171 616 1212 ne
636 1154 700 1230 quis
713 1154 844 1229 miretur,
861 1155 946 1212 etiam
961 1171 1040 1212 scor·

50 1237 166 1314 pinnum
185 1235 290 1295 ictibus
304 1238 536 1313 serpentiumque
552 1237 644 1297 statim
659 1238 812 1314 inpositae,
828 1237 958 1296 meliuse
976 1255 1040 1315 per·

51 1319 125 1378 cossi
139 1318 270 1378 auribus.
291 1318 415 1396 produnt
429 1321 508 1379 itaet
522 1319 653 1380 reduvias
666 1322 770 1397 sanari,
785 1321 958 1400 serpentium
970 1337 1040 1380 vero

50 1403 136 1461 ictum
155 1404 292 1462 contunsi
309 1401 401 1462 dentis
416 1402 529 1462 humani
544 1403 643 1464 farina.

112 1483 178 1563 (9.)
205 1483 334 1564 Capillus
357 1504 447 1564 puero
474 1487 520 1564 qni
543 1488 662 1564 primum
683 1486 798 1545 decisus
825 1496 868 1546 est
890 1488 1038 1566 podagrae
1050 1499 1082 1550 41

24 1568 176 1646 reimpetus
194 1570 297 1628 dicitur
317 1569 416 1628 levare
433 1570 661 1646 circumligatus,
692 1572 767 1629 etin
789 1579 877 1629 totum
897 1571 1042 1650 inpubium

53 1652 190 1730 inpositu.
221 1654 346 1710 virorum
371 1669 485 1730 quoque
506 1652 628 1731 ,capillus
650 1654 728 1711 canis
749 1653 891 1712 morsibus
912 1654 1042 1714 medetur

54 1752 88 1793 ex
102 1745 191 1795 aceto
206 1745 235 1794 et
251 1737 373 1813 capitum
386 1733 550 1795 volneribus
567 1755 603 1794 ex
615 1736 681 1795 oleo
694 1745 742 1794 aut
756 1737 833 1812 vino,
850 1739 874 1795 si
888 1737 1041 1813 credimus,

53 1835 69 1878 a
83 1819 205 1878 revolso
222 1819 300 1877 cruci
316 1819 470 1896 quartanis,
487 1817 650 1879 combustus
665 1820 763 1896 utique
775 1820 896 1897 capillus
913 1823 1041 1880 carcino-

54 1903 126 1960 mati.
159 1903 245 1981 pueri
263 1903 309 1978 qui
330 1904 437 1980 primus
453 1902 590 1962 ceciderit
607 1902 693 1978 dens,
721 1911 750 1962 ut
771 1911 875 1962 terram
890 1921 946 1962 non
962 1905 1043 1964 attin-

26 1993 117 2060 rogat,
133 1985 266 2045 inclusus
281 1985 309 2042 in
324 1985 460 2045 armillam
478 1995 507 2046 et
521 1984 638 2046 adsidue
659 1988 687 2045 in
702 1983 838 2045 bracchio
854 1985 966 2046 habitus
984 2007 1041 2046 mu-

55 2066 185 2127 liebrium
205 2069 336 2128 locorum
357 2068 476 2129 dolores
493 2068 637 2148 prohibet.
669 2069 772 2128 Pollex
794 2071 822 2128 in
846 2069 920 2148 pede
936 2071 1084 2148 praeli-42

55 2159 135 2224 gatus
152 2169 295 2230 proxumo
312 2153 402 2228 digito
418 2162 544 2212 tumores
560 2154 704 2244 inguinum
721 2152 814 2230 sedat,
834 2154 862 2211 in
876 2171 958 2212 manu
974 2155 1041 2214 dex-

56 2241 96 2292 tra
113 2234 169 2295 duo
188 2235 276 2295 medii
292 2235 350 2294 lino
365 2235 468 2295 leviter
481 2237 617 2312 conligati
632 2236 841 2298 destillationes
857 2247 941 2314 atque
958 2237 1062 2315 lippi‘

58 2317 167 2377 tudines
185 2327 295 2380 arcent.
328 2320 395 2396 quin
411 2328 441 2379 et
459 2321 567 2379 eiectus
583 2320 699 2398 lapillus
722 2321 869 2379 calculoso
885 2319 1040 2396 adligatus·

30 2409 112 2476 toque
127 2421 215 2479 supra
234 2400 339 2481 pubem
361 2403 460 2461 levare
479 2411 595 2462 ceteros
617 2402 719 2463 dicitur
738 2421 772 2462 ac
798 2405 935 2462 iocineris
956 2406 1042 2463 etiam

61 2481 173 2544 dolores
196 2494 226 2544 et
250 2486 426 2545 celeritatem
442 2494 540 2564 partus
559 2485 668 2544 facere.
701 2482 791 2545 adicit¹
805 2485 923 2546 Granius
946 2487 1042 2545 elica·

61 2567 163 2628 cionem
176 2568 279 2629 adhoc
291 2573 356 2628 esse
369 2569 447 2628 ierro
460 2577 630 2646 exemptum.
653 2577 751 2647 partus
765 2568 912 2628 adcelerat
925 2567 972 2627 hic
983 2586 1043 2628 mas

62 2665 95 2728 ex
111 2669 167 2728 quo
191 2670 322 2731 quaeque
345 2653 530 2730 conceperit,
558 2652 582 2710 si
605 2654 698 2711 cinctu
721 2670 773 2711 suo
795 2651 889 2710 soluto
910 2650 1043 2710 feminam

62 2732 187 2812 cinxerit,
203 2735 268 2795 dein
279 2735 399 2796 solverit
414 2735 525 2795 adiecta
540 2736 707 2814 precatione
722 2753 754 2794 se
767 2735 904 2809 vinxisse,
921 2733 1042 2793 eundem

34 2821 88 2872 oet
103 2817 270 2894 soluturum,
286 2827 371 2896 atque
388 2818 499 2879 abierit.

120 2901 204 2980 (10.)
231 2903 375 2978 Sanguine
405 2904 495 2981 ipsius
526 2902 646 2962 hominis
676 2919 715 2960 ex
743 2917 920 2978 quacumque
951 2905 1032 2976 parte
1050 2909 1084 2963 43

64 2983 164 3043 emisso
188 2986 389 3046 efficacissime
412 2987 544 3062 anginam
562 2985 641 3044 inlini
658 2984 771 3045 tradunt
787 2983 920 3063 Orpheus
943 2991 971 3041 et
989 2981 1041 3041 Ar·

65 3063 193 3145 chelaus,
215 3071 282 3128 item
297 3086 348 3130 ora
368 3070 502 3130 comitiali
522 3068 623 3128 morbo
647 3069 861 3145 conlapsorum,
884 3083 1043 3142 exsurgere

65 3150 134 3208 cuim
151 3154 288 3228 protinus.
316 3152 445 3230 quidam,
460 3155 484 3211 si
500 3152 622 3232 pollices
638 3151 740 3229 pedum
757 3160 916 3229 pungantur
931 3167 1056 3234 eaeque!

38 3233 335 3302 ³⁵guttaereierantur
350 3236 378 3294 in
394 3236 506 3313 iaciem,
520 3245 567 3296 ant
582 3237 606 3293 si
622 3236 705 3312 uirgo
723 3234 824 3295 dextro
841 3235 946 3312 pollice
962 3233 1041 3292 attin·

66 3323 120 3389 gat,
133 3316 188 3377 hac
205 3321 370 3380 coniectura
385 3329 537 3380 censentes
551 3320 678 3395 virgines
699 3319 792 3378 carnis
815 3317 949 3378 edendas.
981 3316 1037 3374 Ae·
1050 3326 1084 3378 44

67 3395 177 3460 schines
202 3403 386 3463 Atheniensis
413 3411 658 3464 excrementorum
683 3403 779 3462 cinere
809 3402 920 3478 anginis
947 3399 1040 3460 mede·
1114 3399 1118 3408 '

68 3473 146 3542 hatur
159 3494 188 3546 et
202 3487 326 3549 tonsillis
345 3489 466 3567 uvisque
489 3495 517 3548 et
538 3485 744 3548 carcinomatis.
777 3485 834 3629 bop
843 3483 1040 3627 1opedicamen-
