2396 3900
140 201 182 265 92
485 211 514 259 c.
530 211 625 260 Purus
642 207 792 259 succum

141 369 207 430 calx
219 367 332 428 admota
344 366 499 432 radicibus.
534 375 564 424 et
583 365 657 426 baec
673 371 768 426 autem
783 361 877 421 omnia
895 378 982 440 poma
993 359 1139 422 intervelli

139 453 241 512 melius
254 460 299 510 est
311 460 341 511 ut
352 468 427 530 quae
438 452 541 512 relicta
554 449 610 510 sint
619 447 822 526 grandescant.

97 545 147 602 261
212 533 262 596 28.
287 533 434 608 Quaedam
447 553 541 613 poema
557 533 743 593 emendantur
752 540 801 592 aut
814 545 912 590 morsu
924 527 1098 603 excitantur,
1111 535 1139 587 ut

140 619 253 698 palmae
267 636 303 678 ac
317 618 442 678 lentisci.
477 618 562 678 salsis
586 617 661 677 enim
682 617 763 693 aquis
782 615 904 676 aluntur.
939 611 1011 672 salis
1030 611 1090 670 vim
1112 619 1139 670 et

140 704 266 777 cineres,
284 702 338 764 sed
349 701 490 763 leniorem
505 701 623 775 babent,
639 700 707 761 ideo
719 699 765 762 lici
782 698 993 777 adsperguntur
1005 703 1160 774 rutaque‚s

139 805 176 846 ue
192 785 260 846 liant
276 787 457 846 verminosae
477 803 553 845 neve
569 785 684 848 radices
703 790 880 862 putrescant.
915 783 983 859 quin
1000 789 1029 840 et
1040 781 1138 839 vitium
1183 854 1184 860 ἵ

139 868 285 930 radicibus
297 887 399 948 aquam
412 870 518 930 salsam
530 869 628 928 iubent
643 868 770 942 adfundi,
785 868 810 926 si
825 868 881 928 sint
898 865 1083 926 lacrimosae.
1114 863 1137 924 si
1179 885 1184 944 j

139 969 211 1014 vero
223 953 332 1013 fructus
346 971 443 1014 earum
454 953 604 1029 decidant,
624 954 750 1014 cinerem
762 960 846 1012 aceto
866 951 1023 1028 conspergi
1048 950 1137 1026 ipsas·
1180 969 1182 976 ·

141 1056 197 1117 que
209 1037 287 1096 inlini
296 1045 344 1098 aut
355 1037 524 1113 sandaraca,
537 1039 562 1096 si
579 1045 729 1115 putrescat
746 1054 811 1096 uva.
837 1037 862 1096 si
876 1052 949 1094 vero
959 1032 1073 1093 fertiles
1085 1047 1138 1091 non
1180 1031 1184 1060 2

97 1132 149 1188 262
169 1129 251 1196 suut,
272 1129 357 1180 aceto
376 1123 436 1182 acri
458 1121 579 1186 subacto
601 1122 699 1181 cinere
720 1121 807 1198 rigari
826 1128 913 1200 atque
927 1117 1028 1178 oblini.
1065 1095 1184 1195 quodta²¹

140 1207 165 1265 si
175 1205 301 1266 fructum
317 1221 374 1264 nou
389 1214 530 1264 maturent
545 1205 624 1283 prius
641 1206 868 1279 inarescentem‚
889 1203 1088 1282 praecisarum
1105 1199 1137 1260 ad
1173 1190 1184 1249 l

141 1289 256 1350 radices
267 1287 383 1366 plagam
399 1288 545 1367 fibrasque
557 1298 641 1349 aceto
657 1289 717 1348 acri
739 1297 768 1348 et
783 1288 865 1348 urina
881 1295 995 1346 vetusta
1013 1283 1136 1345 madefa·
1173 1274 1184 1357 ἒ

141 1391 210 1434 cere
221 1381 307 1450 atque
321 1389 357 1431 eo
369 1371 429 1432 luto
442 1372 579 1448 obruere,
593 1388 684 1450 saepe
699 1371 813 1433 fodere.
848 1371 988 1445 olearum,
1001 1369 1026 1428 si
1042 1385 1137 1448 pamm
1173 1361 1184 1404 l

140 1459 301 1536 promisere
316 1455 442 1532 fruetus,
458 1456 577 1517 nudatas
597 1455 712 1517 radices
731 1455 854 1516 hiberno
872 1454 975 1532 frigori
991 1459 1136 1532 opponunt
1175 1433 1184 1490 l

141 1558 235 1620 eaque
247 1541 437 1618 castigatione
448 1541 611 1619 proliciunt.
645 1541 738 1600 omnia
750 1539 825 1599 baec
837 1557 928 1600 annua
941 1538 1016 1599 caeli
1029 1537 1136 1597 ratione
1144 1551 1167 1595 rs

141 1632 273 1685 constant
295 1633 324 1683 et
346 1624 501 1703 aliquando
523 1625 616 1685 serius
635 1632 811 1702 poscuntur,
830 1622 983 1701 aliquando
1003 1622 1136 1682 celerius.

140 1707 203 1768 Nec
217 1725 274 1768 uon
288 1710 363 1786 ignis
374 1709 477 1786 aliquis
491 1709 622 1787 prodest,
637 1717 668 1768 ut
679 1706 839 1769 harundini.
876 1706 1005 1767 ambusta
1017 1721 1136 1783 namque

96 1791 280 1857 testemur
301 1793 455 1870 mitiorque
479 1793 581 1869 surgit.
625 1787 697 1853 (lato
718 1801 747 1852 et
768 1791 977 1852 medicamenta
999 1788 1137 1868 quaedam

141 1876 290 1955 conponit,
306 1892 458 1934 mensurae
471 1892 588 1954 quoque
599 1876 795 1952 distinctione,
811 1876 846 1935 ad
857 1876 995 1936 maiorum
1007 1872 1136 1933 arborum

140 1959 255 2018 radices
273 1957 449 2036 amphoram,
465 1958 500 2018 ad
512 1961 651 2018 minorum
663 1978 762 2020 urnam
772 1976 906 2020 amurcae
919 1965 948 2016 et
963 1973 1058 2035 aquae
1075 1969 1170 2032 por-aa

140 2043 248 2102 tionem
263 2058 400 2120 aequam,
416 2040 598 2120 ablaqueatis
612 2045 693 2121 prius
709 2042 855 2103 radicibus
871 2041 1007 2120 paulatim
1026 2037 1136 2100 adfundi
1173 2052 1179 2145 p

141 2124 253 2186 iubens.
285 2126 315 2184 in
326 2125 393 2185 olea
406 2124 464 2186 boc
477 2125 616 2204 amplius,
635 2127 799 2188 stramentis
816 2135 900 2186 antea
918 2123 1137 2201 circumpositis,
1172 2137 1174 2142 ’

140 2211 208 2270 item
221 2210 286 2270 lico.
317 2209 401 2268 buius
412 2211 572 2287 praecipue
588 2228 660 2270 vere
671 2219 778 2271 terram
798 2209 969 2288 adaggerari
985 2205 1136 2268 radicibus.

141 2294 179 2354 ita
195 2293 318 2353 futurum
335 2301 365 2352 ut
390 2310 447 2352 nou
463 2292 598 2354 decidant
617 2295 715 2371 grossi
734 2295 883 2371 maiorque
904 2293 1066 2353 fecunditas
1086 2307 1137 2349 nes

98 2385 150 2442 264
161 2377 265 2438 scabra
276 2378 437 2456 proveniat.
473 2378 557 2438 simili
568 2379 672 2454 modo,
691 2396 727 2438 ne
740 2377 932 2438 convolvolus
945 2377 994 2438 liat
1005 2377 1034 2436 in
1046 2377 1134 2448 vinea,
1143 2382 1168 2429 aa

141 2479 276 2521 amurcae
296 2461 418 2538 congios
436 2461 509 2520 duos
528 2461 652 2540 decoqui
670 2463 698 2522 in
717 2462 936 2524 crassitudinem
953 2459 1065 2536 mellis,
1080 2476 1135 2518 rur·

141 2562 250 2623 susque
269 2561 333 2604 cum
352 2544 495 2603 bituminis
515 2546 600 2604 tertia
617 2555 701 2623 parte
725 2555 754 2605 et
766 2545 892 2624 sulpuris
907 2553 1008 2623 quarta
1026 2542 1080 2603 sub
1094 2541 1136 2602 diu
1165 2539 1177 2598 l

141 2730 176 2774 ae
194 2711 247 2770 sub
266 2711 410 2772 bracchiis
428 2713 524 2790 ungui.
561 2712 600 2772 ita
617 2731 673 2774 non
694 2714 759 2775 fore
779 2713 992 2774 convolvolum.
1028 2710 1136 2792 quidam

142 2795 270 2857 contenti
289 2805 353 2856 suut
371 2795 448 2856 fumo
461 2796 543 2856 huius
555 2797 696 2859 mixturae
708 2798 808 2858 suliire
818 2798 917 2858 vineas
930 2796 1060 2858 secundo
1073 2796 1134 2856 batt
1183 2839 1184 2844 η

98 2888 150 2944 265
163 2883 298 2940 continuo
311 2877 415 2943 triduo.
451 2879 587 2960 Plerique
602 2899 660 2940 nou
671 2883 763 2944 minus
780 2882 867 2942 auxili
884 2890 912 2940 et
924 2881 1051 2942 alimenti
1067 2877 1133 2941 arbi·
1173 2885 1184 2930 t

142 2629 239 2708 coqui,
253 2629 386 2706 quoniam
399 2627 573 2689 exardescat
591 2629 643 2688 sub
661 2639 750 2690 tecto.
783 2629 841 2690 boc
857 2630 923 2700 vitis
947 2629 1024 2688 circa
1047 2626 1135 2706 capita
1142 2618 1184 3012 ἱ

1172 2715 1184 2772 p

141 2971 252 3022 trantur
264 2963 292 3021 in
303 2965 383 3023 urina
395 2981 479 3043 quarn
492 2962 563 3025 Cato
576 2965 604 3023 iu
616 2983 748 3041 amurca,
766 2963 860 3026 addita
871 2966 958 3025 modo
974 2967 1037 3046 pari
1049 2979 1135 3043 squas
1176 2954 1179 2964 ’

143 3047 293 3125 portione,
311 3049 444 3124 quoniam
463 3067 517 3127 per
535 3066 569 3110 se
590 3058 704 3110 noceat.
742 3049 830 3129 aliqui
853 3050 974 3110 volucre
993 3049 1136 3129 appellant

129 3146 130 3151 ’
142 3131 245 3192 animal
257 3129 438 3210 praerodens
450 3132 638 3210 pubescentis
651 3152 731 3194 uvas.
769 3132 846 3215 quod
858 3152 894 3193 ne
907 3134 1030 3211 accidat,
1044 3133 1133 3206 falcis,
1168 3136 1184 3215 p

142 3233 206 3276 cum
224 3217 280 3276 sint
302 3223 459 3290 exacutae,
476 3216 577 3276 fibrina
596 3217 677 3296 pelle
695 3218 849 3294 detergent
867 3228 953 3299 atque
973 3220 1011 3279 ita
1030 3224 1131 3297 putant,
1169 3223 1184 3299 pr

143 3309 191 3360 aut
221 3301 359 3377 sangnine
389 3300 486 3360 ursino
512 3300 561 3360 lini
594 3301 692 3360 volunt
717 3309 785 3380 post
809 3305 984 3381 putationem
1011 3303 1131 3364 easdem.
1181 3317 1184 3354 ι

101 3391 152 3448 aas
171 3384 241 3443 Sunt
258 3383 393 3443 arborum
412 3392 511 3462 pestes
529 3392 558 3443 et
575 3384 722 3445 formicae.
763 3385 815 3444 bas
836 3387 954 3466 abigunt
972 3388 1085 3447 rubrica
1101 3401 1132 3445 ae
1170 3395 1184 3452 t

142 3465 211 3543 pice
223 3465 330 3544 liquida
344 3467 492 3542 pertinctis
511 3467 695 3543 caudicibus,
716 3487 771 3532 nec
787 3487 844 3532 non
859 3481 889 3532 et
900 3474 981 3547 pisce
994 3485 1131 3550 suspenso
1174 3462 1184 3524 l
