2458 3906
23 51 25 106 l

23 115 26 146 i

295 200 377 249 nan.
393 199 485 250 nisu.
501 200 562 248 xx.
579 197 699 252 lte—16.
718 189 873 272 (st—63.)
1031 195 1092 255 215

149 355 234 434 (59.)
257 354 304 415 De
318 356 438 436 cappari
449 357 519 418 satis
534 356 656 418 diximus
669 358 744 418 inter
755 361 929 439 peregrinos
941 361 1071 424 frutices.
1086 374 1135 430 165

21 419 23 470 b
88 457 141 502 non
154 440 291 501 utendum
306 441 512 518 transmarino,
532 441 711 504 innocentius
731 452 776 504 est
790 442 930 506 ltalicum.
954 446 1049 508 lerunt
1062 447 1136 490 ¹⁸·¹²⁷

89 543 136 586 eos
160 526 210 604 qui
231 524 341 586 cotidie
362 525 391 586 id
412 526 499 586 edunt
523 527 651 604 paralysi
674 545 731 588 non
750 529 909 606 periclitari
929 549 985 592 nec
1008 531 1092 592 lienis

88 609 243 672 doloribus.
275 607 359 680 radix
380 611 442 670 eius
462 610 621 688 vitiligines
643 610 725 673 albas
744 613 833 692 tollit,
855 615 880 674 si
900 615 965 675 trita
982 617 1011 676 in
1028 615 1092 677 sole

66 695 231 756 siricentur.
272 694 412 775 splenicis
438 695 560 775 prodest
583 697 612 756 in
642 697 708 757 uino
733 705 817 776 potus
838 698 945 760 radicis
969 709 1073 761 cortex
1085 711 1135 766 166

87 778 189 840 duabus
210 779 372 858 drachmis,
399 779 515 860 dempto
535 779 712 841 balinearum
729 799 798 859 usn,
824 782 977 864 feruntque
995 799 1093 846 xxxv

86 864 182 926 dicbus
204 884 259 946 per
280 865 389 926 urinam
410 874 440 926 ct
460 865 556 926 alvom
579 874 669 926 totum
691 865 797 927 lienem
817 869 897 928 mitti.
933 869 1041 930 bibitur
1064 871 1093 930 in

86 948 244 1011 lumborum
260 948 411 1010 doloribus
433 968 468 1012 ac
489 950 628 1031 paralysi.
662 949 788 1011 dantium
805 951 925 1013 dolores
944 952 1027 1014 sedat
1044 955 1092 1014 tri·

86 1045 138 1096 tum
154 1054 194 1096 ex
213 1043 299 1096 aceto
316 1053 416 1096 semen
431 1036 584 1097 decoctum
600 1035 648 1096 vel
659 1035 828 1097 manducata
840 1037 931 1098 radix.
954 1037 1077 1098 inlundi·
1085 1048 1135 1104 167

58 1142 79 1183 n
87 1129 126 1180 tur
146 1129 177 1180 et
200 1121 309 1181 aurium
325 1120 421 1182 dolori
435 1119 588 1182 decoctum
609 1120 689 1182 oleo.
719 1120 820 1182 ulcera
835 1139 910 1200 quae
926 1121 1091 1203 phagedae-

85 1222 132 1265 nas
154 1214 264 1266 vocant
286 1203 358 1265 lolia
379 1213 409 1264 et
429 1204 513 1265 radix
532 1223 636 1265 recens
660 1223 724 1266 curn
748 1205 836 1266 melle
859 1216 969 1268 sanant.
1005 1209 1047 1266 sic
1063 1217 1093 1268 et

85 1298 205 1350 strumas
221 1288 340 1351 discutit
354 1289 447 1365 radix,
464 1289 612 1368 parotidas
626 1289 861 1370 vermiculosque
873 1300 957 1352 cocta
969 1292 998 1350 in
1008 1309 1091 1370 aqua.

86 1377 219 1436 iocineris
247 1372 398 1435 doloribus
423 1383 506 1435 tunsa
541 1392 605 1435 cum
629 1374 720 1435 larina
745 1374 912 1437 hordeacea
937 1376 1091 1454 inponitur.

86 1461 201 1520 vesicae
220 1475 337 1539 quoque
357 1457 441 1519 malis
463 1458 604 1520 medetur.
633 1458 701 1520 dant
721 1468 750 1520 et
771 1458 808 1519 ad
829 1463 939 1522 taenias
961 1462 990 1520 in
1008 1470 1092 1522 aceto

59 1555 112 1606 net
131 1544 231 1606 melle.
272 1546 332 1603 oris
352 1543 587 1605 exulcerationes
610 1544 639 1603 in
662 1552 746 1604 aceto
767 1544 891 1606 decocta
912 1544 998 1606 tollit.
1033 1555 1092 1606 sto-

86 1630 185 1690 macho
202 1628 332 1689 inutilem
348 1645 415 1688 esse
431 1629 506 1689 inter
522 1637 657 1689 auctores
670 1630 814 1702 convenit.

143 1728 230 1808 (60.)
247 1728 425 1805 Ligusticum
441 1760 483 1775 -
496 1727 583 1806 aliqui
599 1744 727 1809 panaces
742 1736 904 1788 vocant-
920 1727 1071 1789 stomacho
1085 1737 1136 1794 168

85 1814 151 1874 utile
176 1823 238 1888 est,
268 1815 337 1874 item
366 1812 621 1890 convolsicnibus,
649 1811 853 1873 inflationibus.
895 1821 961 1872 sunt
988 1820 1017 1872 et
1046 1811 1094 1890 qui

86 1897 204 1959 cunilam
220 1897 356 1959 bubulam
373 1897 603 1979 appellaverint,
617 1905 647 1958 ut
664 1896 795 1975 diximus,
810 1895 896 1958 lalso.
1064 1915 1094 1966 ra,
1104 1917 1135 1955 res

57 2020 78 2061 n
145 2001 193 2063 16.
211 2002 299 2082 (61.)
323 1998 443 2061 cunilae
467 2008 587 2081 praeter
610 2001 730 2060 sativam
752 1999 836 2079 plura
858 2000 966 2060 suntin
984 2001 1136 2066 medi-169

87 2085 146 2146 cina
164 2102 286 2163 genera.
309 2103 384 2164 quae
399 2084 508 2145 bubula
525 2083 691 2165 appellatur
708 2101 808 2145 semen
821 2084 900 2164 pulei
917 2083 1007 2145 habet
1023 2085 1094 2146 utile

86 2169 119 2228 ad
135 2171 256 2231 uolnera
276 2169 531 2230 conmanducatum
547 2170 776 2249 inpositumque,
800 2178 830 2229 ut
846 2171 945 2248 quinto
964 2178 1031 2249 post
1047 2171 1093 2231 die

85 2254 220 2315 solvatur.
252 2262 283 2314 et
299 2263 400 2315 contra
415 2255 561 2335 serpentis
577 2255 607 2313 in
618 2253 686 2312 vino
703 2251 860 2314 bibiturae
877 2256 973 2314 tritum
987 2255 1094 2334 plagae

85 2339 238 2418 inponitur.
269 2338 390 2400 volnera
406 2337 441 2400 ab
454 2339 499 2400 his
515 2338 591 2398 iacta
607 2337 777 2416 perfricant.
799 2335 832 2376 **
849 2340 918 2399 item
930 2341 1092 2399 testudines

57 2447 78 2488 n
89 2443 148 2484 curn
159 2423 347 2504 serpentibus
359 2431 556 2504 pugnaturae,
573 2421 743 2502 quidamque
758 2423 787 2482 in
802 2421 861 2483 hoc
872 2441 925 2483 usu
937 2441 1094 2500 panaceam

85 2518 196 2570 vocant.
214 2509 300 2569 sedat
313 2517 342 2569 et
355 2517 484 2569 tumores
495 2516 524 2567 et
534 2506 658 2567 virilium
673 2507 747 2567 mala
762 2509 842 2568 sicca
855 2506 903 2566 vel
915 2505 994 2566 loliis
1008 2508 1093 2585 tritis,

85 2594 110 2653 in
125 2595 202 2654 ornni
219 2611 273 2654 usu
287 2594 360 2655 mire
375 2609 541 2670 congruens
553 2592 631 2652 vino.

144 2691 232 2772 (62.)
255 2689 309 2752 Est
322 2692 380 2753 alia
393 2690 497 2767 cunila,
513 2689 677 2767 gallinacea
689 2689 838 2769 appellata
849 2687 967 2764 nostris,
984 2686 1072 2748 Grae·
1086 2695 1138 2752 170

87 2779 124 2837 cis
142 2780 295 2855 origanum
310 2774 556 2838 Heracleoticum.
582 2774 705 2854 prodest
720 2774 813 2834 oculis
825 2773 890 2833 trita
908 2771 1005 2832 addito
1020 2773 1094 2834 sale.

58 2863 181 2923 ntussim
204 2878 321 2941 quoque
345 2860 478 2921 ernendat
502 2867 531 2920 et
548 2861 706 2919 iocinerum
722 2859 808 2933 vitia,
832 2856 953 2918 laterum
975 2856 1095 2918 dolores

86 2965 145 3006 cum
159 2947 270 3022 farina,
294 2945 362 3008 oleo
385 2953 414 3004 et
429 2953 514 3004 aceto
530 2946 559 3003 in
575 2942 766 3003 sorbitionem
782 2950 957 3022 temperata,
980 2943 1094 3022 praeci·

86 3050 139 3111 pue
153 3049 229 3093 vero
247 3030 427 3110 serpentium
442 3045 566 3090 morsus.

146 3149 233 3229 (63.)
251 3149 377 3209 Tertium
392 3166 484 3227 genus
501 3155 546 3208 est
563 3147 626 3207 eins
642 3163 716 3224 quae
732 3166 749 3207 a
764 3145 885 3208 Graecis
900 3144 1039 3220 mascula,
1056 3152 1138 3209 0171

87 3235 192 3296 nostris
208 3233 346 3311 cunilago
362 3241 496 3310 vocatur,
517 3232 616 3293 odoris
632 3230 727 3311 foedi,
744 3232 851 3292 radicis
865 3230 1005 3306 limosae,
1022 3228 1094 3289 lolio

57 3336 201 3399 coepero.
234 3319 306 3380 viris
325 3321 398 3379 'eius
426 3316 696 3379 vehementissimas
722 3319 752 3376 in
781 3315 911 3376 omnibus
936 3312 1095 3393 generibus

87 3422 182 3465 earnm
203 3405 336 3482 tradunt,
354 3402 500 3483 manipulo
523 3418 639 3482 quoque
663 3402 726 3463 eius
747 3401 862 3463 abiecto
884 3401 976 3461 omnis
997 3416 1013 3458 e
1036 3405 1096 3458 tota

88 3488 170 3551 donno
185 3489 292 3551 blattas
309 3490 467 3549 convenire
501 3487 536 3547 ad
553 3504 631 3564 earn,
656 3487 789 3566 privatim
805 3486 945 3547 adversus
962 3483 1095 3562 scorpio·
