2504 3930
356 203 893 312 usu.eaau.xxx11.to.(39-46·.)
1052 235 1113 298 tot
1171 260 1178 277 ·

10 458 14 473 .
117 407 302 470 llessaliuuru
317 407 540 468 ecorrsulerilrus
552 408 692 485 patriciis,
706 403 895 482 cassudgenu
905 403 1116 464 admisisset*-

16 549 27 563 ,
118 496 146 551 in
163 493 265 552 veneni
277 493 353 550 virus
365 493 493 552 remedio
505 507 603 566 verso,
616 505 746 549 maxume
758 489 839 548 rufae
850 490 889 548 ita
897 486 1092 547 formidantur.
1106 497 1157 552 lta

118 593 192 652 ergo
204 592 311 651 sugere
320 577 358 614 **
370 575 448 634 rufae
460 574 609 634 forficibus
622 573 799 652 praecidunt,
809 588 844 632 ae
854 572 934 631 uelut
945 571 1117 649 siphonibus

118 659 217 719 defluit
229 659 356 735 sanguis,
374 656 568 736 paulatimque
579 659 759 716 morientium
775 655 869 734 capita
887 657 922 714 se'
935 655 1114 731 contrahunt,

0 771 19 819 '.
93 761 172 806 suec
189 741 395 819 relinquuntur.
425 751 524 802 natura
539 759 635 801 earum
651 741 820 800 adversatur
837 738 1001 814 cimicibus,
1018 738 1114 798 suffitu

8 882 10 901 4
64 893 66 898 ,
115 835 202 886 necat
219 841 280 884 eos.
299 823 478 896 Fibrinarum
491 825 609 904 pellium
625 842 688 883 cum
700 826 766 902 pice
780 823 887 901 liquida
902 821 1114 884 combustarum

9 904 19 913 ’
116 911 189 970 cinis
205 909 313 966 uarium
328 908 469 986 profluvia
485 911 559 969 sistit
576 923 646 968 suco
662 908 741 984 porri
755 906 891 966 mollitas.

97 1019 102 1027 ·
180 992 264 1070 (43.)
287 991 420 1051 Extrahit
431 993 550 1070 corpori
563 992 622 1052 tela
634 990 812 1050 inhaerentia
822 991 985 1068 saepiarum
999 997 1093 1048 testae
1104 998 1155 1052 125

116 1077 199 1154 einis,
216 1078 284 1133 item
297 1091 484 1152 purpurarum
498 1084 592 1136 testae
604 1092 643 1133 ex
654 1091 737 1152 aqua,
751 1073 988 1135 salsamentorum
1001 1089 1114 1148 manus,
1149 1108 1153 1116 ·

81 1173 106 1216 ru
118 1159 216 1219 cancri
233 1157 385 1218 fluviatiles
402 1158 476 1233 triti,
503 1159 583 1218 siluri
603 1157 765 1232 fluviatilis,
788 1159 836 1235 qui
853 1165 883 1216 et
901 1155 969 1216 alibi
985 1173 1070 1234 quam
1085 1157 1114 1214 iu

115 1243 184 1302 Nilo
199 1243 343 1317 nescitur,
369 1259 472 1301 carnes
492 1242 637 1320 inpositae
652 1240 780 1302 recentis
796 1241 859 1300 siue
876 1239 955 1299 salsi.
984 1238 1115 1298 eiusdem

117 1327 189 1386 cinis
202 1325 337 1402 extrahit,
353 1325 436 1403 adips
451 1334 480 1384 et
496 1327 568 1384 cinis
583 1327 684 1403 spinae
701 1327 761 1384 eius
774 1326 868 1384 vicem
881 1322 966 1402 spodi
980 1321 1112 1400 praehet.

181 1410 265 1486 (44.)
288 1408 395 1468 Ulcera
408 1425 481 1486 quae
498 1418 619 1486 serpunt
635 1418 664 1468 et
681 1426 755 1487 quae
767 1410 794 1466 in
810 1409 845 1466 iis
857 1415 1032 1468 excrescunt
1047 1423 1093 1464 ca-
1107 1413 1155 1468 126

114 1493 184 1573 pitis
200 1505 345 1552 menarum
362 1493 434 1551 cinis
449 1492 497 1552 vel
514 1492 593 1551 siluri
610 1501 737 1568 coercet,
754 1492 945 1550 carcinomata
963 1505 1114 1568 percarum

80 1595 106 1636 1s
118 1579 213 1656 capita
229 1577 384 1652 salsarum,
407 1574 558 1636 efficacius
578 1578 602 1634 si
620 1577 719 1634 cinere
739 1590 836 1635 aarum
853 1575 1008 1634 misceatur
1026 1571 1069 1632 sal
1086 1579 1115 1632 et

67 1683 69 1688 ·
115 1661 211 1721 cunila
229 1661 352 1737 capitata
369 1660 496 1740 oleoque
519 1657 695 1734 subigantur.
726 1660 823 1718 caueri
844 1659 945 1718 marini
969 1655 1042 1716 cinis
1058 1656 1115 1714 usti

116 1761 179 1805 cum
213 1741 331 1822 plumbo
355 1745 546 1802 carcinomata
567 1743 731 1820 conpescit.
762 1741 799 1801 ad
822 1741 881 1800 hoc
908 1750 937 1800 et
968 1737 1114 1800 fluviatilis

115 1828 223 1887 suflicit
245 1842 307 1884 cum
323 1825 410 1886 melle
431 1826 565 1904 lineaque
586 1826 738 1902 lanugine,
761 1825 848 1902 aliqui
869 1824 976 1884 malunt
1001 1823 1114 1882 alumen

26 1918 30 1922 '
115 1911 234 1986 melque
255 1910 370 1969 misceri
396 1910 494 1969 cineri.
529 1907 737 1988 phagedaenae
771 1908 860 1968 siluro
889 1909 1052 1966 inveterato
1084 1911 1114 1965 et

67 2007 183 2071 procum
212 1991 367 2053 sandaraca
394 1994 461 2052 trito
493 1992 635 2054 cacoethe
664 2001 693 2050 et
722 2007 825 2052 nomae
858 1999 887 2052 et
918 1989 1114 2070 putrescentia

118 2075 205 2151 cybio
228 2085 328 2137 vetere
352 2086 495 2136 sanantur.
537 2091 653 2134 vermes
674 2077 762 2134 innati
787 2091 920 2138 ranarum
945 2072 1016 2132 felle
1036 2071 1154 2136 tol-127

20 2229 23 2235 ,
73 2233 77 2248 ,
115 2161 228 2232 luatur,
265 2159 379 2218 fistulae
412 2161 579 2237 aperiuntur
607 2161 807 2236 siccanturque
838 2157 1020 2219 salsamentis
1051 2173 1112 2215 cam

115 2243 238 2304 linteolo
254 2237 394 2318 inmissis,
412 2244 542 2320 intraque
560 2241 679 2302 alterum
694 2242 768 2302 diem
787 2241 891 2304 callum
906 2256 1018 2302 omnem
1034 2239 1112 2300 asfe-

117 2337 183 2386 runt
198 2335 226 2386 et
241 2327 437 2404 putrescentia
449 2325 576 2386 ulcerum
593 2341 725 2404 quaeque
738 2335 855 2404 serpant
865 2325 1014 2402 emplastri
1027 2322 1113 2382 modo

0 2412 1 2415 ’
81 2411 108 2469 ns‘
120 2411 237 2470 subacta
254 2418 283 2468 et
299 2409 387 2468 inlita.
417 2418 446 2468 et
466 2409 545 2468 allex
571 2417 675 2487 purgat
688 2411 788 2470 ulcera
802 2409 831 2468 ln
847 2407 975 2470 linteolis
993 2423 1113 2466 concer-

118 2496 192 2573 ptis,'
213 2493 280 2552 item
296 2493 464 2552 echinorum
479 2501 572 2553 testae
595 2494 675 2552 cinis.
703 2491 895 2552 carbunculos
913 2489 1113 2551 coracinorum

117 2579 291 2638 salsamenta
302 2575 383 2636 inlita
394 2576 556 2652 discutiunt,
567 2578 634 2635 iters
645 2575 796 2635 mullorum
807 2574 970 2634 salsamenti
984 2573 1113 2648 cinis—⁶

117 2660 231 2740 quidam
248 2661 343 2738 capite
358 2668 464 2720 tautum
478 2668 591 2718 utuntur
609 2675 672 2718 cum
686 2659 833 2734 melle‚—-
845 2657 894 2717 vel
913 2657 1114 2717 coracinorum

118 2763 232 2804 carues.
254 2743 392 2803 muricum
408 2745 479 2802 cinis
494 2759 557 2802 cum
572 2743 641 2802 oleo
655 2741 794 2802 fumorum
805 2741 891 2816 tollit,
908 2740 1060 2800 cicatrices
1068 2739 1113 2798 fel

0 2872 1 2875 =
81 2849 109 2892 so
118 2826 284 2902 scorpionis
300 2827 410 2888 marini.

159 2920 163 2928 ’
183 2911 265 2988 (45.)
288 2910 435 2970 verrucas
445 2908 520 2970 tollit
528 2909 606 2986 gisoni
617 2909 698 2967 iocur
706 2907 827 2984 inlitum,
835 2906 939 2985 capitis
948 2912 1093 2966 menarum
1105 2915 1156 2971 1²8

119 2994 190 3054 cinis
207 3011 270 3052 cum
283 2993 339 3053 ulio
350 2994 484 3053 tritus—-
500 2993 536 3052 ad
553 2993 658 3066 thymia
674 2991 769 3050 orodis
784 3000 964 3064 utuntur-‚
980 2989 1021 3049 fel
1033 3007 1112 3049 acor·

118 3079 214 3157 pionis
229 3077 328 3137 murini
344 3079 412 3152 rufi,
431 3077 571 3138 zmarides
587 3078 670 3135 tritae
686 3075 794 3151 inlitae,
811 3075 889 3136 allen
905 3072 1111 3133 defervefacta.
1197 3143 1201 3152 Ι

119 3162 253 3236 unguium
268 3160 430 3220 scabritiam
451 3161 521 3220 cinis
538 3178 554 3218 e
570 3160 665 3238 capite
679 3176 825 3218 manarum
844 3165 989 3218 extenuat.

84 3261 111 3304 ss
180 3243 262 3323 (46.)
286 3243 454 3304 hlulierihus
477 3243 560 3304 lactis
587 3244 700 3320 copiam
719 3241 788 3302 facit
809 3241 974 3320 glauciscus
995 3257 1012 3298 e
1032 3241 1093 3298 iore
1106 3249 1155 3304 129

119 3336 248 3406 sumptus
266 3338 295 3389 et
310 3328 450 3388 zmarides
467 3345 530 3386 cunr
544 3329 635 3387 tisana
647 3335 777 3405 sumptae
788 3326 835 3386 vel
848 3341 911 3385 cum
924 3321 1052 3382 feniculo
1064 3321 1112 3382 dc·

120 3420 233 3472 coetae.
263 3429 399 3472 mammas
414 3413 493 3490 ipsas
510 3412 648 3470 muricum
666 3411 714 3470 sel
730 3425 874 3489 purpurae
889 3416 1025 3467 testarum
1041 3404 1113 3465 cinis

119 3510 183 3556 oum
198 3495 288 3556 melle
309 3494 468 3555 efficaciter
484 3503 579 3570 sanat,
600 3494 668 3554 item
686 3495 782 3554 cancri
800 3493 871 3554 inliti
887 3489 1044 3637 pippiatiles
1065 3507 1076 3536 r
