2370 3922
321 573 528 658 urtttt
555 577 789 662 theulut

145 743 530 838 thtdttttt
572 744 955 842 htttttttttt

374 923 730 992 urssuaxxm.

475 1089 629 1100 ——n—-n—-u

1 1203 2 1259 ἶ
92 1212 186 1290 (Sect.
204 1216 245 1288 1.)
280 1211 401 1274 Peracta
419 1213 575 1274 cerealium
590 1215 620 1274 in
637 1214 779 1274 medendo
798 1229 912 1292 quoque
928 1221 1056 1276 natural

1 1295 2 1330 l
42 1303 78 1356 eu
102 1299 287 1373 omniumque
311 1314 386 1374 quaa
407 1297 537 1358 ciborum
561 1306 610 1357 aut
632 1297 734 1357 domm
758 1297 915 1357 odorumve
935 1298 1028 1374 gratia
1170 1296 1172 1300 ’

1 1377 3 1396 “
41 1381 204 1456 proveniunt
222 1381 325 1457 supina
345 1379 459 1440 tellure.
492 1398 550 1440 non
566 1382 657 1441 cessit
673 1380 718 1441 his
734 1381 862 1441 Pomona
877 1382 1028 1458 partisque
1119 1392 1124 1401 ·

1 1487 2 1524 t
41 1463 153 1524 medicas
179 1470 210 1522 et
232 1462 426 1540 pendentibus
448 1463 544 1539 dedit,
571 1481 629 1523 non
650 1473 787 1526 contenta
808 1473 969 1541 protegere
984 1482 1028 1522 ar·

1 1539 2 1564 ³
26 1545 190 1624 ⁵hemmone
208 1546 308 1606 umbra
328 1546 408 1606 alere
423 1563 497 1626 quae
513 1548 652 1624 diximus,
673 1549 757 1606 immo
773 1545 865 1606 veluti
882 1547 1028 1623 indignata

42 1629 92 1705 plns
106 1629 196 1690 auxili
214 1631 314 1689 inesse
330 1629 374 1690 his
391 1649 465 1708 quae
482 1630 598 1707 longius
615 1648 631 1688 a
647 1631 730 1690 caelo
743 1630 881 1690 abessent
895 1646 1026 1708 quaeque
1126 1643 1130 1648 ·

42 1721 131 1789 postea
146 1715 336 1792 coepissent,
353 1715 473 1792 primum
489 1716 565 1772 euim
578 1713 685 1774 homiui
701 1714 795 1774 eibum
811 1713 903 1772 luisse
917 1713 983 1773 inde
997 1720 1028 1771 et

1 1827 2 1840 2
44 1797 74 1854 o'c
84 1797 200 1857 inducto
215 1796 326 1856 caelum
339 1805 474 1875 spectare
483 1799 622 1876 pascique
636 1806 666 1857 et
678 1815 752 1858 nunc
765 1815 803 1858 ex
817 1813 949 1873 seposse
962 1798 1025 1856 sine

1 1863 2 1888 ¹
45 1878 167 1957 iugibus.
185 1881 247 1958 (2.)
263 1897 348 1957 ergo,
358 1879 497 1957 Hercule,
511 1881 725 1958 artisinprimis
739 1880 819 1941 dedit
832 1880 951 1955 vitibus,
967 1888 1054 1940 noni

20 1967 163 2024 ¹⁰conteuta
186 1963 306 2024 delicias
328 1966 413 2024 etiam
436 1972 467 2023 et
486 1964 593 2024 odores
611 1973 697 2043 atque
712 1972 858 2041 unguenta
875 1963 1025 2041 omphacio

43 2055 66 2104 et
84 2046 225 2108 oenanthe
249 2063 283 2106 ac
297 2049 435 2122 massari,
466 2065 539 2124 qnae
555 2049 615 2108 suis
629 2048 703 2108 locis
720 2048 858 2122 diximus,
882 2046 986 2106 nobili·
996 2043 1068 2129 1ἓῇῗο

44 2129 1027 2210 terinstruxisse.Plurumum,inquit,'hominivoluptatiaex
1090 2135 1095 2146 ’

44 2229 84 2271 me
111 2223 189 2290 est,
220 2232 289 2290 ego
314 2231 434 2274 sucum
460 2216 551 2290 vini,
583 2214 766 2292 liquorem
793 2215 867 2274 olei
897 2215 1025 2290 gigno,

48 2298 306 2375 egopalmaset
323 2315 426 2375 poma
448 2306 578 2375 totque
599 2301 825 2366 varietates,
849 2305 1025 2373 nequent

20 2378 141 2440 ¹⁵tellus
158 2383 363 2458 omniaper
380 2380 546 2456 labores,
569 2380 855 2456 arandatauris,
871 2380 1026 2439 terenda

10 2465 145 2540 starcia,
161 2463 427 2541 deindesaxis,
442 2462 680 2541 ut-quando
694 2459 1026 2542 quantoveopere‘l

44 2547 157 2606 -cihi
180 2547 294 2622 liant,
318 2555 352 2606 at
370 2565 413 2606 ex
429 2555 623 2625 meparata
642 2549 773 2622 omnia,
795 2563 962 2606 neecura
979 2545 1024 2603 la·

10 2643 12 2716 p
44 2627 210 2707 horanda,
229 2629 293 2690 sed
308 2649 394 2690 sese
412 2629 766 2709 porrigentiaultro
785 2637 837 2706 et,
856 2630 1026 2705 sipigeat

12 2757 13 2760 ,
47 2715 238 2790 attingere,
267 2715 377 2774 etlam
400 2713 580 2774 cadentia.
615 2715 739 2774 certavit
756 2715 818 2791 ipsa
834 2729 932 2772 secum
949 2710 1026 2789 plus-

17 2799 92 2872 .²lque
106 2797 236 2857 utilitatis
250 2815 335 2857 eausa
348 2799 449 2874 genuit
466 2799 551 2858 etiam
567 2815 650 2875 quam
663 2795 828 2873 voluptatis.

96 2881 152 2958 (3.)
186 2879 270 2942 Folia
284 2882 385 2940 vitium
402 2889 432 2940 et
442 2883 567 2959 pampini
583 2881 685 2959 capitis
700 2879 818 2940 dolores
830 2877 1052 2944 inflammatio-3
1099 2926 1101 2931 .

47 2980 141 3042 neuque
157 2981 313 3043 carporum
329 2965 460 3042 mitigant
474 2983 538 3024 eum
553 2963 690 3042 polenta,
704 2962 775 3022 folia
791 2981 845 3040 per
856 2981 889 3022 se
904 2962 1024 3022 ardores

48 3047 169 3108 stomachi
185 3066 224 3108 ex
238 3066 311 3125 aqua
325 3047 448 3126 frigida,
462 3065 525 3108 eum
540 3048 630 3107 farina
647 3064 719 3106 vero
731 3045 833 3106 hordei
844 3045 1023 3106 articularios

47 3131 157 3192 morbos.
188 3134 315 3210 pampini
337 3133 399 3191 triti
423 3139 453 3192 et
477 3133 596 3209 inpositi
618 3140 760 3190 tumorem
778 3147 890 3189 omnem
905 3131 1023 3204 siccant,

49 3231 118 3274 sucus
142 3232 242 3275 eorum
262 3215 446 3292 dysintericis
469 3215 579 3276 inlusus
601 3214 741 3274 medetur.
776 3213 892 3273 lacrima
914 3215 1024 3287 vitium,

31 3304 108 3373 'quae
128 3298 216 3358 veluti
239 3298 355 3358 cummis
381 3306 447 3375 est,
472 3298 569 3377 lepras
593 3305 623 3357 et
640 3297 768 3357 lichenas
785 3307 815 3358 et
829 3315 931 3375 psoras
947 3287 1027 3355 nitro

50 3389 102 3443 aute
115 3389 297 3461 praeparatas
316 3391 405 3442 sanat.
436 3382 537 3442 eadem
554 3399 616 3440 cum
632 3380 700 3441 oleo
719 3383 834 3459 saepius
850 3381 917 3458 pilis
934 3379 1024 3439 inlitis

51 3467 149 3540 psilotri
168 3466 305 3527 ellectum
324 3465 432 3542 hahet,
459 3482 647 3541 maxumeque
663 3481 745 3542 quam
762 3463 870 3524 virides
885 3476 1024 3524 acceusae

52 3550 113 3612 uites
124 3550 272 3628 exsudant,
287 3567 342 3628 qua
354 3557 384 3610 et
395 3567 535 3610 verrucae
548 3547 694 3608 tolluntur.
717 3549 955 3690 pampini1spngui
