2508 3924
196 233 256 292 210
527 243 557 291 o.
575 244 670 294 annu
684 243 832 292 sncuxm

193 408 315 476 runtque
331 416 424 458 rerum
439 406 554 458 naturae
573 401 662 475 pretia
678 407 707 457 et
721 399 796 458 vitae
811 407 987 476 argumenta.
1014 400 1087 460 nihil
1102 401 1174 462 aliud

151 493 249 561 lopro
265 490 365 540 nostro
387 481 523 541 babemus
539 500 622 559 quam
640 482 769 541 delicias.
799 481 865 541 Non
885 483 1018 542 deseram
1037 483 1172 544 Catonem

193 575 249 625 tam
264 564 430 624 ambitiosae
448 566 517 626 artis
535 565 656 624 invidiae
677 583 753 623 ame
770 564 912 624 obiectum
933 575 981 625 aut
1000 578 1128 627 senatum
1140 569 1186 643 il·¹
1242 635 1246 646 ¹

193 650 250 707 lum
269 651 316 725 qui
331 650 368 707 ita
385 648 531 720 censebat,
550 647 634 726 idque
654 665 711 706 nou
728 649 891 708 criminibus
906 650 975 708 artis
991 651 1130 728 adreptis,
1144 661 1169 710 ut

193 733 295 809 aliquis
325 733 546 810 exspectaverit.
589 731 655 809 quid
680 733 752 790 enim
778 750 951 792 venenorum
976 733 1105 794 feracius
1131 745 1189 796 auls

192 817 266 874 unde
280 815 378 892 plures
394 823 625 874 testamentorum
645 811 784 873 insidiae?
812 817 867 874 iam
888 833 959 874 vero
984 826 1015 874 et
1037 817 1171 876 adulteria

192 900 277 957 etiam
292 899 320 956 iu
343 900 499 976 principum
513 897 658 972 domibus,
680 907 710 956 ut
724 898 844 958 Eudemi
865 900 892 956 in
905 899 984 958 Livia
1001 900 1090 958 Drusi
1106 898 1172 959 Cae

149 993 181 1046 21
195 983 277 1057 saris,
297 983 363 1040 item
380 982 508 1041 Valentis
524 983 552 1038 in
570 999 624 1058 qua
638 981 742 1041 dictum
759 991 803 1040 est
823 983 931 1058 regina.
964 1000 1023 1041 non
1040 985 1097 1042 sint
1111 986 1174 1042 artis

160 1065 171 1098 ⁸
191 1067 244 1125 ista
260 1064 310 1124 sed
325 1064 476 1134 homiuum.
502 1082 559 1122 non
573 1065 663 1140 magis
678 1065 751 1124 haec
765 1066 828 1124 urbi
845 1068 932 1124 timuit
944 1065 1034 1142 Gato,
1050 1076 1081 1126 ut
1099 1070 1173 1144 equi·

166 1179 171 1186 ·
191 1147 374 1222 dem-credo,
394 1166 476 1225 quam
497 1148 621 1224 reginas.
656 1166 693 1206 ne
708 1151 853 1208 avaritiam
868 1149 982 1226 quidem
997 1168 1117 1225 arguam
1132 1167 1174 1208 ra·
1184 1159 1226 1210 o·

190 1232 329 1310 pacisque
347 1230 483 1290 nundinas
506 1230 693 1307 pendentibus
708 1232 772 1290 latis
798 1240 827 1290 et
842 1231 972 1292 dolorum
989 1232 1175 1292 indicaturam

190 1333 225 1374 ac
246 1315 345 1374 mortis
361 1331 454 1373 arram
472 1322 518 1373 aut
543 1332 646 1374 arcana
667 1324 840 1393 praecepta,
869 1333 1014 1393 squamam
1036 1316 1176 1374 in'oculis

192 1398 379 1457 emovendam
392 1400 581 1476 potiusquam
596 1398 806 1474 extrahendam,
822 1415 880 1478 per,
892 1417 965 1476 quae
981 1400 1118 1458 effectum
1133 1408 1176 1457 est

189 1490 219 1540 ut
241 1480 309 1540 nihil
330 1483 420 1560 magis
442 1482 582 1560 prodesse
602 1481 748 1540 videretur
771 1499 853 1558 quam
874 1483 1021 1540 multitudo
1041 1500 1175 1558 grassan-

147 1576 181 1626 22
193 1567 271 1623 tium.
292 1582 387 1641 neque
404 1568 477 1622 enim
491 1564 583 1642 pudor
594 1564 646 1624 sed
658 1563 760 1624 aemuli
773 1566 863 1642 pretia
875 1564 1049 1624 submittunt.
1080 1575 1203 1625 nolumus

160 1668 182 1702 10
192 1657 236 1707 est
253 1647 288 1706 ab
306 1648 407 1706 eodem
424 1645 575 1707 Charmide
589 1666 671 1706 uuum
688 1665 804 1722 aegrum
827 1665 864 1706 ex
882 1647 1107 1724 provincialibus
1120 1648 1174 1708 HS.

164 1725 167 1736 ¹
189 1733 318 1792 ducentis
332 1731 546 1805 reconduotum,
559 1730 675 1790 Alconti
685 1731 832 1789 volnerum
846 1731 959 1790 medico
971 1730 1028 1790 HS.
1046 1733 1175 1790 centiens
1244 1801 1247 1810 Ι

191 1823 265 1875 cent.
284 1814 342 1872 mil.
360 1814 490 1873 damnato
508 1813 649 1874 ademisse
669 1812 815 1873 Claudium
830 1815 1006 1891 principem,
1023 1814 1175 1890 eidemque
1245 1857 1247 1868 .

189 1901 217 1956 in
233 1897 324 1958 Gallia
342 1897 482 1956 exsulanti
503 1905 532 1956 et
548 1897 650 1955 deiude
672 1898 802 1955 restituto
821 1898 988 1974 acquisitum
1006 1915 1064 1956 nou
1085 1899 1174 1956 minus

146 1983 262 2044 23intra
278 1998 386 2059 paucos
403 1997 502 2039 annos.
532 1989 561 2038 et
576 1979 650 2038 baec
665 1983 798 2058 personis
815 1983 987 2056 inputentur.
1008 1999 1045 2038 ne
1061 1981 1208 2044 faecenia

190 2065 302 2141 quidem
323 2073 370 2122 aut
385 2064 523 2122 inscitiam
540 2065 602 2123 eius
624 2063 724 2122 turbae
740 2081 905 2140 arguamus,
927 2065 1055 2141 ipsorum
1078 2066 1176 2122 intem·

188 2148 344 2226 perantiam
359 2148 387 2205 in
402 2146 520 2221 morbis,
537 2145 671 2224 aquarum
688 2146 841 2206 calidarum
861 2147 1064 2220 deverticulis,
1087 2149 1176 2224 impe

189 2232 267 2289 riosa
289 2230 382 2288 inedia
403 2239 431 2288 et
453 2229 488 2289 ab
515 2231 615 2289 iisdem
636 2230 834 2289 deficientibus
856 2230 922 2289 cibo
939 2233 1057 2308 saepius
1073 2230 1121 2288 die
1137 2232 1176 2287 in-

189 2322 290 2390 gesto,
312 2313 389 2372 mille
405 2322 559 2391 praeterea
576 2313 766 2391 paenitentiae
782 2313 888 2386 modis,
913 2313 1071 2372 culinarum
1092 2314 1179 2374 etiam

188 2399 354 2475 praeceptis
370 2405 399 2454 et
416 2407 624 2473 unguentorum
644 2399 787 2471 mixturis,
811 2396 923 2474 quaudo
942 2396 1034 2457 nullas
1050 2398 1209 2458 omisereas

146 2490 180 2544 24
191 2483 268 2540 vitae
285 2480 457 2539 inlecebras.
489 2480 584 2540 invehi
600 2482 768 2558 peregrinas
785 2481 888 2538 mercis
905 2481 1112 2556 conciliarique
1129 2498 1177 2538 ex-

187 2575 268 2625 terna
285 2565 375 2642 pretia
389 2563 571 2642 displicuisse
588 2563 741 2622 maioribus
757 2562 928 2622 crediderim
947 2563 1096 2641 equidem,
1121 2581 1178 2622 non

187 2658 281 2708 tamen
297 2649 354 2708 hoo
370 2647 506 2708 Catonem
527 2647 704 2724 providisse,
727 2664 790 2705 cum
811 2646 956 2705 damnaret
978 2656 1079 2705 artem.
1116 2645 1177 2704 the·

189 2735 267 2791 riace
286 2741 405 2792 vocatur
432 2733 596 2807 excogitata
624 2731 784 2806 conpositio
807 2730 945 2789 luxuriae.
976 2730 1007 2788 lut
1028 2747 1067 2788 ex
1088 2729 1179 2788 rebus

189 2816 350 2890 sexcentis,
372 2833 434 2874 cum
451 2823 493 2874 tot
508 2815 633 2873 remedia
651 2812 760 2871 dederit
781 2821 880 2872 natura
895 2830 969 2888 quae
985 2813 1103 2888 singula
1120 2811 1209 2870 sul-u

188 2898 317 2956 licerent.
351 2897 558 2957 lllitbradatium
574 2895 731 2956 antidotum
753 2913 790 2954 ex
806 2895 893 2954 rebus
910 2895 974 2956 LIV
990 2898 1177 2974 conponitur,

187 2980 299 3039 interim
321 2981 399 3040 nullo
420 2980 548 3060 pondere
566 2979 679 3057 aequali
699 2988 728 3038 et
750 2979 923 3056 quarundam
938 2997 1034 3043 rerum
1052 2996 1176 3054 sexage

189 3064 258 3121 sima
269 3061 367 3120 denari
379 3066 459 3122 unius
473 3067 621 3141 imperata,
635 3079 690 3138 quo
703 3061 830 3135 deorum,
843 3079 896 3140 per
911 3061 1007 3137 fidem,
1023 3063 1080 3120 ista
1097 3078 1176 3119 mon·

145 3157 179 3210 25
192 3145 315 3204 strante!
355 3145 495 3206 bominum
521 3147 594 3204 enim
620 3144 760 3203 subtilitas
786 3152 862 3204 tanta
890 3163 958 3203 esse
988 3162 1047 3202 non
1073 3143 1175 3222 potuit,

7 3209 9 3216 Ι
86 3291 93 3300 ‚
166 3228 341 3287 *ostentatio
366 3229 434 3285 artis
457 3240 486 3288 et
503 3236 669 3306 portentosa
693 3229 831 3308 scientiae
850 3228 1007 3286 venditatio
1022 3228 1247 3300 manifestam

189 3319 243 3367 est.
275 3327 309 3367 ac
333 3327 370 3367 ne
390 3310 444 3386 ipsi
466 3311 576 3387 quidem
599 3311 648 3369 illa
666 3327 790 3384 nouere,
814 3313 990 3388 conperique
1006 3310 1099 3385 volgo
1123 3324 1177 3386 pro
1246 3309 1247 3312 ’

190 3391 332 3450 cinnabari
346 3391 441 3450 ludica
464 3394 491 3450 in
510 3395 714 3452 medicamenta
733 3395 846 3452 minium
867 3393 930 3453 addi
952 3394 1067 3452 inscitia
1086 3391 1177 3450 nomi-

147 3481 181 3533 26
190 3472 226 3546 rib
244 3474 298 3548 nis,
314 3474 390 3552 quod
402 3492 466 3533 esse
479 3493 618 3536 venenum
626 3477 793 3537 docebimus
808 3478 881 3536 iuter
894 3479 1049 3555 pigmenta.
1073 3492 1177 3536 verum
