2396 3900
243 235 323 282 nun.
342 234 432 283 man.
449 235 548 284 xvuur.
565 231 687 288 17—18.
705 221 854 306 (ts—to.)
992 225 1046 285 121

60 391 135 449 arvis.
162 387 289 449 Luxuria
312 399 445 467 segetum
469 392 627 468 castigatur
649 391 736 452 dente
764 393 881 470 pecoris
908 395 936 452 in
960 392 1051 454 herba

60 473 208 548 dumtaxat,
233 481 262 532 et
280 473 419 552 depastae
441 475 556 552 quidem
573 476 622 535 vel
645 478 763 555 saepius
784 475 890 536 nullam
915 478 943 536 in
969 478 1051 556 spica

59 558 174 616 iniuriam
195 558 334 616 sentiunt.
365 566 545 618 retonsarum
572 561 657 620 etiam
681 560 774 620 semel
802 561 916 620 omnino
942 570 1051 622 certum

59 651 96 701 est
114 657 232 717 granum
258 641 374 719 lougius
398 642 556 719 lieri„sed
581 645 665 703 inane
694 663 885 724 cassumque,
909 663 944 706 ac
960 654 1051 706 satum

42 743 105 788 sucu
122 726 213 785 nasci.
244 725 395 800 Babylone
415 735 512 786 tamen
532 727 577 787 bis
598 738 716 805 secant,
742 730 857 789 tertium
881 730 1050 808 depascunt,

58 811 171 888 alioquin
191 809 266 870 folia
288 818 396 870 tantum
413 811 526 898 flerent.
560 814 611 872 Sic
632 830 749 893 quoque
771 815 1092 893 cumquinquage·162

58 896 116 954 simo
132 895 257 954 laeuone
274 895 378 953 messis
397 895 493 956 reddit
514 898 618 957 eximia
635 898 771 958 fertilitas
791 897 863 973 soli,
888 898 1050 976 diligentio-

57 979 122 1038 ribus
137 996 241 1038 verum
256 995 321 1038 cunr
343 980 511 1040 centesimo.
542 998 638 1060 neque
658 991 703 1042 est
728 999 797 1042 cura
819 981 945 1042 difficilis
968 985 1070 1060 quam'

58 1063 203 1122 diutissime
221 1081 297 1142 aqua
315 1064 445 1140 rigaudi,
469 1073 499 1124 ut
514 1066 704 1144 praepinguis
723 1075 752 1126 et
768 1067 857 1126 densa
873 1065 991 1126 ubertas
1009 1067 1051 1126 di-

25 1147 143 1208 ·uluatur.
176 1147 276 1206 limum
294 1155 389 1206 autem
408 1165 466 1207 non
481 1148 619 1209 invehunt
639 1149 807 1229 Euphrates
831 1149 984 1230 'ligrisque
1009 1151 1051 1210 sic

56 1234 116 1290 utin
130 1231 273 1310 Aegypto
290 1229 391 1308 Nilus,
412 1249 469 1293 neu
484 1243 562 1294 terra
583 1236 646 1312 ipsa
666 1234 774 1295 herbas
796 1236 898 1311 gignit.
932 1233 1051 1294 ubertas

56 1325 136 1375 tamen
149 1323 233 1376 tanta
249 1324 295 1375 est
310 1324 341 1375 ut
355 1327 497 1395 sequente
514 1335 590 1378 anno
612 1327 716 1397 sponte
740 1318 879 1378 restibilis
896 1318 945 1378 liat
960 1336 1051 1396 seges

56 1401 181 1478 inpressis
199 1400 330 1478 vestigio
347 1401 522 1478 seminibus,
544 1420 620 1481 quae
636 1412 723 1463 tanta·
740 1403 796 1462 soli
820 1403 982 1463 differentia
1002 1403 1050 1463 ad·

56 1493 138 1544 nonet
151 1492 253 1544 terrae
268 1501 379 1561 genera
392 1487 421 1544 in
434 1485 536 1563 fruges
551 1487 732 1547 describere.

34 1586 51 1624 u
108 1568 189 1652 (46.)
213 1567 308 1646 lgitur
324 1566 442 1628 (latomis
458 1569 533 1630 baeu
547 1573 691 1631 sententia
711 1579 772 1630 est:
796 1571 825 1629 in
840 1589 912 1647 agro
930 1588 1030 1631 crasso
1041 1581 1093 1636 163

56 1660 78 1710 et
89 1651 162 1712 laeto
176 1652 354 1712 frumentum
373 1655 450 1729 seri,
474 1655 499 1714 si
514 1671 588 1714 vero
603 1654 764 1715 nebulosus
783 1655 819 1713 sit
837 1654 929 1731 idem,
954 1673 1049 1734 rapu,
1105 1724 1108 1730 ,

55 1736 208 1814 raphanos,
233 1736 355 1813 milium,
380 1738 521 1816 panicum.
553 1740 581 1797 in
602 1739 709 1817 frigido
727 1748 756 1799 et
772 1754 885 1818 aquoso
906 1740 987 1817 prius
1003 1758 1049 1799 se·

55 1820 175 1897 rendum,
197 1829 306 1899 postea
321 1823 350 1881 in
365 1820 478 1899 calido,
501 1825 530 1882 in
544 1823 610 1883 solo
625 1833 720 1884 autem
737 1821 891 1883 rubricoso
905 1823 954 1883 vel
969 1823 1050 1902 pullo

56 1904 94 1964 vel
108 1904 272 1981 harenoso,
296 1906 393 1964 sinon
409 1906 446 1964 sit
462 1923 617 1986 aquosum,
641 1908 783 1986 lupinum,
805 1909 930 1968 increta
955 1917 983 1968 et
1003 1926 1049 1966 ru-

33 1986 124 2048 nbrica
138 1999 167 2048 et
183 1990 345 2068 aquosiore
372 2005 444 2066 agro
468 1991 623 2066 adoreum,
644 1993 673 2050 in
695 1993 776 2052 sicco
794 2000 823 2051 et
843 2009 901 2051 non
921 1991 1050 2052 herboso

55 2089 100 2131 rec
118 2073 259 2133 umbroso
279 2074 420 2150 triticum,
443 2075 472 2133 in
492 2075 558 2135 solo
577 2075 673 2135 valido
696 2075 811 2152 fabam,
838 2077 942 2136 viciam
957 2093 1029 2136 vero
1042 2085 1093 2140 164

57 2173 127 2234 quam
140 2160 266 2217 minume
282 2159 310 2217 in
327 2174 438 2236 aquoso
454 2157 656 2238 herbidoque,
676 2160 820 2236 siliginem
839 2169 867 2219 et
882 2161 1007 2220 triticum
1022 2162 1050 2218 in

56 2238 112 2300 loco
125 2251 231 2320 aperto
249 2241 386 2321 aditoque
401 2243 449 2321 qui
464 2243 529 2303 sole
542 2261 626 2322 quam
641 2243 799 2304 diutissime
816 2253 972 2319 torreatur,
987 2244 1049 2303 len·

57 2331 103 2383 tem
114 2328 142 2385 in
155 2326 281 2386 rudecto
300 2334 330 2385 et
343 2325 496 2387 rubricoso
513 2329 561 2404 qui
576 2344 634 2387 non
649 2329 686 2387 sit
700 2327 849 2405 herbidus,
865 2328 1005 2389 hordeum
1021 2330 1050 2388 in

6 2405 8 2442 l
33 2409 141 2468 nuovali
156 2421 187 2470 et
203 2411 233 2470 in
248 2427 320 2470 arvo
335 2410 414 2489 quod
426 2409 561 2471 restibile
576 2413 672 2491 possit
687 2412 761 2490 lieri,
777 2414 923 2472 trimestre
938 2411 987 2471 ubi
1003 2430 1049 2472 se·
1120 2401 1126 2414 ⁸

57 2503 166 2554 nentem
181 2505 323 2554 maturam
337 2493 438 2554 iacere
449 2512 507 2554 nou
521 2499 620 2574 possis
634 2505 663 2556 et
676 2499 757 2557 ouius
772 2497 933 2557 crassitudo
950 2498 987 2554 sit
1001 2513 1048 2554 re·

58 2577 157 2638 stibulis.
189 2577 311 2640 Subtilis
334 2587 363 2638 et
379 2577 430 2638 illa
453 2581 611 2640 sententia:
642 2581 767 2640 serenda
787 2597 823 2640 ea
843 2581 871 2638 iu
896 2580 1029 2639 tenuiore
1042 2589 1092 2644 166

57 2668 123 2722 terra
137 2681 214 2742 quae
229 2680 288 2722 non
304 2662 393 2723 multo
408 2663 539 2741 indigent
553 2682 642 2741 suco,
665 2673 696 2724 ut
715 2665 823 2739 cytisus
838 2672 868 2722 et
885 2663 983 2722 cicere
1000 2682 1049 2723 ex·

6 2809 7 2820 ,
60 2755 133 2824 cepto
147 2747 295 2824 legumina
311 2764 386 2826 quae
410 2746 556 2809 velluntur
575 2767 591 2808 e
611 2758 706 2824 terra,
728 2764 786 2806 non
800 2746 992 2808 subsecantur
1009 2782 1051 2793 -

6 2823 8 2902 l
34 2829 163 2892 undeet
178 2832 324 2909 legumina
340 2830 505 2909 appellata,
529 2833 595 2912 quia
617 2835 656 2893 ita
676 2832 812 2911 leguntur
827 2865 885 2908 -,
908 2833 936 2892 in
951 2834 1051 2911 pingui

6 2903 8 2948 t
59 2921 140 2974 autem
154 2933 231 2996 quae
258 2915 315 2975 cibi
332 2922 398 2974 sunt
415 2917 549 2996 maioris,
572 2926 602 2976 ut
618 2917 699 2992 olus,
722 2917 864 2992 triticum,
888 2916 992 2994 siligo,
1017 2919 1049 2978 li·

59 3013 120 3057 uum.
159 3001 203 3059 siu
225 3016 300 3077 ergo
324 3007 411 3059 tenue
433 3001 528 3061 solum
547 3001 660 3063 hordeo
676 2999 790 3061 dabitur
803 3033 847 3048 —
861 3002 953 3062 minus
975 3003 1050 3062 enim

7 3161 8 3164 Ἴ
60 3079 172 3144 alimenti
186 3084 271 3144 radix
285 3085 382 3162 poscit
395 3119 452 3160 -·-,
471 3085 566 3146 lenior
580 3095 659 3146 terra
675 3086 851 3165 densiorque
867 3087 974 3146 tritico.
1000 3089 1029 3145 iu
1041 3093 1092 3149 166

7 3183 9 3222 ι
60 3161 116 3250 lopo
141 3167 283 3227 umidiore
307 3167 353 3227 iar
377 3169 516 3230 adoreum
538 3171 635 3248 potius
664 3187 748 3248 quarn
774 3171 897 3248 triticum
923 3179 1048 3245 seretur,

7 3267 8 3296 1
35 3255 209 3328 tttemperato
224 3259 255 3310 et
269 3253 393 3311 triticum
409 3262 440 3312 et
458 3252 610 3314 hordeum,
645 3253 739 3315 colles
756 3252 902 3313 robustius
924 3253 978 3313 sed
998 3253 1048 3312 nri-

7 3323 9 3454 ἱ
60 3347 104 3391 nus
118 3335 240 3396 reddunt
259 3337 394 3396 triticum.
425 3337 480 3414 iar,
498 3339 584 3415 siligo
604 3347 633 3398 et
657 3348 802 3400 cretosum
826 3346 856 3398 et
878 3337 1049 3415 uliginosum

61 3416 142 3479 solum
156 3421 322 3480 sortiuntur.

115 3503 160 3565 18.
181 3503 218 3565 llt
228 3502 360 3582 irugibus
374 3512 519 3565 ostentum
531 3505 634 3584 semel,
647 3507 724 3585 quod
737 3507 870 3585 equidem
880 3504 1049 3585 invenerim,
