2396 3900
306 202 388 251 nur.
407 202 498 251 srsr.
514 203 599 250 xvrr.
619 187 762 272 assos)
992 185 1032 250 83

45 354 139 432 aliquot
153 353 216 414 dies
232 358 336 434 vagari
354 367 383 418 et
404 358 549 418 incondita
571 360 670 438 spargi
691 368 778 437 atque
801 357 829 416 in
850 365 927 416 terra
949 371 1032 434 quam

45 455 87 519 per
96 446 181 498 totum
193 457 300 502 annum
312 443 490 520 spectaverit
500 442 682 503 recumbere.
710 460 832 520 namque
844 449 874 500 ιιι
885 442 1014 500 veterina
1023 447 1074 502 tto

44 525 128 601 ringo
145 532 174 583 et
189 542 283 585 canes
301 543 318 585 a
335 544 419 586 cursu
432 526 571 586 volutatio
587 529 675 604 iuvat,
689 528 726 587 ita
738 536 795 586 ιιιιιι
813 535 842 586 et
855 525 951 584 vitium
963 541 1031 602 por·

43 608 86 685 rigi
100 607 221 669 lumbos.
261 608 351 670 arbor
366 628 482 690 quoqne
495 612 557 690 ipsa
570 611 677 688 gaudet
687 611 808 672 adsiduo
821 611 917 670 levata
930 625 1030 683 onere,

26 692 126 752 seinilis
147 695 328 774 respiranti,
351 696 480 774 nihilque
501 705 547 755 est
570 697 598 754 in
622 713 713 774 opere
734 704 853 755 naturae
876 692 952 771 quod
974 707 1032 751 non

44 777 161 856 eremplo
178 777 294 838 dierum
311 781 495 858 noctiumque
511 779 623 859 aliquas
640 781 713 839 vicis
730 779 867 839 feriarum
883 777 962 836 velit.
993 775 1031 835 ob

43 861 64 921 il
74 863 200 940 protinus
218 879 233 921 a
251 862 394 923 vindemia
411 864 504 944 pntari
522 873 551 924 et
565 864 658 924 lassas
675 865 825 924 etiamnum
843 863 937 923 irnctu
954 861 1032 920 edito

43 945 205 1025 inprobatur.
239 956 358 1026 putatne
376 965 475 1007 rursus
494 948 657 1025 adligentur
673 948 731 1008 alio
748 949 828 1023 loco,
846 963 969 1024 namque
985 961 1031 1004 or·

43 1029 103 1090 litas
116 1028 227 1090 vinculi
244 1033 371 1091 sentiunt
386 1033 541 1092 vexatione
553 1050 611 1092 non
622 1030 717 1092 dubia.
742 1031 891 1092 Traduces
904 1030 1073 1091 Gallicautl

21 1114 136 1179 rtcnltrra
156 1115 220 1175 bini
250 1117 394 1194 utrimque
418 1116 572 1195 lateribus,
600 1117 625 1176 si
645 1133 714 1196 pars
736 1117 923 1197 quadrageno
947 1114 1033 1175 distet

44 1200 131 1277 spatio,
148 1201 298 1279 quaterni,
315 1201 339 1258 si
353 1201 468 1260 vicero.
502 1202 625 1260 interae
642 1202 720 1261 obvii
734 1202 889 1261 miscentur
904 1198 1031 1276 adligan-

44 1292 128 1362 trrqne
144 1301 202 1344 una
218 1283 379 1362 conciliati,
390 1284 580 1362 virgultorum
594 1286 728 1345 comitatu
742 1284 837 1344 obiter
845 1285 964 1362 rigorati
977 1299 1032 1360 qua

45 1367 172 1445 deiciant,
186 1378 238 1428 aut
253 1369 277 1427 si
290 1367 418 1429 brevitas
433 1385 490 1428 non
503 1370 627 1449 patiatur
638 1371 778 1448 ipsorum,
794 1369 949 1445 adalligato
964 1381 1031 1446 pro·

44 1451 180 1512 tenduntnr
204 1452 363 1512 inviduam
380 1452 514 1536 arborem
531 1470 616 1513 unco.
647 1452 807 1513 'l'raducem
823 1453 927 1512 bimum
947 1468 1032 1530 prue-

23 1535 126 1596 ucidere
140 1535 291 1596 solebant.
323 1537 452 1598 oneratis
467 1538 541 1597 enim
557 1547 702 1598 vetustate
718 1537 820 1598 melius
837 1537 945 1598 donare
961 1545 1031 1594 tem-

0 1622 1 1687 ]
44 1637 95 1698 pus,
107 1630 136 1680 nt
149 1621 304 1680 transilem
320 1621 444 1697 faciant,
468 1624 492 1682 si
513 1622 652 1700 largiatur
672 1621 844 1682 crassitudo.
874 1619 945 1679 alias
961 1619 1031 1678 utile

0 1742 1 1765 ι
44 1711 109 1764 toros
125 1705 216 1764 futuri
234 1705 372 1765 draconis
389 1707 481 1784 pasci.
510 1707 568 1785 [ui]
586 1705 677 1766 Unum
690 1707 841 1767 etiamnum
854 1721 947 1782 genus
966 1711 1011 1762 est
1022 1711 1076 1764 ult

0 1794 1 1805 ¹
44 1789 149 1848 nedinm
164 1791 244 1849 inter
255 1788 354 1848 bocet
365 1790 567 1868 propaginem,
580 1799 656 1850 totas
672 1789 875 1868 supplantandi
887 1790 914 1847 in
927 1796 1032 1847 terram

0 1870 1 1873 ’
44 1871 96 1931 ritis
110 1874 276 1952 cuneisque
294 1872 418 1933 findendi
434 1882 464 1933 et
478 1875 506 1933 in
522 1873 622 1934 sulcos
637 1875 727 1953 pluris
742 1873 825 1933 simul
841 1891 878 1933 ex
893 1889 947 1931 una
966 1888 1032 1950 pro·

22 1957 164 2034 tprgnndi,
183 1957 351 2035 gracilitate
372 1957 548 2035 singularum
573 1958 681 2019 firmata
700 1957 906 2034 circumligatis
924 1955 1034 2016 hastili·

44 2037 100 2116 bus,
119 2060 177 2102 nec
198 2042 305 2100 recisis
329 2042 376 2119 qni
392 2059 409 2101 a
430 2041 569 2102 lateribus
587 2051 742 2102 excurrant
756 2041 907 2120 pampinis.
937 2038 1033 2099 Nova·

44 2125 133 2185 riensis
155 2124 289 2203 agricola
313 2125 460 2185 traducum
487 2124 570 2186 turba
591 2144 648 2187 non
675 2133 842 2202 contentus,
870 2143 925 2185 nec
947 2124 1035 2202 copia

44 2224 184 2286 ranorum,
202 2210 337 2288 inpositis
353 2211 504 2270 etiamnum
520 2209 657 2289 patibulis
673 2209 807 2288 palmites
824 2208 1032 2268 circumvolvit.

44 2292 127 2372 itaque
150 2303 274 2372 praeter
305 2294 360 2354 soli
384 2295 453 2354 vitia
479 2294 589 2354 cultura
614 2311 731 2372 quoqne
755 2303 837 2354 torva
865 2294 932 2352 irunt
957 2294 1031 2351 vinu.

21 2375 201 2466 albaeripa
219 2379 300 2437 iuxta
321 2376 423 2437 urbem
438 2377 605 2438 Varracinis
614 2396 721 2458 ‚quae
741 2378 860 2438 alternis
882 2385 1015 2455 putantur
1025 2385 1078 2439 213
1195 2399 1196 2458 j

45 2461 122 2539 amis,
138 2479 198 2522 non
214 2463 281 2542 quia
298 2461 325 2522 id
341 2459 391 2522 viti
408 2462 561 2537 conducat,
578 2462 630 2522 sed
648 2463 713 2542 quia
731 2461 841 2522 vilitate
856 2460 1002 2520 reditum
993 2477 1033 2518 ιιι-

45 2545 134 2622 pendia
150 2556 342 2626 exsuperant.
380 2546 504 2606 medium
526 2555 781 2646 temperameptnm
805 2547 832 2604 in
855 2541 1033 2604 Carseolano

45 2638 179 2708 secuntur,
199 2631 388 2724 cariosasque
404 2639 510 2690 tantum
522 2632 588 2690 vitis
600 2631 690 2708 partis
705 2630 927 2710 incipientisque
942 2629 1034 2686 inare-

46 2729 118 2775 scere
138 2712 326 2796 deputando,
348 2707 456 2774 ceteris
483 2714 517 2773 ad
541 2731 625 2773 uvam
644 2714 771 2791 relictis,
794 2713 925 2774 detracto
944 2728 1034 2771 onere

23 2807 237 2901 urppmracno,
259 2816 313 2877 pro
333 2800 506 2858 nutrimento
530 2800 606 2857 omni
630 2808 675 2857 est
691 2799 793 2858 raritas
811 2796 950 2856 volneris
981 2794 1033 2855 sed

47 2882 90 2941 nisi
102 2885 201 2963 pingui
193 2882 279 2942 solo
292 2882 356 2967 talis
369 2883 480 2942 cultura
493 2881 675 2958 degenerat
665 2900 695 2940 ιιι
706 2881 877 2942 labruscam.
897 2881 956 2960 [28]
967 2879 1019 2938 Αι-
1026 2888 1077 2942 ult
1149 2940 1162 2952 ,
1195 2923 1196 2930 .

48 2963 117 3027 busta
150 2969 228 3028 arari
259 2960 342 3066 quam
372 2965 511 3026 altissime
546 2965 729 3042 desiderant,
760 2966 874 3026 tametsi
902 2964 1036 3024 frumenti

48 3051 108 3112 rutio
122 3071 182 3112 non
197 3051 300 3128 exigit.
316 3051 474 3129 pampinari
490 3068 524 3110 ea
539 3067 596 3108 non
612 3059 658 3109 est
671 3051 771 3128 moris,
790 3059 819 3110 et
833 3048 890 3108 boc
907 3065 1034 3126 conpen-

49 3131 111 3195 dinm
127 3153 252 3217 operae.
283 3134 454 3234 deputantur
469 3151 533 3194 cum
548 3134 608 3192 vite
627 3136 737 3212 pariter
754 3133 924 3194 interlucata
941 3131 1035 3192 densi·

23 3223 98 3279 oute
120 3236 264 3281 remorum
294 3220 342 3297 qui
372 3219 427 3278 sint
454 3217 628 3297 supervacui
652 3227 683 3279 et
714 3217 862 3278 absumant
891 3217 1034 3276 alimenta.

49 3300 139 3381 plagas
154 3305 191 3365 ad
195 3303 423 3404 septentriones
439 3311 486 3362 aut
506 3301 542 3362 ad
556 3301 705 3361 meridiem
727 3310 863 3381 spectare
882 3301 1068 3371 vetuimus‚e⁴

49 3387 156 3466 melius,
178 3391 323 3465 sineque
346 3388 373 3446 in
394 3403 518 3447 occasus
540 3385 621 3444 solis
656 3387 702 3446 diu
723 3386 822 3447 dolent
835 3384 902 3444 talia
921 3397 1035 3461 quoqne

51 3469 136 3533 ulcera
154 3483 183 3534 et
202 3471 324 3534 diliicile
345 3479 500 3531 sanescunt
524 3469 649 3546 algendo
670 3471 753 3530 nimis
773 3467 978 3610 aestfiupndove.
994 3495 1025 3508 -
