2370 3922
156 255 176 314 6
511 263 541 311 O.
554 263 650 311 PLINI
665 264 816 314 sacuam

157 426 222 478 sent
248 417 504 495 inponendusque,
534 418 688 496 vinumque
715 424 747 478 11
774 427 887 479 acetum
912 437 951 479 ex
979 419 1144 484 bisfactum

156 501 324 561 auxiliarem
339 508 439 560 contra
454 500 555 560 eadem
569 503 627 560 rim
641 501 737 562 habet.

114 597 147 650 15
221 583 302 663 (12.)
332 579 394 642 Uva
406 601 491 661 passa
506 601 588 660 quam
599 585 748 663 astaphida
758 594 864 645 vocant
878 586 1068 664 stomachum,
1083 607 1145 650 ven-

155 676 228 728 trem
242 677 272 728 et
287 669 435 726 interanea
453 674 623 744 temptaret,
639 670 694 726 nisi
710 685 765 746 pro
779 669 910 728 remedio
927 671 957 728 in
973 672 1049 748 ipsis
1063 674 1144 732 acinis

155 751 250 812 nuclei
273 759 390 828 esseut,
420 752 456 809 iis
478 753 621 827 exemptis
642 753 760 811 vesicae
780 751 858 811 utilis
881 751 1007 812 habetur
1029 763 1060 813 et
1080 759 1161 821 trusis

154 834 218 893 alba
236 834 345 909 utilior,
370 833 448 892 utilis
463 841 493 892 et
510 829 636 893 arteiiae
655 842 685 892 et
695 836 826 911 renibus,
842 837 916 895 sicut
928 854 967 894 ex
978 835 1025 894 his
1038 855 1146 914 passum

18 965 23 974 .
112 920 290 996 lfi'priyatim
304 935 321 975 e
335 917 521 994 serpentibus
539 925 639 976 contre
655 917 874 977 haemorrhoida
887 927 1004 995 potens.
1037 922 1145 980 testium

154 1000 365 1060 inflammationi
392 1017 454 1059 cum
471 1002 571 1066 ‚farina
599 1002 703 1059 cumini
727 1008 776 1060 aut
798 1000 941 1061 coriandri
963 1002 1144 1078 inponuntur,
1175 1045 1177 1058 .

152 1088 223 1143 item
238 1083 431 1160 carbunculis,
447 1083 619 1142 articulariis
633 1083 755 1159 morbis,
772 1084 835 1143 siue
853 1084 966 1144 nucleis
987 1086 1075 1145 tritae
1090 1104 1144 1144 cum

153 1176 225 1226 ruta.
241 1168 345 1228 lovere
361 1174 428 1226 ante
442 1167 510 1225 vino
528 1166 627 1225 ulcera
645 1176 773 1244 oportet.
805 1175 905 1226 sanant
920 1168 1104 1244 epinyctidas
1119 1178 1177 1240 etp

150 1253 232 1311 ceria
257 1259 288 1310 et
312 1250 497 1324 dysinteriam
518 1267 581 1307 cum
601 1252 660 1309 suis
682 1250 801 1310 nucleis.
850 1259 881 1310 11
903 1252 933 1310 in
958 1250 1031 1310 oleo
1052 1260 1141 1312 coctae
1175 1311 1177 1318 ,

151 1334 327 1411 gangraenis
341 1332 498 1392 inlinuntur
512 1351 575 1391 cum
590 1335 700 1393 cortice
711 1333 829 1411 raphani
845 1343 876 1393 11
886 1333 989 1394 melle.
1015 1335 1141 1412 pudagris
1175 1321 1177 1338 '

153 1426 185 1476 et
204 1417 339 1494 unguium
359 1415 513 1475 mobilibus
534 1433 598 1475 cum
619 1434 729 1495 panace
753 1425 783 1476 et
800 1434 854 1495 per
871 1435 904 1478 se
921 1416 957 1477 ad
974 1419 1142 1496 purgandum
1176 1471 1177 1476 ,

152 1518 186 1561 os
202 1508 344 1579 caputque
359 1517 422 1558 cum
439 1501 542 1576 pipere
557 1500 825 1560 conmanducantur.

109 1593 143 1648 11
216 1583 296 1663 (13.)
332 1582 469 1661 Astaphis
485 1584 565 1660 agria
579 1585 642 1642 sive
660 1583 786 1662 staphis,
803 1600 886 1659 quam
902 1601 989 1642 uvam
1010 1585 1160 1642 taminiauu

151 1666 238 1745 aliqui
253 1674 358 1726 vocant
372 1665 458 1742 falso,
474 1684 555 1726 suum
571 1669 647 1726 euim
660 1684 752 1743 genus
768 1664 868 1742 habet,
883 1665 1038 1726 cauliculis
1050 1667 1135 1743 nigris,

151 1752 258 1827 rectis,
284 1749 363 1809 loliis
384 1748 553 1825 labruscae,
580 1749 639 1810 fert
656 1749 805 1810 folliculos
821 1750 919 1808 verius
937 1767 1027 1824 quam
1043 1751 1137 1822 acinos,

59 1887 60 1890 ,
150 1833 268 1909 viridis,
285 1831 385 1892 similis
402 1833 503 1908 ciceri,
520 1835 549 1892 in
565 1833 610 1891 his
626 1832 758 1892 nucleum
773 1831 952 1908 triangulum
984 1832 1139 1894 maturescit

151 1933 215 1975 cum
232 1915 374 1974 vindemia
397 1917 612 1994 nigrescitque,
639 1934 702 1976 cum
722 1917 855 1975 taminiae
871 1915 1009 1976 rubentis
1025 1918 1138 1976 norimus

150 2001 249 2058 acinos
272 2000 452 2075 sciamusque
475 1999 554 2059 illam
572 2002 602 2059 in
622 2001 728 2079 apricis
748 2000 844 2076 nasci,
866 1998 942 2058 hauc
962 2017 1027 2061 non
1046 2001 1098 2058 uisi
1115 1953 1176 2060 11111

151 2084 260 2159 opacis.
283 2081 336 2166 his
344 2080 454 2140 nucleis
466 2081 501 2142 ad
512 2085 712 2161 purgationem
724 2084 765 2142 uti
778 2099 837 2142 nou
848 2085 1019 2144 censuerim
1028 2091 1137 2162 prepter
1174 2083 1176 2152 ἶ

151 2166 304 2242 ancipitem
320 2165 584 2242 strangulationem,
600 2184 695 2244 neque
711 2166 746 2225 ad
760 2167 890 2245 pituitam
902 2166 962 2226 oris
977 2166 1137 2240 siccandam,

109 2260 144 2314 18
152 2250 218 2326 quia
238 2248 328 2307 laucis
352 2247 476 2308 laedunt.
505 2248 656 2326 phthiriasi
677 2258 762 2326 caput
782 2257 812 2309 et
827 2248 947 2309 relicum
963 2267 1074 2328 corpus
1087 2247 1137 2308 triti
1175 2267 1176 2274 ¹

150 2331 291 2408 liberant,
315 2331 427 2392 facilius
449 2331 573 2392 admixta
587 2333 758 2408 sandaraca,
778 2334 848 2392 item
863 2333 978 2410 pruritu
994 2342 1027 2394 et
1041 2333 1135 2411 psoris.
1174 2337 1175 2398 j

150 2416 185 2475 ad
206 2414 333 2474 dentium
354 2413 473 2474 dolores
497 2415 673 2476 decocuntur
695 2418 724 2474 in
748 2424 850 2491 aceto,
875 2414 911 2474 ad
932 2418 1046 2475 aurium
1067 2415 1175 2488 vitiam*

150 2498 368 2559 rheumatismos
390 2499 570 2575 cicatricum,
595 2499 723 2560 ulcerum
742 2500 892 2558 manantia.
928 2498 986 2560 llos
1009 2501 1091 2558 tritus
1111 2499 1134 2554 in

149 2583 217 2642 vinc
238 2590 339 2641 contra
353 2583 498 2659 serpentis
514 2581 638 2658 bibitur,
660 2600 760 2642 semen
775 2584 853 2644 euim
867 2581 1064 2643 abdicaverim
1078 2595 1134 2658 pro·

149 2673 217 2743 pter
232 2666 344 2724 nimiam
366 2667 423 2724 vim
450 2665 570 2726 ardoris.
614 2666 727 2748 quidam
748 2683 813 2726 eam
831 2666 1009 2744 pituitariam
1033 2669 1131 2725 vocant.
1172 2663 1174 2686 ¹

150 2748 243 2827 plagis
258 2749 435 2826 serpentium
448 2751 547 2828 utique
561 2749 691 2808 inlinunt.
1171 2765 1174 2806 l

109 2844 142 2899 19
212 2831 294 2908 (14.)
323 2830 467 2891 labrusca
477 2832 768 2911 quoqueoenanthen
778 2832 837 2892 lert
851 2833 920 2892 satis
933 2831 1053 2907 dictam,
1069 2845 1154 2906 quaem

149 2933 165 2975 a
186 2912 304 2973 Graecis
322 2914 452 2992 ampelos
469 2918 550 2992 agria
567 2916 727 2995 appellata,
756 2917 861 2995 spissis
878 2923 910 2976 11
926 2913 1129 2976 medicantibus

149 2998 244 3074 loliis,
267 2997 446 3075 geniculata,
472 3001 580 3060 rimoso
605 3001 733 3076 cortice,
759 3001 819 3059 lert
833 3016 902 3058 uvas
917 2998 1048 3058 rubentis
1060 2993 1129 3054 cocci

148 3081 245 3158 modo,
262 3098 334 3158 quae
344 3091 440 3142 cutem
452 3083 481 3141 iu
491 3083 567 3144 iacie
579 3083 727 3148 mulierum
740 3091 863 3161 purgant
876 3090 907 3142 et
919 3098 1018 3157 varos,
1036 3095 1128 3138 coxen-
1172 3095 1173 3098 ¹

150 3166 241 3226 dicum
264 3172 295 3223 et
311 3165 470 3226 lumborum
488 3169 566 3226 vitiis
585 3175 684 3226 tunsae
702 3185 766 3225 cum
782 3165 861 3226 foliis
876 3173 907 3225 et
923 3181 993 3224 suco
1010 3165 1127 3241 prosunt

128 3242 130 3248 ’
149 3250 230 3309 radix
245 3248 365 3307 decocta
380 3250 408 3306 in
423 3265 496 3324 aqua
509 3259 579 3328 pota
589 3253 618 3309 in
629 3251 688 3310 vini
699 3247 752 3309 Coi
765 3247 875 3325 cyathis
887 3247 999 3309 duobus
1011 3257 1149 3305 umorauu

149 3333 205 3392 alvi
220 3333 289 3407 ciet,
305 3332 372 3390 ideo
386 3331 551 3409 hydropicis
569 3333 657 3392 datur.
687 3331 760 3392 hauc
773 3334 871 3411 potius
885 3329 1055 3390 crediderim
1068 3343 1126 3386 csse

104 3425 142 3478 20
154 3431 235 3492 quam
253 3412 357 3490 volgus
372 3432 455 3472 uvam
468 3418 610 3475 taminiam
624 3424 718 3476 vocat.
751 3424 868 3474 utuntur
889 3431 924 3473 ea
944 3430 998 3491 pro
1014 3409 1123 3470 amuleto

150 3505 180 3557 ct
196 3497 231 3556 ad
245 3498 473 3575 exspiationem,
487 3497 522 3534 ²²*
537 3501 683 3577 sauguinis
698 3516 814 3578 quoque
826 3497 979 3574 adhibent,
994 3513 1050 3556 uon
1061 3492 1122 3552 ultra
