2430 3896
254 231 335 280 nar.
356 230 449 280 urar.
469 230 541 282 xv1.
564 226 669 281 t-ro.
693 216 826 302 (9-16.)
1016 223 1036 285 9

23 433 25 518 p
108 389 181 467 (13.)
208 386 364 448 Galliarum
386 386 568 486 glandiferae
588 402 720 448 maxume
741 387 1031 490 arboresnagaricum
1044 401 1080 456 33

23 519 25 594 t
61 475 156 633 llll
169 472 455 618 titillabat:
468 469 1038 638 latit}’.tltzllaallfltalll

23 661 24 714 r
60 643 103 703 loc
114 643 177 718 eius,
194 657 253 720 quo
265 643 294 701 in
308 640 438 701 tenebris
453 639 630 719 decerpitur.
659 639 684 699 ll
700 641 870 719 glandiferis
883 643 946 704 sola
961 661 1038 724 quae

23 727 25 776 t
46 735 155 788 sromtm
167 725 304 805 aegilops
327 727 384 786 iert
409 741 519 805 pannos
536 726 661 801 arentis,
684 743 821 786 muscoso
843 727 913 788 villo
936 745 1036 805 canos,

23 815 24 824 ’
59 829 100 871 non
112 814 136 870 in
151 812 262 870 cortice
273 811 361 870 modo
375 828 476 870 verum
492 818 522 869 et
538 827 555 869 e
569 811 656 869 ramis
671 809 863 889 dependentis
879 812 998 873 cubitali
1010 835 1081 878 rana

23 895 24 966 l
59 895 241 973 magnitudine,
266 895 423 971 odoratos,
443 903 474 954 ut
495 894 617 955 diximus
643 895 717 954 inter
736 905 893 972 unguenta.
931 896 1082 960 Suberi34

58 983 152 1039 mnuma
167 979 266 1056 arbor,
282 981 368 1057 glans
384 996 531 1058 pessuma,
553 996 630 1055 rara,
647 988 751 1039 cortex
765 989 872 1041 tanturn
888 982 916 1039 in
932 982 1038 1056 fructu,

23 1065 25 1128 l
59 1081 220 1144 praecrassus
232 1081 270 1124 ac
284 1081 445 1125 renascens
457 1073 544 1143 atque
557 1063 642 1124 etiam
655 1063 683 1122 in
698 1064 791 1125 denos
802 1065 897 1144 pedes
912 1065 1039 1144 undique

23 1149 212 1228 ,rserplanatus
242 1167 315 1209 usus
340 1150 403 1208 eius
425 1147 611 1209 ancoralibus
630 1165 764 1209 maxume
784 1149 900 1209 nauium
924 1151 1038 1230 piscan-

23 1229 24 1254 ²
58 1235 157 1311 tingue
171 1233 296 1311 tragulis
320 1243 349 1293 et
370 1233 507 1294 cadorum
528 1235 753 1311 opturamentis,
775 1243 931 1313 praeterea
952 1235 980 1293 iu
996 1232 1038 1293 bi·

59 1318 126 1377 lcmo
142 1318 311 1379 feminarum
332 1318 465 1379 calciatu.
498 1317 686 1396 quamobrem
706 1335 764 1378 non
783 1319 911 1380 infacete
934 1316 1040 1379 Graeci

59 1403 158 1461 cortices
172 1402 312 1464 arborem
326 1402 486 1482 appellant.
519 1402 591 1462 Sunt
606 1411 635 1462 et
658 1402 707 1480 qui
721 1401 857 1463 feminam
871 1404 969 1463 ilicem
988 1420 1040 1463 ro·

60 1495 108 1545 cent
121 1495 218 1566 atque,
243 1486 294 1547 nbi
312 1505 370 1546 non
390 1488 519 1546 nascitur
534 1487 611 1563 ilex,
634 1503 688 1565 pro
704 1504 739 1547 ea
755 1487 863 1549 subere
880 1496 996 1548 utantur
1012 1489 1041 1547 in

41 1573 221 1649 usurpentnriis
236 1573 402 1652 praecipue
418 1570 552 1646 fabricis,
568 1578 599 1630 ut
614 1572 691 1632 circa
709 1570 784 1632 Elim
798 1581 828 1632 et
843 1571 1038 1633 Lacedaemo-

57 1672 112 1715 nem.
139 1657 232 1716 necin
249 1656 334 1717 ltalia
346 1664 407 1716 tota
422 1657 550 1716 nascitur
564 1665 612 1715 aut
631 1658 660 1716 in
675 1653 771 1716 Gallia
787 1659 912 1717 omnino.

103 1740 127 1800 9.
147 1740 229 1818 (14.)
256 1739 371 1802 Cortex
387 1750 416 1801 et
430 1741 518 1818 lagia,
533 1741 630 1817 tiliae,
647 1740 748 1817 abieti,
764 1743 869 1818 piceae
891 1743 920 1799 in
934 1747 1082 1816 magnust
1189 1784 1190 1788 ,

59 1841 96 1883 usu
108 1826 268 1902 agrestium.
302 1843 374 1885 rasa
387 1825 543 1904 corbisque
556 1842 591 1885 ao
603 1826 768 1904 patentiora
784 1825 927 1906 quaedam
939 1823 1040 1884 messi-

60 1907 96 1967 bus
109 1910 303 1971 convehendis
317 1909 528 1987 vindemiisque
538 1909 647 1970 iaeiunt
663 1917 749 1988 atque
763 1919 896 1988 protecta
911 1908 1040 1986 tugurio-

39 2009 111 2052 amn.
134 1993 231 2054 scribit
252 1998 283 2054 in
303 1996 416 2055 receuti
434 1993 470 2054 ad
487 1994 578 2056 duces
595 1993 768 2072 explorator
781 1995 915 2055 incidens
930 1992 1041 2053 litteras

61 2094 147 2139 rsnco.
182 2096 239 2140 nec
261 2095 321 2139 non
342 2087 372 2138 et
394 2080 421 2139 in
437 2078 629 2158 quodamusu
644 2095 794 2140 sacrorum
817 2078 974 2156 religiosus
996 2084 1055 2139 est.

61 2160 102 2238 lagi
114 2171 218 2224 cortex.
250 2163 307 2224 sed
321 2180 379 2222 non
392 2163 475 2224 durat
490 2163 578 2224 arbor
591 2165 666 2241 ipsa.

106 2247 148 2308 ro.
170 2248 255 2329 (15.)
290 2247 437 2308 Scandula
458 2266 474 2307 e
495 2246 605 2308 robore
622 2248 787 2326 aptissima,
814 2263 883 2306 mox
899 2263 915 2304 e
930 2243 1084 2323 glandi-36

61 2329 111 2391 laris
124 2333 182 2392 aliis
197 2333 341 2412 sagoque,
357 2331 495 2393 facillima
513 2350 552 2392 ex
563 2331 695 2391 omnibus
709 2349 784 2411 quae
796 2331 920 2392 resinam
934 2330 1041 2404 ierunt,

41 2414 98 2474 asel
116 2418 231 2479 minume
256 2418 365 2479 durans
390 2425 595 2496 praeterquam
617 2435 633 2478 e
657 2418 735 2495 pino.
776 2413 920 2477 Scandula
943 2421 1042 2474 conte·

62 2506 115 2559 ctam
127 2500 212 2562 fuisse
235 2502 358 2563 Romam
380 2500 415 2561 ad
430 2501 533 2576 Pyrrhi
555 2518 648 2579 usque
662 2500 771 2562 bellum
786 2501 868 2561 anuis
885 2509 1043 2559 dccccxx

62 2579 187 2646 cornelius
205 2586 311 2666 Nepos
332 2594 509 2646 auctorest.
543 2585 681 2646 silvarum
702 2593 785 2646 certe
808 2580 1040 2660 distinguebatur
1050 2589 1085 2645 at

62 2667 206 2746 insignibus:
225 2669 370 2749 'lisgutali
386 2671 457 2731 love
473 2671 558 2731 etiam
580 2688 654 2730 nuno
675 2669 725 2730 ubi
748 2669 831 2730 lucus
856 2667 961 2744 fageus
979 2666 1043 2742 luit,

26 2747 28 2768 '
62 2761 124 2828 porta
130 2753 376 2835 Querquetulana,
393 2755 471 2817 colle
483 2756 512 2816 in
525 2773 611 2836 quem
623 2755 727 2816 vimina
742 2753 928 2833 petebantur,
941 2760 1043 2830 totque

26 2833 130 2913 italicis,
150 2840 320 2918 quibusdam
339 2848 369 2900 et
390 2841 524 2919 geminis.
561 2839 596 2914 Q.
616 2838 787 2900 Hortensius
808 2838 950 2913 dictator,
980 2853 1044 2896 curn

63 2919 126 2996 plebs
143 2926 320 2986 secessisset
338 2925 368 2984 in
388 2923 563 2999 Ianiculum,
585 2925 683 3001 legam
697 2925 726 2984 in
741 2922 894 2985 aesculeto
909 2921 991 2996 tulit,
1014 2928 1044 2979 ut

27 3041 29 3126 p
66 3005 122 3080 pol
136 3025 168 3069 ea
181 3010 319 3070 iussisset
331 3011 421 3069 omnis
438 3007 567 3082 Quirites
585 3016 709 3068 teneret.

112 3091 184 3174 (lo.)
215 3095 396 3170 Peregrinae
421 3102 480 3152 tum
507 3090 693 3167 videbantur,
721 3093 855 3172 quoniam
880 3095 1087 3150 uenerantes

67 3171 230 3255 suburbanae,
247 3180 334 3258 pinus
346 3186 432 3255 atque
446 3176 528 3236 abies
541 3193 701 3255 omnesque
716 3172 792 3256 qua'e
804 3178 901 3256 picem
912 3175 1043 3252 gignunt,

47 3254 193 3336 aisquibus
207 3281 286 3323 nunc
301 3262 447 3337 dicemus,
470 3261 555 3322 simul
580 3269 609 3319 ut
626 3261 860 3323 tota-condiendi
873 3261 940 3319 rina
958 3257 1043 3333 origo

69 3356 242 3418 cognoscatur.
275 3346 359 3420 Quae
379 3345 490 3416 ferrent
510 3348 539 3406 in
555 3345 625 3406 Asia
648 3355 696 3407 aut
711 3347 824 3407 oriente
841 3341 1000 3425 praedictis
1013 3362 1042 3406 ss,
1063 3362 1087 3398 ss

72 3426 141 3500 picem
163 3432 190 3490 io
211 3432 333 3510 Europa
357 3449 411 3490 sex
431 3447 542 3507 genera
571 3439 759 3508 cognatarum
781 3430 916 3491 arborum
939 3425 1043 3486 ierunt.

72 3523 99 3568 er
109 3509 144 3572 lis
156 3517 235 3593 pinus
250 3526 338 3595 atque
354 3513 487 3594 pinaster
502 3515 602 3576 lolium
617 3515 725 3576 habeut
743 3512 937 3592 capillamenti
958 3507 1045 3569 modo
