2396 3922
201 267 262 326 110
540 279 571 328 G.
588 281 683 328 Pnntt
700 277 848 328 sacunm

154 445 191 497 ⁵5
263 431 349 512 (35.)
372 433 478 494 Aleon
494 442 616 512 purgant
638 432 816 509 anagallides
827 440 876 492 'ex
894 449 970 510 aqna
989 431 1093 506 mulsa,
1112 433 1169 490 item

196 516 383 594 epithymum,
399 519 449 594 qni
462 526 508 576 est
524 517 580 578 dos
593 535 610 576 e
621 517 717 591 thymo
733 518 875 576 satureiae
891 516 984 574 simili.
1014 515 1169 591 differentis,

195 599 273 676 quod
287 599 334 658 hic
344 600 507 660 herbaceus
520 610 575 677 est,
583 601 701 660 alterius
712 600 799 674 thymi
810 599 893 659 albus
905 631 948 644 -
958 599 1072 676 quidam
1082 596 1170 676 hippo·

197 683 296 760 pheon
316 693 425 742 vocant
445 717 487 730 -
507 684 654 743 stomacho
674 685 766 742 minus
786 683 862 742 utilis
882 683 1058 742 vomitiones
1077 689 1171 754 moret,

195 764 248 824 sed
265 768 386 825 tormina
403 776 432 826 et
451 766 611 826 inflationes
633 767 756 827 discutit.
788 768 905 825 sumitur
926 775 956 825 et
976 765 1127 840 ecligmate
1143 763 1189 822 alt

51 882 68 933 ¹.
151 850 330 926 bbpeotoris
344 851 413 909 vitia
431 869 494 910 cnm
507 850 639 909 melleet
655 849 903 928 aliquandoiride.
944 848 1043 908 alvom
1064 847 1172 906 solvite

192 939 331 1009 quattuor
346 932 488 992 drachmis
503 934 539 993 ad
558 951 614 993 sex
634 951 697 992 cunr
718 933 804 992 melle
827 941 856 992 et
877 934 986 1008 exiguo
1011 930 1083 990 salis
1102 939 1172 1006 atque

194 1016 281 1074 aceti.
324 1015 436 1094 quidam
457 1017 542 1076 aliter
564 1016 737 1094 epithymum
759 1015 872 1076 tradunt
892 1018 955 1074 sine
976 1014 1079 1074 redico
1099 1014 1172 1086 nasci

192 1108 291 1174 tenne,
307 1099 488 1159 similitudine
506 1099 625 1176 pallioli,
640 1099 757 1174 rubens,
779 1101 882 1158 siccari
897 1101 926 1157 in
944 1098 1064 1173 umbra,
1079 1095 1134 1155 bibi
1145 1113 1172 1154 er

192 1199 267 1260 aqua
288 1183 431 1242 acetabuli
451 1191 535 1261 parte
555 1183 684 1260 dimidia,
709 1183 862 1243 detrudere
883 1185 1014 1260 pituitam
1035 1179 1189 1257 bilemquat'

150 1266 263 1330 statvo
279 1265 384 1325 leniter
400 1265 504 1326 solnta.
531 1265 614 1344 (36.)
636 1266 675 1326 Et
688 1267 848 1345 nymphaea
864 1267 892 1324 in
909 1267 978 1324 vino
993 1273 1114 1324 austero
1129 1261 1173 1321 sol-

192 1349 233 1407 rit
250 1357 279 1408 et
297 1365 518 1426 pycnocomon,
539 1367 646 1409 erucae
660 1350 738 1410 loliis
760 1349 951 1410 crassioribus
970 1357 1001 1407 et
1016 1345 1175 1418 acrioribus,

192 1431 293 1491 radice
307 1433 438 1508 rotunda,
454 1433 523 1492 lutei
543 1433 668 1509 coloris,
687 1442 792 1492 terram
809 1433 920 1506 olente,
941 1431 1029 1492 caule
1042 1429 1177 1509 quadrian-

190 1515 275 1592 gulo,
291 1515 417 1592 modico,
432 1519 520 1592 teum,
536 1517 608 1575 llere
626 1517 720 1575 ocimi.
747 1518 888 1576 invenitur
902 1518 931 1576 in
948 1517 1082 1576 saxosis.
1110 1512 1189 1573 radin

192 1601 256 1658 eius
278 1599 306 1657 in
327 1617 401 1676 aqua
422 1599 513 1660 mulsa
526 1599 554 1659 X
570 1613 597 1658 11
612 1599 744 1678 pondere
758 1608 786 1658 ct
801 1599 896 1658 alvom
911 1607 942 1657 et
952 1599 1046 1658 bilem
1064 1607 1095 1656 et
1110 1597 1189 1675 pini-l

192 1691 249 1741 tarn
264 1685 400 1742 exinanit.
431 1701 530 1743 semen
545 1686 653 1744 somnia
666 1683 839 1743 tumultuosa
853 1682 922 1742 lacit
937 1681 1145 1741 nnadraohma
1156 1680 1177 1736 ir

189 1769 260 1825 vino
275 1776 391 1843 potum,
414 1776 444 1826 et
462 1785 573 1845 capnos
588 1775 686 1826 nuncu
702 1765 826 1825 detrahit
840 1765 937 1825 bilem.

148 1857 184 1912 58
258 1848 343 1928 (37.)
367 1849 527 1928 Polypodi,
550 1868 634 1927 quarn
661 1851 753 1908 nostri
772 1849 920 1909 feliculam
942 1857 1071 1923 nocant,
1094 1844 1177 1906 similit

57 1965 61 1972 ·
191 1931 288 2006 lelici,
311 1932 393 1992 radin
413 1936 443 1992 in
460 1951 512 1992 usu
533 1935 641 2011 pilosa,
658 1933 767 1992 coloris
783 1935 858 1992 intus
872 1931 1029 2008 herbacei,
1058 1931 1177 1990 crassita-

189 2015 257 2074 dine
274 2015 357 2090 digiti
367 2017 491 2087 minumi,
508 2016 665 2076 acetabulis
677 2033 837 2076 cavernosa
851 2033 905 2075 ceu
920 2014 1103 2093 polyporum
1114 1991 1189 2085 ninid

190 2097 356 2172 subdulcis,
379 2098 407 2156 in
425 2101 516 2176 petris
530 2115 654 2160 nascens
669 2108 716 2159 aut
731 2099 784 2158 sub
799 2098 953 2157 arboribus
967 2099 1108 2157 vetustis.
1140 2111 1176 2154 cx·

192 2180 323 2257 primitur
337 2197 426 2239 sucus
438 2199 513 2256 aqua
530 2183 723 2255 madefactae,
748 2191 777 2241 et
795 2185 860 2260 ipsa
882 2183 991 2241 minute
1014 2181 1136 2241 concisa
1147 2178 1176 2235 in·

189 2263 337 2340 spergitur
352 2262 427 2321 oleri
441 2263 489 2322 vel
504 2263 590 2324 betae
605 2271 651 2324 rel
670 2265 782 2325 malvae
797 2266 845 2324 vel
864 2265 1047 2324 salsamento
1063 2272 1112 2324 aut
1129 2275 1177 2320 cun

189 2344 326 2422 pulticula
346 2347 478 2422 coquitur
493 2347 530 2405 ud
551 2349 647 2407 alvom
664 2349 712 2406 rel
735 2350 762 2406 in
782 2347 857 2406 iehri
880 2349 986 2408 leniter
1009 2345 1176 2406 solvendam.

188 2426 314 2488 detrahit
332 2427 419 2486 bilem
440 2437 469 2487 et
491 2431 635 2509 pituitam,
658 2431 833 2491 stomachum
855 2431 986 2490 offendit.
1027 2429 1129 2490 aridae
1146 2427 1189 2485 lat

187 2513 250 2571 rina
280 2511 368 2573 indita
394 2511 510 2571 naribus
538 2515 676 2592 polypum
705 2517 855 2574 consumit.
898 2513 1003 2574 liorem
1025 2523 1067 2577 ,et
1093 2525 1175 2571 senen

188 2611 247 2655 non
263 2595 330 2654 lert.

144 2688 180 2741 ta
251 2675 336 2757 (38.)
357 2679 566 2738 Scammoaium
579 2695 697 2756 quoque
713 2679 931 2740 dissolutionem
947 2679 1097 2738 stomachi
1111 2675 1174 2747 iacit

188 2759 276 2818 bilem
290 2759 423 2838 detrahit,
435 2760 531 2821 alvom
550 2763 646 2835 solvit,
664 2773 866 2840 praeterquam
883 2765 908 2821 si
923 2761 1092 2823 adiciuntur
1108 2760 1174 2819 alces

187 2840 340 2901 drachmae
356 2843 429 2904 duae
445 2843 541 2904 obolis
556 2845 617 2904 eius
635 2844 756 2904 duobus.
786 2855 832 2904 est
852 2854 947 2904 autem
971 2863 1066 2906 sucus
1082 2841 1189 2904 herbaet

187 2923 225 2981 ab
240 2923 339 2983 radice
355 2943 486 2987 ramosae
504 2926 657 3006 pinguibus
671 2927 764 3004 loliis,
780 2929 947 3005 triangulis,
971 2929 1070 3004 albis,
1091 2925 1175 2986 radice

145 3017 181 3072 6⁰
192 3021 301 3078 crassa,
317 3007 438 3084 madida,
454 3011 596 3069 nausiosa.
633 3013 759 3070 nuscitur
778 3013 877 3090 pingui
897 3020 928 3070 et
942 3011 1014 3071 albo
1032 3012 1110 3070 solo.
1140 3021 1174 3066 ra·

188 3089 238 3148 dix
252 3088 331 3146 circa
346 3092 427 3148 canis
441 3101 533 3150 ortum
551 3101 722 3170 excavatur,
743 3104 773 3153 ut
796 3096 824 3152 in
835 3097 928 3172 ipsam
950 3095 1084 3156 conlluat
1104 3105 1174 3152 sucus

189 3173 238 3252 qni
252 3169 316 3230 sole
331 3170 456 3230 siccatus
472 3173 612 3250 digeritur
632 3177 660 3233 in
679 3178 821 3252 pastillos.
853 3179 984 3237 siccatur
1005 3187 1038 3236 et
1059 3181 1122 3256 ipsa
1136 3170 1177 3232 rel

188 3264 299 3316 corten.
338 3251 468 3311 laudatur
481 3259 595 3316 natione
611 3256 839 3335 colophonium,
856 3261 998 3336 Mysiam,
1016 3260 1189 3325 Prienenses

188 3338 289 3417 specie
318 3343 412 3394 autern
437 3337 553 3396 nitiduln
575 3349 605 3398 et
628 3357 710 3417 quarn
737 3343 909 3402 simillimum
935 3346 1055 3404 taurino
1077 3338 1174 3420 glutini,

187 3421 340 3496 fungosum
356 3415 529 3477 tenuissimis
543 3422 656 3495 listulis,
673 3423 731 3480 cito
747 3425 925 3502 liquescens,
940 3429 1025 3487 virus
1041 3425 1173 3494 redolens,

188 3504 403 3572 camminosam,
412 3495 527 3572 lingrrae
540 3510 617 3561 tactu
628 3504 802 3584 lactescens,
817 3510 1106 3587 quamlevissinanrn,
1121 3519 1174 3566 can
