2504 3930
172 238 234 302 282
512 251 541 298 c.
559 251 655 298 eursu
670 251 820 300 suenum

173 427 210 466 ex
228 407 304 479 vino,
323 407 346 464 si
359 423 423 464 cum
440 405 543 482 pipere
560 405 723 482 colluantur,
739 407 807 466 item
819 425 882 466 cum
897 425 985 486 porro
1005 408 1159 468 decoctuur.

173 489 367 567 nigrescentis
383 488 476 548 dentis
493 499 647 548 crematum
664 489 829 549 dentifricio
848 491 884 550 ad
900 491 1030 550 colorem
1044 491 1159 568 reducit,

173 574 275 652 cepitis
297 572 428 632 animalia
444 581 473 630 ct
489 573 582 632 lendis
602 583 687 632 necat
708 591 771 632 cum
786 576 881 634 Samia
903 584 981 634 terre
997 575 1105 634 inlitum
1121 595 1160 638 ,ex

173 659 250 718 oleo.
289 656 405 716 auribus
430 657 588 735 purulentis
608 659 676 716 vino
708 657 843 736 liquatum
874 658 1046 736 infunditur,
1073 659 1160 720 sordis

172 742 301 802 eiusdem
320 742 411 819 partis
433 740 527 800 erodit
548 759 585 798 ex
605 750 708 816 aceto,
730 744 840 800 sonitus
864 749 893 802 et
918 743 1033 802 tinnitus
1054 743 1182 803 discutite

130 829 301 892 118siccum
319 823 451 884 additum.
483 824 641 900 vitiligines
661 824 742 884 albas
760 843 823 883 cum
842 835 921 884 creta
939 825 1059 886 Cimolia
1074 843 1162 904 aequo
1232 817 1233 824 ¹

172 910 301 989 pondere
318 916 458 968 exaucto
484 909 513 966 in
534 907 599 966 sole
620 908 728 967 inlitum
751 908 892 968 emendat.
928 910 1098 969 furunculos
1119 911 1163 969 ad·

170 996 287 1055 mixtum
314 993 429 1052 resinae
451 990 594 1066 extrahit,
613 1000 660 1050 aut
685 1010 748 1052 cum
773 1010 827 1052 uva
854 993 920 1052 alba
948 1011 1035 1072 passa
1059 994 1163 1052 nucleis

173 1081 234 1138 eius
249 1077 333 1136 simul
346 1075 430 1134 tritis.
454 1076 568 1134 testium
580 1074 790 1134 inflammationi
801 1079 943 1153 occurrit,
959 1079 1026 1136 item
1042 1079 1164 1154 eruptio·

170 1161 254 1238 nibus
270 1161 388 1238 pituitae
403 1160 432 1217 in
446 1167 508 1218 toto
525 1176 652 1236 corpore
669 1177 731 1218 cum
747 1162 888 1237 axungia,
913 1169 1073 1238 contraque
1089 1163 1164 1220 canis
1174 1181 1195 1220 ru

170 1262 285 1305 morsus
301 1241 395 1304 addita
415 1250 445 1301 et
464 1245 576 1316 resina,
599 1243 685 1302 initiis
714 1262 775 1302 cunr
797 1254 882 1304 aceto
904 1244 1041 1304 inlinitur.
1079 1247 1121 1304 sic
1142 1253 1168 1302 et

171 1327 347 1407 serpentium
368 1325 530 1402 morsibus,
557 1326 756 1404 phagedaenis
779 1337 808 1386 et
832 1327 980 1387 ulceribus
1010 1345 1097 1406 quae*
1111 1346 1167 1386 ser·

171 1421 240 1494 punt
260 1420 307 1472 aut
332 1419 502 1489 putrescunt
525 1429 589 1470 cnm
612 1411 694 1470 calce
723 1429 761 1470 ex
781 1420 884 1487 aceto,
914 1411 1086 1489 hydropicis
1108 1429 1169 1470 cum

129 1499 247 1564 119fico
263 1504 376 1555 tunsum
391 1493 475 1554 datur
495 1495 692 1571 inliniturque.
724 1495 840 1554 discutit
861 1505 890 1554 et
913 1497 1054 1571 tormina,
1077 1497 1100 1554 ri
1123 1496 1168 1554 de·

172 1589 287 1642 coctum
307 1578 422 1638 bibatur
442 1577 572 1657 pondere
590 1577 743 1638 drachmae
767 1597 831 1638 cum
852 1588 916 1638 ruta
940 1580 989 1638 vel
1011 1589 1100 1638 aneto
1123 1578 1197 1636 vela

172 1665 293 1728 cumino.
325 1663 420 1722 reiicit
438 1661 622 1722 lassitudines
640 1679 704 1721 cum
721 1662 789 1722 oleo
807 1673 836 1722 et
851 1671 936 1722 aceto
953 1673 1168 1741 perunctarum,

171 1758 200 1808 et
215 1755 316 1808 eontra
334 1746 454 1822 algores
478 1745 676 1823 horroresque
697 1747 818 1824 prodest
838 1747 968 1806 manibus
987 1747 1169 1826 pedibusque

171 1833 338 1894 confricatis
354 1848 417 1888 cum
433 1830 511 1889 oleo.
542 1831 693 1907 conprimit
707 1841 736 1890 et
751 1833 876 1908 pruritus
887 1830 1075 1890 subfusorum
1092 1830 1170 1903 ielle,

171 1933 301 1977 maxume
324 1929 387 1973 cum
408 1917 535 1972 acetoiu
560 1914 665 1972 sudore
690 1914 795 1974 datum.
832 1917 974 1974 succurrit
1000 1925 1030 1974 et
1052 1913 1170 1974 venenis
1233 1981 1234 1988 ἵ

170 2000 322 2076 fungorum
337 2015 480 2075 exposce
500 2007 596 2076 potum
620 2006 683 2074 aut,
705 2001 728 2056 si
745 1998 897 2075 buprestis
911 2007 1034 2077 exsputa
1057 2000 1112 2073 sit,
1133 2013 1200 2057 exau

129 2095 180 2148 120
192 2101 280 2160 aqua,
296 2082 529 2160 vomitionesque
546 2090 661 2147 evocat.
689 2080 733 2140 his
751 2083 798 2158 qui
813 2085 981 2158 sauguinem
996 2084 1073 2141 tauri
1092 2081 1170 2140 bibe·

170 2169 226 2226 rint
248 2184 311 2225 curn
328 2165 425 2224 lasere
443 2165 534 2224 datur.
564 2166 591 2222 in
614 2165 691 2224 faeie
707 2182 823 2242 quoque
839 2166 1077 2225 exulcerationes
1093 2171 1172 2223 sanat

172 2269 236 2309 cum
250 2249 383 2308 melleet
409 2249 485 2308 lacte
508 2247 625 2308 bubulo.
668 2249 805 2308 ambustis
829 2259 933 2308 tostum
954 2249 1054 2308 donec
1078 2251 1172 2324 nigre·
1232 2281 1234 2294 ·

172 2343 233 2394 seat
247 2334 401 2410 tritumque
413 2332 548 2392 inlinitur.
573 2331 729 2392 infunditur
740 2335 836 2392 urceis
849 2343 878 2392 et
892 2334 1002 2392 renium
1015 2333 1114 2391 dolori
1127 2338 1173 2389 aut

171 2419 261 2495 rigori
287 2433 440 2496 corporum
461 2433 655 2476 nervorumve
677 2416 835 2476 doloribus.
874 2417 1000 2495 paralysi
1021 2419 1052 2474 iu
1073 2416 1202 2491 linguan

129 2513 178 2567 121
192 2519 254 2560 cum
278 2518 353 2578 pane
373 2502 536 2578 inponitur,
559 2501 726 2576 suspiriosis
750 2502 777 2558 in
797 2502 888 2560 tisana
911 2501 1040 2560 sumitur.
1072 2500 1173 2558 tussim

171 2594 300 2644 veterem
323 2593 405 2643 sanat
426 2583 515 2657 ilore,
544 2585 633 2643 mixto
656 2583 782 2660 galbano
808 2585 923 2642 resinae
945 2583 1172 2654 terebinthinae,

170 2669 235 2748 pari
250 2668 379 2746 pondere
395 2669 533 2742 omnium,
547 2669 586 2726 ita
602 2677 632 2726 ut
647 2668 732 2726 labae
748 2667 911 2744 magnitudo
927 2667 1098 2726 devoretur.
1126 2683 1173 2724 co·

171 2754 265 2830 quitur
281 2752 454 2829 dilutumque
469 2761 573 2828 postea
589 2770 652 2810 cum
668 2753 733 2830 pice
752 2751 857 2828 liquida
879 2750 1055 2810 sorbendum
1080 2753 1109 2807 in
1126 2768 1173 2808 au·

170 2837 238 2914 gina
253 2835 344 2894 datur.
373 2835 428 2894 llos
446 2837 508 2894 eius
525 2853 587 2894 cum
603 2835 669 2898 oleo
686 2852 796 2912 cypreo
817 2835 1002 2894 articulorum
1017 2833 1203 2892 detortunsu

170 2923 198 2978 in
220 2919 283 2977 sole
305 2919 444 2978 iucundus
467 2927 520 2976 est.
558 2921 670 2994 regium
693 2937 808 2996 quoque
832 2917 960 2977 morbum
982 2925 1124 2976 extenuat
1147 2917 1173 2972 iu

171 3004 290 3080 potione
308 3003 382 3076 vini,
407 3011 436 3060 et
457 3003 617 3062 inflationes
643 3002 774 3076 discutit,
797 2989 945 3078 sanguinis
962 3000 1174 3078 profluviume

100 3133 103 3137 ι
129 3097 180 3152 122
193 3085 308 3146 naribus
326 3086 400 3144 sistit
416 3104 453 3144 ex
470 3086 593 3145 ferventi
609 3103 683 3164 aqua
699 3103 809 3162 vapore
821 3085 936 3144 naribus
951 3092 1047 3162 rapto.
1079 3083 1173 3160 porri-

171 3172 266 3246 ginem
279 3168 401 3228 alumine
415 3172 558 3246 permixto
569 3170 656 3244 tollit,
673 3169 781 3228 alarum
793 3171 871 3228 virus
883 3187 920 3226 ex
932 3185 1005 3246 aqua
1020 3165 1172 3226 cotidiano

170 3254 249 3327 fotu,
278 3251 376 3311 ulcera
397 3271 435 3310 ex
455 3255 555 3330 pituita
583 3261 649 3312 nata
671 3271 737 3312 cera
759 3253 946 3330 permixtum,
974 3266 1030 3328 quo
1058 3261 1203 3326 generosa

170 3337 267 3394 nervis
284 3353 398 3413 quoque
419 3335 557 3413 prodest,
581 3335 718 3412 coeliacis
740 3336 914 3399 infunditur„
940 3335 1085 3412 perungui
1105 3341 1172 3392 ante

145 3481 147 3486 ,
171 3419 359 3477 accessiones
377 3419 497 3494 frigidas
512 3420 588 3478 nitro
600 3429 630 3478 et
646 3419 713 3478 oleo
725 3419 804 3478 multi
820 3435 1014 3497 praecepere,
1030 3417 1113 3476 sicut
1125 3415 1173 3474 ad·

171 3517 273 3560 versus
294 3501 408 3578 lepras,
436 3501 619 3578 lentigines,
638 3502 807 3580 podagricis
830 3504 858 3560 in
880 3501 1001 3561 balineis
1020 3501 1063 3558 uti
1094 3499 1173 3560 solio
