2406 3914
285 239 366 285 unu.
382 237 474 284 urar.
491 236 563 284 xxr.
579 234 699 286 no-nu.
719 224 872 302 (at—93.)
1018 223 1077 284 261

80 401 106 452 et
125 409 274 452 verrucas.
310 390 518 451 coxendicibus
542 391 689 469 inponitur
709 408 773 450 cum
796 391 880 466 vino,
907 391 1081 452 articulariis

79 473 179 535 morbis
195 485 224 534 et
240 474 347 534 luxatis
362 476 457 534 tritum
472 493 507 534 ac
523 474 607 534 lanae
624 476 786 552 inspersum
798 492 836 534 ex
848 474 927 551 oleo,
941 474 1080 537 ambustis

79 577 136 620 cum
156 559 243 638 adipe
265 557 362 622 suillo.
393 557 461 619 daut
483 567 512 618 et
533 559 682 636 potionem
704 557 876 618 articulariis
895 559 978 618 novis
996 562 1081 619 trium

6 649 8 688 ἓ
78 641 224 704 obolorum
243 643 376 721 pondere
396 643 425 701 in
440 642 530 702 tribus
546 645 620 702 aceti
635 651 665 702 et
679 640 789 718 mellis,
813 650 842 701 et
857 643 885 702 im
899 642 1015 702 fastidio
1032 644 1081 703 tri·

58 735 128 788 utum
143 744 208 786 cum
223 725 298 786 sale.

132 810 218 890 (90.)
239 809 462 870 llemerocalles
490 809 659 888 pallidume
686 808 770 869 viridi
797 818 826 868 et
851 809 939 869 molle
962 810 1126 876 lolium158

77 893 167 974 habet,
182 894 285 955 radice
297 894 428 969 odorata,
445 911 519 972 quae
532 893 656 953 bulbosa
674 911 738 952 cum
749 892 836 953 melle
848 893 973 974 inposita
988 898 1082 955 ventri

77 995 159 1056 aquas
188 977 275 1056 pellit
302 987 332 1038 et
351 979 519 1054 sanguinem
545 979 630 1037 etiam
651 977 788 1037 inutilem.
827 977 899 1037 lolia
929 979 1081 1056 epiphoris

80 1061 226 1122 oculorum
241 1079 482 1140 mammarumque
496 1070 564 1139 post
578 1069 690 1139 partum
706 1059 856 1120 doloribus
875 1060 1039 1122 inlinuntur.

50 1159 70 1200 rt
132 1145 220 1225 (91.)
240 1144 391 1205 Helemium
416 1145 452 1204 ab
474 1143 603 1220 Helena,
623 1154 654 1204 nt
676 1143 815 1221 diximus,
843 1153 938 1205 matum
958 1145 1124 1211 lavere159

77 1229 200 1290 creditur
220 1230 350 1305 iormae,
372 1239 466 1289 cutem
490 1229 640 1289 mulierum
666 1228 695 1288 iu
718 1228 794 1289 facie
814 1229 987 1308 reliquoque
1015 1231 1114 1290 cor-⁵⁹

76 1331 142 1392 pure
163 1315 276 1374 nutrire
290 1315 496 1392 incorruptam.
534 1321 690 1392 praeterea
712 1321 812 1390 putant
834 1331 887 1372 usn
909 1315 971 1373 eius
994 1332 1082 1392 quan·
1138 1353 1139 1357 =

76 1397 133 1456 dam
160 1399 202 1457 ita
223 1399 345 1474 gratiam
361 1398 396 1456 iis
412 1415 609 1476 veneremque
629 1396 788 1456 conciliari.
822 1397 978 1457 attribuunt
994 1407 1023 1456 et
1040 1398 1081 1458 hi·

75 1479 196 1541 latitatis
211 1481 349 1541 effectum
365 1480 459 1541 eidem
480 1491 567 1559 potae
589 1482 617 1540 in
632 1481 699 1539 vino
725 1497 848 1559 eumque
866 1498 951 1558 quem
974 1480 1081 1541 habue-

49 1588 68 1628 u.
75 1566 107 1623 rit
118 1566 286 1644 nepenthes
302 1565 372 1625 illud
388 1565 584 1643 praedicatum
600 1563 636 1625 ab
651 1562 794 1640 Homero,
818 1580 875 1641 quo
890 1564 1004 1624 tristitia
1023 1581 1082 1624 om·

7 1689 8 1700 .
75 1651 112 1708 uis
136 1648 321 1709 aboleretur.
354 1658 400 1708 est
416 1657 510 1710 autem
538 1651 600 1708 suci
629 1647 804 1726 praedulcis.
837 1647 958 1726 prodest
987 1657 1016 1708 et
1036 1667 1081 1708 or·

75 1731 237 1812 thopnoicis
253 1732 336 1793 radix
354 1733 418 1792 eins
445 1734 473 1791 in
491 1751 565 1811 aqua
593 1733 695 1792 ieiunis
713 1741 790 1811 pota.
825 1741 870 1791 est
896 1741 991 1792 autem
1016 1751 1081 1794 cam·

75 1816 133 1877 dida
160 1817 240 1877 intus
256 1825 286 1876 et
304 1816 407 1877 dulcis.
438 1815 545 1876 bibitur
567 1825 596 1876 et
618 1825 718 1876 contra
741 1817 918 1895 serpentium
944 1817 1018 1877 ictus
1043 1835 1082 1876 ex

74 1902 144 1960 rino
182 1902 273 1961 muris
289 1918 406 1980 quoqne
424 1903 545 1960 contrita
561 1899 664 1960 dicitur
678 1917 796 1960 necare.

5 2032 10 2041 .
49 1999 70 2043 n
133 1984 222 2065 (92.)
247 1984 444 2044 habrotonum
461 1983 580 2044 duorum
596 1984 716 2044 traditur
731 2001 881 2060 generum,
903 1995 1066 2063 campestre
1075 1993 1126 2050 160

4 2070 12 2113 ἵ
75 2085 105 2128 ac
122 2078 299 2129 montanum.
331 2069 389 2129 hoc
414 2068 566 2145 feminum,
589 2067 661 2128 illud
686 2084 793 2127 marem
819 2067 950 2146 intellegi
971 2069 1081 2130 volunt.

8 2134 13 2229 ἶ
75 2152 231 2212 amaritudo
249 2152 373 2213 absinthi
388 2154 416 2211 im
437 2161 572 2230 utroque.
608 2152 736 2212 Siculum
752 2151 994 2228 laudatissimum,
1016 2153 1083 2213 dein

6 2232 13 2305 ξ
76 2233 243 2298 Galaticum.
278 2253 347 2297 usus
369 2245 399 2296 et
415 2236 512 2312 foliis,
536 2236 587 2296 sed
606 2237 698 2295 maior
717 2237 819 2295 semini
834 2236 870 2296 ad
886 2237 1082 2314 excalfacien-

75 2317 151 2396 dum,
174 2319 245 2380 ideo
270 2321 367 2380 nervis
388 2320 476 2396 utile,
498 2321 588 2395 tussi,
612 2319 831 2398 orthopnoeae,
853 2320 1013 2396 convolsis,
1036 2341 1082 2380 rn-

46 2405 145 2482 uptis,
169 2402 292 2483 lumbis,
312 2404 412 2466 urinae
433 2405 583 2481 angustiis.
607 2404 689 2464 datur
705 2403 860 2464 bibendum
884 2403 1063 2464 manualibus
1074 2411 1125 2470 161

74 2487 224 2548 fasciculis
239 2487 372 2552 decoctis
388 2488 424 2548 ad
439 2489 540 2548 tertias
556 2490 655 2566 partis.
691 2506 728 2548 ex
745 2488 789 2548 his
806 2488 953 2566 quaternis
970 2489 1082 2562 cyathis

74 2569 189 2633 bibitur.
229 2572 312 2633 datur
332 2581 361 2631 et
382 2589 483 2632 semen
504 2581 616 2631 tunsum
636 2573 664 2632 im
680 2589 754 2651 aqua
770 2571 924 2632 drachmae
940 2572 1082 2648 pondere.

76 2657 195 2734 prodest
211 2665 243 2716 et
259 2656 376 2717 volvae.
406 2658 563 2733 concoquit
580 2673 671 2734 panos
686 2674 750 2716 cnm
765 2655 857 2716 farina
872 2653 1039 2715 hordeacea
1055 2664 1084 2716 et

76 2741 226 2801 oculorum
240 2739 508 2800 inflammationibus
525 2738 651 2801 inlinitur
665 2749 790 2801 cotoneo
806 2739 882 2798 malo
896 2748 992 2798 coctu.
1020 2757 1082 2798 ser-

47 2826 169 2902 sopentis
190 2825 284 2902 fugat.
324 2834 424 2884 contra
445 2825 519 2884 ictus
547 2842 644 2885 earum
665 2822 772 2883 bibitur
795 2840 858 2882 cum
882 2823 950 2883 vino
973 2822 1126 2888 inlini-162

75 2915 194 2988 tueque,
220 2907 454 2968 efficacissimum
477 2917 577 2970 contra
599 2926 634 2968 ea
658 2924 777 2986 qnorum
799 2924 913 2967 venemo
939 2916 1083 2968 tremores

76 3001 102 3051 et
117 2992 213 3069 frigus
229 2991 380 3068 accidunt,
403 3001 436 3052 ut
449 2993 635 3070 scorpionum
658 3001 687 3050 et
706 2990 942 3069 phalangiorum,
967 3001 997 3054 et
1015 3010 1083 3052 con·

75 3083 114 3135 tra
129 3095 247 3136 venena
264 3076 320 3136 alia
337 3085 406 3155 pota
427 3076 550 3155 prodest
565 3085 594 3136 et
620 3093 738 3155 quoquo
763 3077 850 3135 modo
869 3074 1033 3152 algentibus
1055 3085 1084 3136 et

76 3159 108 3219 ad
124 3159 307 3220 extrahenda
325 3178 360 3220 ea
376 3177 449 3238 qnae
470 3160 639 3220 inhaereant
662 3159 845 3237 corporibus.
878 3159 961 3237 pellit
989 3168 1019 3219 et
1042 3160 1082 3218 in·

46 3251 261 3305 auteraueorum
286 3245 371 3304 mala.
408 3253 487 3304 ramo
511 3247 592 3320 eius,
615 3247 638 3303 si
661 3243 818 3304 subiciatur
835 3243 972 3321 pulvino,
995 3260 1083 3303 vene·

76 3346 134 3388 rem
162 3328 302 3388 stimulari
329 3329 420 3403 aiunt,
445 3327 734 3406 efficacissimamque
754 3345 822 3387 esse
837 3326 957 3387 herbam
984 3335 1083 3386 contra

78 3413 170 3474 onmia
188 3413 332 3473 veneficia
348 3412 450 3491 quibus
467 3413 559 3472 coitus
575 3411 747 3472 inhibeatur.

138 3495 189 3557 22.
219 3495 304 3578 (93.)
332 3495 573 3558 Leucamtbemnm
598 3497 767 3575 suspiriosis
794 3495 926 3556 medetur
954 3492 1063 3556 duabus
1076 3500 1127 3556 163
