2458 3906
149 211 210 278 188
494 226 524 278 c.
541 227 637 275 parur
655 225 806 275 saeuum

148 383 226 463 quod
245 380 349 443 Graeci
366 382 556 461 sympathiam
573 391 603 442 et
618 379 802 459 antipathiam
817 379 1026 459 appellavere,
1050 379 1175 459 quibus

148 477 252 528 cuncta
271 475 419 543 constant,
441 467 517 544 ignis
533 467 615 546 aquis
630 463 893 542 restinguentibus,
910 481 1000 542 aquas
1017 463 1088 524 sole
1109 465 1171 526 de·

147 560 285 627 rorante,
310 551 377 612 luna
394 551 542 630 pariente,
565 551 658 610 altero
673 548 794 610 alterius
815 548 915 610 iniuria
936 547 1098 609 deficiente
1125 549 1169 608 si·

18 700 21 705 ,
104 636 229 699 adera.
274 644 380 715 atque,
400 644 431 694 ut
451 653 467 695 a
488 634 703 694 sublimioribus
720 633 909 710 recedamus,
932 633 1042 693 ferrum
1063 633 1106 694 ad
1129 651 1169 694 se

145 720 278 782 trahente
296 728 430 797 magnete
447 719 544 798 lapide
560 728 590 779 et
605 718 663 779 alio
675 735 774 778 rursus
789 717 925 795 abigente
941 734 958 778 a
974 735 1062 792 sese,
1086 717 1196 778 ada-s

147 813 241 864 manta
255 821 342 884 opum
355 804 507 882 gaudium,
524 803 688 881 infragilem
705 803 780 862 omui
800 811 899 863 cetera
914 803 942 862 vi
958 811 987 862 et
1002 801 1166 876 invictum,

148 890 288 967 sanguiue
304 887 416 948 hircino
431 897 599 966 rumpente,
623 904 758 966 quaeque
780 887 837 947 alia
855 888 883 946 in
899 886 958 946 suis
974 886 1050 947 locis
1074 886 1166 947 dice·

147 991 210 1034 mus
226 975 307 1052 paria
322 971 371 1034 rel
385 972 494 1033 maiora
511 973 622 1033 miratu.
646 980 753 1032 tantum
771 972 853 1032 venia
870 972 938 1031 sita
954 970 1090 1032 miuomis
1105 969 1167 1030 sed

148 1076 164 1118 a
180 1057 354 1118 salutaribus
369 1056 492 1118 ordienti
503 1057 683 1136 primumque
696 1055 733 1116 ab
750 1055 916 1116 hortensiis.

104 1151 202 1206 anna
233 1141 304 1219 (lap.
324 1140 433 1223 1.(2.)
456 1139 605 1202 Gucumim
619 1141 785 1201 silvestrem
803 1156 871 1200 esse
897 1139 1035 1214 diximus,
1060 1139 1165 1200 multo
1177 1157 1206 1199 uo

147 1225 220 1286 inira
234 1225 459 1304 magnitudinem
475 1227 568 1288 sativi.
599 1243 638 1286 ex
653 1241 688 1286 eo
706 1225 737 1285 lit
751 1225 989 1286 medicamentum
1005 1223 1087 1301 quod
1103 1239 1164 1286 vo·

148 1318 230 1372 catur
245 1309 396 1372 elaterium
411 1327 484 1371 suco
500 1326 645 1390 expresso
661 1310 779 1386 semini,
804 1311 884 1370 cuius
904 1325 993 1370 causa
1013 1309 1071 1370 nisi
1096 1327 1164 1370 ma-

147 1396 239 1456 turius
254 1393 405 1471 incidatur,
421 1413 522 1455 semen
537 1394 635 1456 exsilit
648 1394 800 1456 oculorum
815 1396 900 1455 etiam
914 1393 1059 1472 periculo.
1093 1411 1163 1454 ser·

146 1487 231 1540 vatur
248 1487 343 1540 antem
358 1479 515 1560 decerptus
531 1497 587 1541 una
598 1489 696 1556 noete,
710 1488 831 1559 postero
843 1478 890 1541 die
901 1477 1033 1540 inciditur
1047 1477 1162 1538 harun-

147 1564 223 1626 dine.
262 1581 362 1624 semen
382 1580 501 1645 quoque
525 1566 624 1625 cinere
647 1563 780 1624 conditur
807 1562 842 1624 ad
867 1562 1062 1625 coercendum
1091 1563 1200 1623 ancira

148 1649 364 1726 abundantiam,
394 1650 443 1728 qui
465 1666 625 1727 expressas
647 1649 804 1728 suscipitur
823 1665 898 1727 aqua
920 1646 1043 1708 caelesti
1063 1655 1164 1726 atque

149 1731 287 1809 subsidit,
307 1733 414 1795 deinde
436 1733 502 1794 sole
525 1734 640 1811 cogitur
659 1734 688 1793 in
710 1732 843 1812 pastillos
857 1731 894 1794 ad
907 1748 1028 1809 magnos
1045 1740 1163 1791 morta·

149 1816 217 1878 lium
241 1834 327 1893 osus,
354 1817 548 1878 obscuritates
564 1826 594 1879 et
608 1818 678 1878 vitia
692 1817 859 1893 oculorum,
881 1831 1020 1895 genarum
1038 1814 1162 1876 ulcera.

105 1909 123 1964 ι
148 1899 276 1962 'l'radunt
290 1900 348 1961 hoc
368 1917 440 1962 suco
458 1902 542 1962 tactis
557 1900 702 1962 radicibus
719 1901 817 1961 vitium
835 1917 892 1960 non
907 1901 1007 1978 attingi
1022 1917 1099 1960 uras
1120 1899 1162 1959 ab

149 1983 260 2045 aribus.
297 1984 381 2045 radix
400 1994 493 2046 autem
510 2004 547 2045 ex
563 1994 648 2046 aceto
669 1993 754 2047 cocta
769 1985 909 2064 podagris
925 1984 1052 2045 inlinitur
1067 1997 1199 2045 suco-²⁰

150 2086 207 2149 que
223 2067 348 2128 dentium
364 2069 459 2130 dolori
480 2070 628 2145 medetur,
652 2070 731 2131 arida
751 2087 815 2129 cunr
836 2071 932 2130 resina
950 2069 1163 2149 impetiginem

149 2161 179 2212 et
200 2150 327 2212 scabiem
349 2170 483 2233 quaeque
504 2170 622 2233 psoram
643 2162 673 2212 et
697 2153 827 2214 lichenas
845 2161 968 2229 vocant,
990 2152 1162 2233 parotidas,

148 2253 241 2316 panos
256 2244 338 2297 sanat
352 2246 383 2298 et
398 2236 580 2300 cicatricibus
598 2237 728 2298 colorem
745 2238 851 2315 reddit,
867 2247 897 2298 et
912 2237 1048 2299 loliorum
1065 2254 1162 2297 sucus

148 2319 265 2384 auribus
281 2321 374 2382 surdis
385 2340 456 2382 ‚cum
471 2330 557 2383 aceto
573 2321 736 2382 instillatur.
787 2377 790 2382 ,

105 2417 123 2470 t
215 2404 278 2485 (3.)
307 2403 438 2466 Elaterio
460 2407 652 2487 tempestivos
674 2413 720 2466 est
744 2417 895 2482 autumno,
923 2425 979 2466 nec
1000 2405 1093 2467 ullum
1120 2418 1198 2468 exta

147 2490 363 2550 medicamentis
378 2489 512 2568 longiore
526 2506 601 2552 aevo
617 2490 710 2550 durat.
743 2491 843 2570 incipit
857 2509 873 2552 a
888 2491 1011 2551 trimatu.
1045 2491 1072 2550 si
1089 2493 1162 2570 quis

148 2573 315 2637 recentiore
342 2575 383 2635 uti
407 2574 495 2652 velit,
521 2574 656 2656 pastillos
682 2575 710 2634 in
735 2591 812 2636 noro
837 2575 918 2636 hctili
939 2576 1000 2653 igni
1020 2574 1106 2635 lento
1131 2577 1162 2636 in

149 2667 234 2720 aceto
251 2658 356 2719 domet.
390 2659 493 2720 melius
511 2676 569 2738 quo
584 2659 738 2736 vetustius,
756 2659 867 2738 luitque
883 2660 937 2720 iam
952 2659 1088 2720 dueeutis
1107 2677 1160 2720 an·

148 2744 192 2803 nis
208 2751 368 2818 servatum,
385 2752 415 2803 ut
431 2752 593 2804 auctorest
608 2742 845 2826 Theophrastus,
863 2753 893 2805 et
907 2761 1000 2822 usqae
1016 2744 1053 2804 ad
1070 2745 1159 2823 quin·

150 2828 349 2906 quagesimum
360 2827 542 2889 lucernarum
556 2827 661 2889 lumina
677 2829 843 2907 exstinguit.
866 2828 925 2889 hoc
936 2830 1011 2888 enim
1021 2830 1087 2888 veri
1102 2847 1157 2891 ex·
1168 2840 1195 2882 ιι

148 2912 339 2990 perimentum
356 2921 416 2990 est,
439 2914 464 2972 si
480 2912 624 2974 admotum
649 2914 728 2991 prius
748 2931 831 2991 quam
853 2914 1020 2991 exstinguat
1040 2913 1158 2974 scintil-

105 3001 123 3058 d
147 2994 209 3055 lare
226 3013 339 3056 sursum
361 3013 395 3057 ac
419 2996 555 3058 deorsum
576 3006 672 3075 cogat.
709 2997 846 3078 pallidum
867 3016 902 3058 ao
917 2997 985 3058 leve
1000 2996 1158 3059 herbaceo

147 3097 183 3141 ac
198 3079 304 3141 scabro
323 3081 425 3142 melius
448 3099 483 3143 ac
505 3081 610 3142 leniter
631 3099 766 3142 amarum.
801 3091 902 3163 putant
922 3090 1085 3162 conceptus
1105 3083 1158 3144 ad·

146 3165 238 3226 iuvari
254 3165 411 3245 adalligato
425 3167 547 3242 semine,
561 3167 586 3227 si
599 3173 707 3226 terram
721 3184 779 3227 uon
794 3168 931 3245 attigerit,
950 3175 1052 3248 partus
1067 3186 1157 3247 vero,

147 3249 173 3309 si
187 3250 215 3309 in
230 3252 328 3310 arietis
344 3251 408 3312 lana
423 3246 580 3328 adligatum
594 3251 742 3312 inscientis
756 3251 860 3313 lumbis
873 3253 970 3329 luerit,
987 3253 1026 3312 ita
1039 3261 1071 3313 ut
1081 3257 1189 3332 pro-³⁶

105 3340 121 3398 t
148 3334 223 3394 tinus
248 3335 284 3395 ab
308 3336 393 3396 enixu
413 3336 541 3414 rapiatur
562 3343 644 3395 extra
665 3335 788 3397 domum.
827 3335 924 3415 lpsura
945 3339 1088 3398 cucumim
1106 3339 1157 3417 qui

146 3418 329 3495 magnificant
343 3420 424 3478 nasci
438 3420 626 3498 praecipuum
641 3419 668 3480 iu
683 3419 802 3494 Arabia,
817 3437 886 3482 mox
900 3423 928 3480 in
939 3420 1078 3497 Arcadia,
1097 3419 1156 3498 Gy·

146 3504 225 3562 renis
240 3502 288 3564 alii
303 3501 417 3564 tradunt
431 3504 553 3564 similem
564 3503 741 3584 heliotropio
754 3506 835 3567 cuius
845 3506 920 3568 inter
931 3505 1003 3566 lolia
1015 3515 1045 3566 et
1055 3523 1157 3567 ramos
