2396 3900
137 285 197 346 116
490 293 519 341 o.
538 293 634 340 nonus
649 292 800 342 sncnunr

134 462 245 514 mantur
262 459 292 510 et
306 448 471 528 grandiora.
502 459 607 528 tepore
628 451 657 508 in
670 448 741 508 lolia
757 457 873 510 exeunt.
906 448 1002 510 Palma
1018 449 1046 508 in
1066 448 1141 509 Nur·

136 541 199 598 sino
216 553 287 613 agro
305 533 502 595 nascentibus.
528 535 637 616 taxatio
653 535 682 593 in
697 533 786 594 libras
799 535 927 594 sestertii
944 533 1050 611 singuli
1066 543 1096 594 et
1111 536 1142 593 in

135 623 255 702 penuria
272 620 349 693 bini,
372 635 511 698 proxuma
527 619 556 676 in
573 617 681 696 Algido
698 619 782 678 natis.

94 717 146 774 131
221 705 303 784 (35.)
320 701 395 781 Napi
409 719 481 762 vero
496 701 676 779 Amiternini,
693 720 816 781 quornm
831 704 933 764 eadem
947 704 1011 764 lere
1027 713 1141 779 natura,

135 789 262 869 gaudent
285 805 378 866 aeque
402 787 525 864 frigidis.
560 797 693 848 seruntur
709 797 738 847 et
754 798 820 847 ante
845 788 984 848 kalendas
1009 786 1166 864 blartias‚s

135 879 165 934 in
178 876 280 951 iugero
295 873 413 932 sextarii
427 881 571 949 quattuor.
596 872 797 950 diligentiores
814 875 912 952 quinto
930 873 1013 934 solco
1033 890 1143 951 napum

92 1023 95 1030 ,
136 961 196 1019 seri
213 957 328 1033 iubent,
357 974 428 1034 rapa
449 965 569 1035 quarto,
598 965 748 1036 utrumque
769 965 950 1033 stercorato,
983 974 1055 1035 rapa
1081 957 1141 1018 lae-

136 1045 212 1104 tiora
234 1042 312 1118 lieri,
336 1043 360 1100 si
384 1060 448 1100 cum
471 1040 557 1119 palea
578 1042 763 1102 seminentur.
796 1061 898 1102 serere
920 1041 1025 1102 nudum
1039 1041 1143 1101 volunt

94 1135 325 1207 imprecantem
346 1125 401 1185 sibi
423 1134 452 1185 et
466 1126 570 1185 vicinis
590 1145 692 1186 serere
717 1144 760 1186 se.
796 1127 881 1186 Satns
896 1128 1010 1204 utrique
1036 1126 1143 1204 generi

136 1214 228 1272 iustos
255 1213 330 1271 inter
353 1209 474 1273 duorum
499 1211 642 1271 numinum
660 1211 723 1271 dies
750 1211 861 1287 festos,
896 1208 1023 1289 Neptuni
1048 1219 1141 1290 utque
1153 1227 1177 1268 ro

136 1297 269 1357 Volcani.
300 1295 453 1374 feruntque
482 1294 579 1356 subtili
602 1296 827 1372 observatione,
852 1305 939 1374 quota
963 1295 1029 1355 luna
1055 1313 1141 1374 prae·

137 1380 260 1440 cedente
281 1380 375 1440 bieme
399 1381 448 1438 nix
469 1380 560 1458 prima
580 1381 738 1456 ceciderit,
761 1382 787 1441 si
801 1381 922 1442 totidem
940 1379 1075 1440 luminum
1094 1380 1143 1440 die

136 1468 209 1526 intra
224 1463 402 1545 praedictum
417 1465 558 1542 temporis
573 1466 697 1543 spatium
711 1474 860 1541 serantur,
884 1465 955 1524 mire
973 1465 1144 1544 provenire.

136 1559 270 1611 seruntur
288 1557 317 1609 et
328 1567 401 1608 vere
417 1549 445 1606 in
461 1549 563 1609 calidis
579 1558 666 1628 atque
681 1550 793 1609 umidis.

95 1644 147 1699 133
222 1636 270 1696 14.
294 1633 377 1714 (36.)
397 1632 509 1711 Lupino
523 1651 592 1692 usos
610 1644 784 1713 proxumus,
808 1634 923 1693 comsit
941 1632 1093 1694 ethomini
1113 1641 1177 1693 etro

137 1719 344 1798 quadripedum
370 1718 472 1796 generi
497 1717 620 1795 ungulas
645 1717 762 1779 babenti
784 1719 950 1778 communis.
983 1716 1144 1777 remedium

137 1805 200 1863 eius
217 1821 254 1862 ne
269 1803 403 1862 metentis
418 1801 510 1878 fugiat
524 1803 705 1878 exsiliend03
729 1812 758 1862 ot
774 1803 811 1863 ab
828 1801 919 1863 imbre
935 1802 1063 1863 tollatur.
1086 1819 1144 1860 nec

137 1887 223 1948 ullius
251 1905 326 1964 quae
355 1895 470 1946 seratur
500 1895 600 1946 natura
626 1887 752 1948 adsensu
778 1895 874 1947 terrae
900 1886 1062 1947 mirabilior
1087 1895 1142 1948 est.

138 1973 258 2050 primum
285 1971 409 2029 omniurn
435 1970 543 2030 cotidie
571 1989 635 2030 curn
662 1971 726 2031 sole
756 1973 961 2050 circumagitur
980 1970 1143 2049 borseque

138 2053 276 2132 agricolis
292 2055 377 2113 etiam
398 2052 497 2113 nubilo
516 2054 704 2116 demonstrat.
734 2065 780 2116 ter
799 2064 953 2135 practerea
968 2055 1066 2131 floret,
1083 2064 1177 2114 ter-as

138 2157 198 2200 ram
226 2147 300 2199 amat
316 2147 452 2219 terraque
470 2141 579 2218 operiri
606 2139 762 2200 non-volt.
803 2150 832 2200 et
849 2159 934 2201 unum
951 2140 1019 2201 hoc·
1036 2141 1144 2199 seritur

98 2233 149 2288 134
160 2240 217 2282 non
240 2233 331 2285 arato.
365 2225 477 2303 quaerit
497 2243 629 2285 maxume
648 2225 784 2286 sabulosa
801 2234 830 2284 et
847 2226 926 2286 sicca
948 2234 1036 2303 atque
1057 2223 1144 2283 etiam

138 2310 292 2384 harenosa,
308 2309 366 2370 coli
384 2311 482 2389 utique
500 2326 557 2369 non
573 2310 643 2369 volt.
668 2310 804 2370 tellurem
817 2309 891 2370 adeo
907 2318 981 2370 amat
994 2317 1027 2368 ut
1045 2323 1143 2388 quam-

138 2395 182 2453 vis
197 2393 360 2455 frutectoso
383 2394 449 2454 solo
466 2395 610 2454 coiectum
627 2395 700 2454 inter
720 2394 791 2455 lolia
808 2395 967 2473 veprisqne
984 2392 1020 2454 ad
1036 2401 1144 2452 terram

139 2487 233 2538 tamen
259 2480 359 2540 radice
391 2479 552 2558 perveniat.
596 2480 792 2556 pinguescere
821 2480 878 2538 boc
913 2487 977 2538 satu
1004 2495 1075 2537 arva
1102 2477 1179 2535 vias

97 2581 156 2624 nar
170 2581 300 2643 neasqne
317 2565 449 2624 diximus.
482 2565 579 2640 itaque
595 2563 669 2623 adeo
684 2581 742 2623 non
758 2571 827 2640 eget
843 2563 908 2622 limo
924 2571 955 2621 nt
972 2563 1083 2641 optumi
1102 2562 1142 2620 vi-

141 2664 204 2706 cem
221 2657 441 2725 repraesentet,
465 2647 593 2724 nihilque
609 2647 686 2707 aliud
701 2648 781 2708 nullo
798 2647 934 2726 inpendio
958 2655 1090 2721 constat,
1114 2654 1143 2703 ut

98 2739 148 2792 135
162 2729 239 2808 quod
253 2748 290 2790 ne
311 2732 428 2793 serendi
444 2730 559 2809 quidem
585 2734 677 2808 gratia
694 2750 768 2811 opus
789 2734 827 2792 sit
846 2731 973 2793 adferre.
1011 2731 1142 2810 protinus

140 2815 245 2872 seritur
273 2832 311 2873 ex
334 2832 421 2892 arvo,
453 2832 488 2874 ac
512 2833 548 2874 ne
577 2817 676 2894 spargi
703 2816 819 2895 quidem
847 2815 976 2895 postulat
1002 2813 1141 2876 decidens

141 2906 255 2976 sponte.
292 2900 470 2978 primumque
498 2900 622 2959 omnium
649 2901 770 2977 seritur,
805 2901 991 2961 novissimum
1020 2899 1179 2972 tollitunac

140 2992 290 3060 utrumqne
316 2984 483 3062 Septembri
507 2983 570 3044 iere
594 3002 710 3060 mense,
741 2987 824 3063 qnia,
848 2987 872 3045 si
899 3002 958 3044 non
984 2983 1141 3044 antecessit

139 3067 278 3142 hiemem,
306 3067 465 3144 frigoribus
488 3068 644 3128 obnoxium
665 3078 718 3128 est.
748 3069 855 3148 inpune
876 3078 1033 3148 praeterea
1056 3071 1139 3141 iacet,

141 3152 189 3212 vel
205 3151 375 3212 derelictum
390 3153 490 3227 etiarn,
514 3154 538 3212 si
553 3169 611 3211 non
627 3154 756 3230 protinus
772 3155 863 3213 secuti
885 3153 1010 3214 obruant
1025 3152 1138 3225 imbres,

140 3237 175 3298 ab
193 3235 323 3296 omnibus
339 3235 506 3296 animalibus
520 3237 706 3297 amaritudine
722 3257 772 3300 sua
787 3246 892 3316 tutum,
914 3238 1087 3318 plerumque
1101 3245 1139 3296 tu·

139 3340 206 3381 men
221 3322 279 3381 levi
295 3321 379 3382 solco
390 3323 529 3398 integunt.
558 3339 596 3381 er
606 3321 743 3381 densiore
758 3331 835 3382 terra
853 3322 998 3383 rubricam
1011 3337 1139 3383 maxume
1151 3339 1179 3381 35

140 3415 224 3465 amat.
256 3406 292 3466 ad
312 3406 386 3466 banc
403 3406 535 3466 alendam
556 3415 623 3484 post
639 3408 753 3466 tertium
775 3406 876 3467 dorem
891 3408 968 3468 verti
990 3407 1094 3482 debet,
1114 3406 1140 3463 in

83 3531 86 3537 -
141 3489 244 3549 sabulo
260 3500 329 3568 post
350 3491 517 3550 secundum.
550 3500 666 3551 cretosa
682 3500 788 3552 tantum
805 3493 967 3570 limosaque
983 3493 1045 3552 odit
1064 3500 1092 3551 et
1113 3491 1140 3548 in

100 3582 150 3638 136
163 3573 207 3632 his
222 3590 280 3632 non
295 3575 437 3652 provenit.
467 3573 643 3634 disperatum
660 3576 751 3637 calida
766 3595 839 3654 aqua
860 3576 968 3637 homini
984 3595 1099 3656 quoqne
1114 3574 1141 3632 ln
