2504 3930
133 204 137 214 ’
192 223 253 285 224
544 237 573 283 c.
589 237 683 286 ratur
699 235 847 286 oncuumr

192 407 309 470 corpus,
327 397 436 450 crustas
456 389 612 448 obducere.
648 390 747 450 eadem
761 393 949 468 pityocampis
969 391 997 448 in
1018 395 1103 468 picea
1122 409 1166 450 nu·

193 474 350 548 scentibus,
366 473 465 532 cadem
481 473 623 550 bupresti,
639 474 827 551 similiterque
837 482 1052 551 praeparantur.
1075 475 1167 534 silica·

194 559 324 617 cissimae
340 575 438 615 omnes
459 557 493 615 ad
510 557 588 616 feras
602 556 746 631 lichenas,
767 557 895 614 dicuntur
918 565 947 614 ct
961 573 1076 616 manses
1093 561 1165 616 ciere

151 653 184 706 96
195 651 224 700 et
238 642 354 715 urinam,
368 639 434 700 ideo
445 640 637 717 Hippocrates
651 649 679 698 et
689 639 854 718 hydropicis
868 638 962 698 dabat.
983 638 1165 700 cantharides

132 719 137 731 ’
193 725 324 784 obiectae
348 733 411 783 sunt
431 722 532 782 Catoni
552 723 695 798 Uticensi,
716 741 768 781 ceu
790 739 929 794 vencnum
948 723 1122 784 vendidisset
1140 725 1188 788 ins

192 808 325 867 auctione
339 807 436 882 regia,
461 808 591 882 quoniam
612 824 661 866 cas
681 807 821 864 sestertiis
834 805 883 866 LX
898 805 1054 864 addixerat.
1089 809 1117 864 5.
1133 807 1167 864 lit

87 890 93 903 “
192 891 292 948 sebum
310 899 403 948 autem
421 889 699 948 struthocamelinum
716 898 783 946 tunc
803 890 915 948 venisse
934 891 1075 946 sestertiis
1089 889 1169 968 XXX

192 973 285 1032 obiter
301 972 405 1031 dictum
419 974 464 1049 sit,
480 973 652 1032 efficacioris
665 972 702 1032 ad
719 973 812 1030 omnia
826 989 893 1031 usus
908 989 991 1048 quam
1005 982 1049 1031 est
1065 975 1168 1031 auseri-

191 1075 244 1115 nus
258 1055 349 1132 adips.
1151 1103 1154 1108 .

151 1153 182 1206 97
248 1141 329 1217 (31.)
352 1138 480 1196 Diximus
500 1148 528 1196 et
549 1139 641 1196 mellis
662 1139 793 1196 venenati
819 1154 942 1212 genera,
968 1129 1067 1198 c'ontra
1095 1141 1200 1216 quoto

157 1225 187 1263 ¹¹·
201 1221 223 1258 ⁷⁴
248 1231 359 1280 utuntur
378 1221 464 1279 melle
485 1223 584 1297 inquo
606 1239 677 1299 apes
696 1221 751 1280 sint
765 1229 901 1278 mortuae.
933 1220 1007 1278 idem
1026 1233 1125 1300 potum
1144 1225 1170 1282 in

192 1309 259 1366 vino
276 1304 430 1363 remedium
446 1313 491 1364 est
506 1306 635 1362 vitiorum
651 1322 724 1381 quae
741 1322 757 1362 e
774 1303 839 1362 cibo
852 1306 971 1380 piscium
987 1308 1149 1380 gignuntur.

151 1400 185 1454 98
248 1387 330 1465 (32.)
348 1387 379 1447 ln
395 1388 473 1446 canis
488 1387 594 1446 rabiosi
615 1405 712 1446 morsu
730 1396 824 1446 tuetur
846 1404 861 1444 a
882 1405 991 1463 pavore
1014 1407 1108 1467 aquae
1126 1409 1170 1450 ca-

193 1475 250 1531 nini
263 1473 364 1548 capitis
380 1473 449 1528 cinis
461 1471 556 1530 inlitus
568 1470 689 1545 uolneri,
705 1478 820 1548 oportet
831 1479 922 1528 autem
935 1469 1063 1530 comburi
1080 1475 1171 1533 omnia

194 1556 296 1616 codem
310 1555 414 1630 modo,
434 1563 463 1612 ut
484 1555 573 1612 semel
590 1554 728 1628 dicamus,
750 1557 778 1612 in
793 1571 862 1612 vase
881 1554 960 1612 lictili
975 1573 1052 1614 novo
1070 1557 1172 1632 argilla
1181 1565 1204 1605 ¹⁵

194 1639 352 1698 circumlito
376 1647 460 1715 atque
484 1639 522 1697 ita
546 1639 574 1694 in
593 1637 702 1696 furnum
722 1637 819 1696 indito.
858 1637 932 1696 idem
954 1647 990 1696 et.
1004 1641 1033 1698 in
1054 1643 1171 1718 potions

195 1723 317 1802 prolicit.
348 1721 460 1799 quidam
477 1721 514 1778 cb
530 1721 558 1778 id
574 1720 710 1779 edendum
727 1719 873 1778 dederunt.
903 1721 988 1798 aliqui
1004 1732 1032 1781 et
1046 1742 1171 1782 vermem

194 1805 367 1865 ecadavcrc
387 1807 488 1864 canino
511 1804 705 1880 adalligavere
725 1803 903 1862 menstruave
925 1808 1003 1863 canis
1026 1809 1054 1864 in
1078 1825 1171 1883 panno

195 1889 346 1948 subdidere
364 1890 446 1948 calici
468 1897 515 1947 aut
531 1891 605 1947 intus
626 1885 716 1964 ipsius
732 1885 838 1944 caudae
859 1887 933 1964 pilos
951 1889 1118 1949 combustos
1133 1893 1171 1950 irr-

152 1986 186 2039 99
198 1989 315 2032 seruere
333 1972 481 2049 [volneril.
501 1969 560 2030 Gor
575 1973 701 2030 caninum
715 1969 863 2028 habentem
878 1969 989 2045 lugiunt
1004 1990 1102 2048 canes,
1118 1989 1209 2032 nonan

194 2057 297 2115 latrant
312 2072 380 2113 uero
398 2055 494 2130 lingua
511 2055 610 2114 canina
629 2056 656 2111 in
678 2055 862 2112 calciamento
878 2053 988 2113 subdita
1004 2057 1105 2132 pollici
1127 2065 1174 2115 aut

194 2139 310 2196 caudam
334 2137 471 2196 mustelae
483 2138 693 2215 opacabsoisa
715 2155 748 2195 ea
771 2137 883 2195 dimissa
904 2138 939 2195 sit
959 2137 1099 2198 habentis.
1131 2149 1185 2214 est¹

192 2221 275 2279 limus
287 2221 395 2280 salivae
407 2220 459 2278 sub
472 2222 567 2296 lingua
579 2221 686 2279 rabiosi
702 2221 779 2280 canis
793 2222 840 2297 qui
853 2221 933 2280 datus
948 2223 976 2278 in
987 2231 1057 2300 potu
1070 2222 1176 2296 hydro·

195 2303 307 2381 phobos
324 2305 385 2363 lieri
400 2322 457 2363 non
481 2307 600 2382 patitur,
623 2304 712 2363 multo
733 2313 825 2362 tamen
841 2304 987 2364 utilissime
1009 2307 1090 2365 iecur
1112 2308 1177 2364 eius

194 2391 241 2464 qui
261 2389 288 2446 in
304 2388 384 2446 rabie
400 2388 585 2446 momorderit
600 2387 696 2460 datur,
721 2389 743 2444 si
759 2389 851 2464 possit
867 2389 942 2464 lieri,
965 2390 1080 2447 crudum
1098 2408 1175 2448 man·
1186 2409 1211 2448 25

193 2470 323 2544 dendum,
343 2473 386 2529 sin
401 2473 502 2546 miuus,
518 2488 633 2548 quoquo
649 2470 735 2529 modo
747 2479 870 2546 coctum,
886 2479 932 2528 aut
949 2471 992 2529 ius
1004 2476 1097 2531 coctis
1114 2490 1176 2530 car·

90 2569 93 2589 ·
153 2553 303 2616 leonibus.
320 2553 372 2612 Est
387 2555 559 2613 vermiculus
575 2557 602 2612 in
617 2554 713 2629 lingua
725 2571 823 2612 canum
836 2553 882 2630 qui
897 2563 1015 2611 vocatur
1029 2554 1179 2614 aGraecis

156 2666 158 2671 ·
193 2637 275 2712 lptta,
294 2653 350 2713 quo
368 2647 502 2714 exempto
517 2637 669 2696 infantibus
687 2636 788 2694 catulis
801 2653 856 2694 nec
870 2635 961 2696 rabidi
976 2637 1045 2694 liunt
1061 2655 1119 2696 nec
1136 2636 1178 2696 la·

192 2719 305 2778 stidium
325 2723 457 2779 sentiunt.
485 2721 561 2796 idem
584 2730 628 2778 ter
647 2721 706 2794 igni
727 2720 907 2778 circumlatus
930 2720 1010 2779 datur
1032 2723 1141 2778 morsis
1162 2738 1180 2777 a

193 2801 309 2861 rabioso
329 2821 365 2861 ne
387 2803 479 2861 rabidi
494 2804 570 2862 fiant.
603 2812 630 2862 ot
651 2802 800 2862 cerebello
821 2802 981 2878 gallinaceo
1002 2805 1214 2878 occurritur,ao

195 2884 245 2942 sed
261 2886 289 2944 id
306 2886 471 2946 devoratum
487 2904 560 2945 anno
576 2897 681 2946 tantum
697 2903 733 2944 eo
756 2887 884 2964 prodest.
919 2889 994 2944 aiunt
1015 2895 1046 2944 et·
1060 2888 1181 2944 cristam

192 2968 262 3043 galli
274 2971 420 3028 contritam
434 2971 593 3029 efficaciter
604 2971 701 3048 inponi
714 2977 743 3027 ct
753 2970 863 3027 auseris
875 2970 986 3045 adipem
1004 2987 1068 3028 cum
1079 2969 1181 3028 melle.

194 3051 330 3110 saliantur
345 3062 374 3111 et
392 3071 492 3112 carnes
508 3071 606 3112 eorum
621 3053 669 3131 qui
683 3051 774 3112 rabidi
790 3053 904 3110 luerunt
919 3051 954 3110 ad
969 3053 1071 3111 eadem
1085 3071 1181 3112 reme·

152 3147 200 3198 101
215 3134 260 3192 dia
274 3135 302 3192 in
323 3135 388 3195 cibo
409 3136 527 3196 dandae.
564 3137 631 3213 quin
647 3145 676 3194 et
695 3144 831 3194 necantur
846 3135 931 3192 catuli
953 3137 1045 3192 statim
1059 3138 1088 3194 in
1105 3154 1182 3212 aqua

194 3217 229 3277 ad
245 3235 343 3287 sexum
366 3221 426 3278 eius
447 3221 494 3296 qui
514 3220 712 3294 momorderit,
732 3228 762 3278 ut
786 3222 866 3276 iecur
885 3217 998 3276 crudum
1019 3217 1214 3276 devoratura

194 3319 231 3360 cx
241 3301 285 3359 iis.
304 3301 457 3378 prodestet
468 3303 765 3380 fimumgalliuaceum,
778 3301 921 3360 dumtaxat
932 3300 1033 3373 ruium,
1046 3310 1182 3359 exaucto

192 3385 360 3460 inpositum,
385 3395 414 3444 et
427 3387 514 3444 muris
530 3388 626 3445 aranei
642 3385 748 3444 caudae
773 3386 861 3457 cinis,
884 3387 922 3443 ita
939 3392 969 3440 ut
983 3385 1047 3461 ipse
1065 3386 1113 3441 cui
1133 3383 1183 3442 ab·

193 3467 269 3525 scisa
283 3467 319 3526 sit
332 3469 415 3526 vivos
432 3467 597 3546 dimittatur,
617 3466 751 3546 glaebula
770 3486 807 3526 ex
821 3465 997 3528 hirundinum
1015 3467 1083 3527 nido
1099 3467 1184 3527 inlita
