2458 3906
129 213 189 276 196
455 221 764 272 c.rn1urssouun1

84 393 120 445 50
180 379 264 459 (23.)
288 378 356 439 Alio
371 395 473 456 magna
493 380 554 454 vis,
574 393 696 454 magnae
715 375 852 436 utilitates
870 384 971 437 contra
992 394 1135 454 aquarum

127 472 158 524 et
169 464 300 524 locorum
314 463 496 523 mutationes.
526 469 680 540 serpentes
696 459 786 537 abigit
801 468 831 520 et
846 461 1020 539 scorpiones
1037 460 1135 522 odore

127 557 230 627 atque,
251 555 281 607 ιιι
298 547 384 624 aliqui
400 546 563 622 tradidere,
590 544 716 620 bestias,
742 551 842 604 contra
864 545 956 604 omnis
975 545 1051 604 ictus
1071 564 1134 605 me·

128 632 211 693 detur
231 640 301 710 potu
321 629 371 690 vel
390 629 455 690 cibo
474 629 523 690 vel
545 629 640 706 inlitu,
663 628 796 708 priuatim
814 637 914 690 contra
931 627 1134 690 haemorrhoi-

127 716 179 777 das
196 733 259 776 cum
274 714 340 774 vino
354 713 497 775 redditum
512 715 631 774 vomitu.
659 730 706 789 ac,
721 731 758 772 ne
771 721 872 773 contra
887 730 1057 774 araneorum
1070 732 1132 774 mu·
1150 727 1163 768 a

127 802 199 862 rium
222 807 393 860 venenatum
415 815 541 860 morsum
563 798 664 858 valere
687 798 838 872 miremur,
864 798 1025 873 aconitum,
1054 798 1136 878 quod

129 885 186 946 alio
202 884 316 944 nomine
336 881 556 962 pardalianches
571 888 708 957 vocatur,
733 880 879 958 debellat,
902 882 971 941 item
986 881 1137 959 byoscya-

127 987 219 1045 mum,
241 985 342 1028 canum
361 983 493 1043 morsus,
516 968 545 1026 in
564 983 641 1046 quae
654 966 776 1026 volnera
790 983 852 1025 curn
867 965 956 1026 melle
975 966 1136 1046 inponitur.

86 1065 119 1117 51
132 1052 169 1114 ad
191 1053 368 1131 serpentium
388 1051 503 1131 quidem
527 1051 601 1110 ictus
619 1059 718 1129 potum
735 1067 800 1110 cuns
814 1049 940 1110 restibus
956 1052 1016 1110 suis
1033 1051 1136 1113 cilica-

129 1137 243 1198 cissime
264 1154 302 1196 ex
317 1136 385 1196 oleo
400 1134 544 1211 inlinitur,
568 1135 732 1213 attritisque
746 1151 900 1213 corporum
916 1134 1065 1214 partibus,
1084 1136 1138 1196 rel
1151 1151 1174 1191 ro

32 1241 35 1252 ·
130 1223 154 1281 si
169 1222 198 1280 in
212 1220 327 1280 vesicas
343 1219 534 1280 intumuerint.
563 1220 631 1297 quin
647 1228 676 1279 ct
691 1218 788 1280 suilitu
801 1235 838 1279 eo
854 1219 973 1280 cuccari
988 1219 1137 1281 secundas

131 1313 228 1384 partus
255 1303 398 1366 existimat
423 1302 632 1382 llippocrates,
664 1303 763 1364 cinere
786 1319 886 1364 eorum
907 1320 972 1364 cum
993 1304 1061 1365 oleo
1086 1323 1136 1366 ca-

88 1400 122 1453 52
134 1389 201 1470 pitis
215 1387 315 1449 ulcera
328 1388 471 1450 manantia
492 1387 605 1448 sanitati
621 1388 788 1447 restituens.
819 1388 987 1466 suspiriosis
1005 1399 1136 1465 coctum,

130 1473 217 1552 aliqui
239 1472 357 1533 crudum
379 1472 407 1532 id
428 1471 555 1549 dedere,
579 1470 700 1532 Diocles
716 1471 886 1550 hydropicis
906 1491 969 1532 oum
985 1474 1137 1536 centaurio

130 1566 177 1619 aut
202 1559 231 1617 iu
252 1557 308 1618 irco
331 1556 441 1636 duplici
464 1556 500 1616 ad
525 1555 720 1616 evacuandam
740 1554 851 1633 alvom,
878 1557 957 1635 quod
984 1557 1138 1619 efficacius
1151 1570 1176 1610 ιι

130 1649 259 1721 praestat
285 1641 378 1701 viride
403 1659 466 1700 cum
488 1638 641 1701 coriandro
665 1640 797 1700 innuero
821 1648 936 1719 potum,
965 1643 1144 1722 suspiriosis·

130 1726 220 1804 aliqui
236 1725 371 1785 attritum
387 1725 415 1784 in
429 1725 506 1785 lacte
524 1723 673 1786 dederunt.
700 1723 882 1802 Praxagoras
900 1734 929 1786 et
944 1735 1044 1788 contra
1059 1743 1139 1788 mor·

130 1810 197 1870 bum
212 1810 323 1886 regium
341 1809 407 1869 vino
422 1809 536 1868 miscuit
551 1819 580 1869 et
596 1818 697 1870 contra
715 1808 802 1869 ileum
819 1809 847 1870 iu
862 1809 929 1870 oleo
946 1819 975 1870 et
986 1811 1080 1889 pulte,
1093 1813 1141 1872 sic

130 1895 254 1955 inlinens
269 1893 384 1952 strumis
401 1903 528 1971 quoque.
560 1894 668 1972 antiqui
687 1902 715 1953 et
727 1893 935 1954 insanientibus
951 1894 1055 1957 dabant
1070 1914 1138 1956 cru·

131 1978 212 2053 dum,
233 1975 354 2036 Diocles
377 1976 555 2055 phreneticis
576 1977 692 2038 elixum.
727 1986 827 2038 contra
848 1979 967 2055 anginas
991 1981 1087 2041 tritum
1108 1983 1176 2040 inno

89 2069 222 2140 otposca
236 2061 422 2137 gargarizare
440 2059 571 2138 prodest.
598 2061 724 2122 dentium
743 2061 875 2122 dolorem
889 2063 980 2124 tribus
992 2063 1138 2143 capitibus

131 2147 159 2204 in
176 2153 261 2204 aceto
278 2144 351 2202 tritis
366 2144 510 2220 inminuit,
536 2145 585 2205 vel
600 2147 624 2205 si
639 2146 756 2206 decocti
772 2163 846 2224 aqua
863 2147 1033 2209 conluantur
1047 2147 1137 2210 adda·

131 2237 234 2306 torque
249 2228 343 2306 ipsum
357 2229 386 2287 in
402 2246 473 2289 cava
489 2228 624 2290 dentium.
651 2229 766 2290 auribus
782 2231 868 2292 etiam
881 2231 1035 2294 instillatur
1047 2251 1139 2294 sucus

133 2330 196 2372 curn
211 2312 297 2390 adipe
313 2314 459 2390 anserino,
476 2313 642 2391 phthiriasis
660 2321 689 2374 et
705 2315 869 2393 porrigines
886 2324 995 2395 potum,
1011 2318 1080 2378 itern
1095 2319 1138 2377 in-

131 2396 223 2456 lusum
240 2414 303 2456 curn
320 2405 405 2457 aceto
429 2405 457 2457 et
472 2399 547 2457 nitro
565 2400 730 2477 conpescit,
753 2397 965 2462 destillationes
980 2419 1043 2462 cnm
1059 2403 1177 2464 lacteas

133 2489 246 2542 coctum
261 2479 309 2540 vel
326 2481 421 2540 tritum
440 2483 648 2560 permixtumve
671 2499 759 2544 caseo
779 2483 880 2561 molli,
905 2502 962 2563 quo
978 2504 1090 2564 genere
1109 2496 1141 2546 et

89 2572 124 2626 at
136 2566 303 2626 raucitatem
322 2573 459 2624 extenuat
480 2567 509 2625 in
526 2567 582 2645 pisi
605 2575 652 2626 aut
676 2564 761 2629 labae
786 2568 956 2630 sorbitione.
997 2573 1027 2630 in
1047 2580 1140 2632 totum

133 2657 226 2709 autem
249 2656 363 2708 coctum
379 2649 474 2708 utilius
488 2659 533 2710 est
551 2649 638 2710 crudo
657 2650 821 2730 elixumque
837 2661 924 2713 tosto.
961 2655 1004 2714 sic
1023 2664 1054 2716 ct
1068 2656 1140 2717 voci

133 2734 256 2793 confert.
299 2733 409 2792 taenias
427 2742 456 2793 et
476 2733 586 2813 reliqua
608 2734 740 2796 animalia
761 2736 974 2798 interaneorum
1001 2739 1085 2820 pellit
1109 2742 1139 2801 in

132 2825 217 2876 aceto
234 2814 327 2876 mulso
351 2825 479 2893 coctum,
497 2826 629 2880 tenesmo
651 2820 679 2878 in
700 2819 780 2897 pulte
801 2821 949 2899 medetur,
973 2833 1175 2904 temporum³⁰

133 2899 283 2960 doloribus
298 2899 424 2961 inlinitur
441 2901 562 2978 elixum,
580 2911 609 2962 et
624 2904 735 2982 pusulis
747 2914 870 2983 coctum,
888 2906 954 2968 dein
969 2927 1032 2970 cum
1048 2911 1138 2972 melle

133 2986 244 3059 tritum,
259 2985 329 3043 tussi
347 3003 410 3044 eum
426 2985 511 3064 adipe
527 2995 642 3047 vetusto
659 2988 810 3049 decoctum
830 2990 877 3050 vel
898 3009 962 3053 cum
978 2993 1055 3054 lacte
1076 3005 1137 3072 aut,

134 3069 157 3126 si
176 3070 293 3145 sanguis
310 3069 395 3128 etiarn
410 3079 598 3148 execrentur,
619 3072 667 3132 vel
687 3091 772 3151 pura,
793 3073 846 3134 sub
861 3094 952 3154 pruna
972 3089 1086 3140 coctum
1108 3090 1139 3142 et

134 3169 196 3212 cum
212 3151 306 3211 mellis
321 3153 384 3231 pari
406 3153 493 3214 modo
512 3165 671 3234 sumptum,
695 3158 860 3237 conuolsis,
883 3163 976 3241 ruptis
992 3182 1056 3224 cum
1074 3165 1138 3226 sale
1223 3233 1224 3236 Ἴ

90 3247 123 3300 55
136 3244 165 3296 et
183 3235 260 3298 oleo.
295 3253 359 3296 nam
375 3255 438 3296 curn
459 3236 545 3318 adipe
562 3249 689 3301 tumores
706 3252 861 3323 suspectos
878 3255 970 3306 senat.
1011 3249 1138 3310 extrahit
1149 3263 1174 3306 aa

132 3319 235 3380 fistulis
256 3318 324 3380 uitia
347 3339 411 3380 curn
432 3321 549 3401 sulpure
580 3333 609 3384 et
627 3326 740 3402 resina,
770 3330 854 3390 etiam
873 3328 1049 3394 harundines
1072 3352 1139 3396 curn

133 3405 209 3482 pice.
245 3403 359 3482 lepras,
384 3404 529 3484 lichenas,
550 3408 705 3487 lentigines
730 3411 882 3474 exulcerat
908 3427 1049 3497 sanatque
1073 3437 1138 3480 cunr

132 3489 270 3566 origano,
286 3487 335 3548 vel
352 3489 423 3550 cinis
440 3491 501 3551 eius
517 3511 554 3552 ex
576 3493 644 3555 oleo
660 3504 689 3556 et
703 3513 776 3572 garo
791 3497 904 3576 inlitus,
926 3501 969 3561 sic
990 3513 1019 3564 et
1034 3524 1138 3567 sacros
