2406 3914
259 257 341 306 nmu.
356 257 448 305 nisu.
465 257 538 304 xxa
555 257 657 310 9-11.
677 247 831 324 (us—38.)
987 247 1048 308 243

107 413 186 494 (33.)
210 413 248 474 Et
264 422 372 473 tantum
388 411 460 473 iolio
477 423 617 482 coronant
632 412 708 473 lovis
722 415 787 491 llos,
804 432 977 492 amaracum,
993 415 1043 476 he·
1057 427 1091 482 59

57 498 232 575 uerooalles,
262 496 470 574 habrotonum,
497 495 668 573 Helenium,
700 499 899 574 sisymbrium,
934 501 1048 579 serpyl-

58 584 116 660 lum,
142 585 236 644 omnia
262 581 416 643 surculosa
442 597 528 641 rosae
556 581 653 642 modo.
694 580 803 642 Colore
824 592 932 644 tantum
951 584 1051 662 placet

56 666 118 728 loris
132 667 203 743 llos,
228 667 303 728 odor
325 665 423 742 abest,
451 667 525 726 sicut
540 675 570 726 et
589 666 632 725 illi
648 667 695 744 qui
719 666 831 728 Graece
851 666 943 746 phlox
961 686 1049 729 voca·

40 761 99 811 stur.
125 760 152 812 et
166 754 254 812 ramis
276 759 370 810 autem
385 761 415 810 et
434 749 506 810 lolio
523 749 644 810 odorata
665 760 730 811 sunt
755 761 881 830 excepto
905 752 1048 831 serpyllo.

55 835 186 896 lleleuium
204 855 222 896 e
242 835 369 897 lacrimis
392 833 522 894 Helenae
541 834 644 895 dicitur
665 844 776 912 natum,
805 845 835 896 et
859 836 925 896 ideo
942 837 970 896 in
990 836 1048 897 lle·

56 921 107 980 leue
127 921 220 981 insula
242 920 478 980 laudatissimum.
516 927 562 980 est
583 928 678 980 autem
697 920 794 981 irater
813 919 890 979 humi
912 938 944 979 se
967 939 1048 999 spar-

55 1023 113 1081 gens
126 1002 345 1066 dodrantalibus
363 1002 497 1080 ramulis,
527 1004 659 1083 serpyllo
677 1004 762 1064 simili
777 1003 859 1064 lolio.

104 1089 183 1169 (34.)
211 1088 412 1150 Habrotouum
437 1088 530 1148 odore
554 1088 677 1148 iucunde
702 1089 786 1166 gravi
811 1087 896 1148 llorst
922 1099 1045 1168 aestate,
1057 1101 1092 1156 60

28 1175 121 1233 scaurei
136 1173 257 1233 coloris.
299 1189 420 1232 vacuum
446 1182 552 1251 sponte
579 1173 730 1251 provenit,
756 1174 905 1233 cacumine
932 1191 984 1234 suo
1015 1194 1048 1235 se

53 1266 191 1336 propagat.
224 1258 330 1317 seritur
347 1264 443 1316 autem
462 1257 572 1316 scuriae
590 1256 691 1316 melius
707 1275 792 1335 quam
806 1257 906 1318 radice
923 1267 971 1318 aut
987 1277 1048 1319 sur-

54 1341 122 1417 culo,
152 1343 267 1402 semine
282 1357 401 1419 quoque
415 1355 473 1400 non
489 1342 551 1400 sine
569 1341 687 1417 negotio
710 1341 850 1420 plantaria
872 1343 1048 1402 transierun-

52 1434 96 1484 tnr.
120 1427 162 1485 sic
178 1434 209 1485 et
225 1425 386 1500 Adonium,
404 1433 554 1502 utmmque
572 1433 693 1498 aestate.
726 1425 834 1486 alsiosa
853 1427 928 1486 enim
951 1428 1047 1488 admo-

51 1508 105 1569 dum
118 1519 182 1570 sunt
198 1518 229 1570 et
244 1509 310 1568 sole
324 1517 421 1569 tamen
434 1509 520 1568 nimio
537 1509 697 1570 laeduntur.
729 1510 781 1571 sed
797 1509 845 1569 ubi
860 1511 1046 1588 convaluere,

24 1603 120 1654 assutae
134 1595 200 1654 vice
216 1594 362 1653 iruticaut.
395 1591 565 1654 Habrotouo
587 1593 680 1653 simile
703 1594 795 1655 odore
818 1593 1048 1656 leucanthemum

51 1687 96 1754 est,
112 1678 183 1738 llore
201 1678 288 1756 albo,
309 1676 454 1737 foliosum.

103 1765 148 1825 ll.
174 1761 260 1843 (35.)
285 1761 456 1821 Amaracum
481 1761 603 1823 Diocles
633 1763 763 1824 medicus
792 1771 821 1822 et
849 1763 946 1823 Sicula
970 1781 1044 1840 gens
1056 1773 1089 1828 61
1110 1831 1115 1841 ,

49 1847 227 1924 appellavere
254 1845 332 1925 quod
354 1845 507 1925 Aegyptus
533 1855 562 1906 et
589 1847 673 1922 Syria
699 1847 910 1926 sampsuchum.
943 1849 1051 1906 seritur

49 1939 161 2009 utroque
178 1949 302 2008 genere,
331 1939 359 1990 et
378 1931 487 1990 semiue
506 1941 535 1990 et
550 1948 646 2007 ramo,
669 1933 798 1992 vivacius
814 1949 901 2010 supra
917 1930 1002 1991 dictis
1019 1939 1050 1990 et

22 2013 129 2074 nodare
143 2014 271 2076 mollius.
298 2016 449 2093 copiosum
463 2033 596 2076 amaraco
611 2033 706 2094 aeque
722 2032 806 2095 quam
822 2013 985 2076 habrotono
1002 2034 1047 2076 se·

47 2115 118 2177 men,
147 2099 201 2158 sed
216 2098 379 2158 habrotono
396 2099 479 2158 radix
500 2117 555 2158 uua
579 2108 608 2159 et
629 2099 688 2159 alte
707 2101 909 2177 descendens,
940 2102 1049 2161 ceteris

48 2181 186 2243 insumma
213 2192 292 2242 terra
317 2181 422 2242 leviter
441 2181 576 2243 haerena.
613 2183 793 2262 reliquorum
816 2187 888 2245 satio
914 2194 1048 2245 autumno

47 2263 102 2325 iere
120 2267 281 2346 incipiente
298 2283 354 2325 uec
377 2283 435 2325 non
452 2275 481 2326 et
498 2285 569 2326 vere
586 2266 754 2345 quibusdam
769 2269 842 2328 locis
859 2286 933 2348 quac
948 2269 1049 2328 umbra

47 2351 162 2425 gaudent
178 2359 208 2411 et
225 2369 301 2429 aqua
320 2368 355 2410 ac
370 2350 447 2410 limo.

19 2441 40 2482 ²⁶
101 2435 184 2515 (36.)
208 2434 411 2514 Nyctegretou
432 2436 507 2494 iuter
521 2453 615 2514 pauca
638 2438 756 2495 miratus
782 2444 826 2495 est
846 2435 1042 2512 Democritus,
1056 2445 1091 2499 62

46 2518 144 2578 coloris
160 2519 294 2596 hysgini,
329 2519 401 2578 lolio
430 2520 549 2598 spinae,
580 2537 636 2578 nec
657 2538 673 2580 a
691 2529 770 2580 terra
796 2537 830 2578 se
854 2520 1046 2596 attollentem,

45 2604 222 2683 praecipuam
237 2605 265 2662 iu
283 2600 424 2663 Gedrosia
439 2612 545 2664 narrat.
581 2605 642 2663 erui
661 2614 728 2684 post
744 2604 958 2682 aequinoctium
980 2621 1047 2662 ver·

44 2703 100 2746 num
114 2687 253 2748 radicitus
268 2688 432 2764 siccarique
448 2687 484 2747 ad
501 2687 596 2747 lunam
608 2689 724 2765 triginta
741 2688 861 2763 diebus,
890 2689 928 2748 ita
945 2688 1047 2747 lucere

44 2771 178 2831 noctibus.
209 2769 313 2848 Magos
333 2771 563 2850 Parthorumque
584 2778 674 2849 reg'es
689 2772 744 2831 hac
758 2770 849 2831 herba
866 2773 905 2830 uti
922 2772 958 2833 ad
978 2781 1047 2832 vota

18 2856 230 2935 ususcipienda.
265 2854 386 2915 eandem
405 2857 505 2916 vocari
524 2855 752 2931 cherromycheu,
776 2857 910 2933 quoniam
926 2874 1047 2916 anseres

45 2936 168 3019 aprimo
198 2948 360 3018 conspectu
388 2940 450 2999 eius
477 2947 691 3019 expavescant,
727 2939 763 2999 ab
789 2939 853 2999 aliis
877 2941 1046 3021 nyctalops,

45 3027 168 3102 quonlam
184 3043 202 3084 e
217 3025 378 3102 longinquo
395 3023 529 3083 noctibus
544 3024 665 3102 fulgeat.

99 3109 184 3189 (37.)
208 3107 360 3168 Melilotos
380 3107 486 3186 ubique
508 3109 651 3184 nascitur,
681 3106 876 3170 laudatissima
898 3118 993 3170 tamen
1016 3111 1043 3166 in
1055 3118 1090 3172 63

43 3187 146 3269 Attica,
173 3191 354 3270 ubicumque
364 3209 438 3252 vero
452 3209 558 3252 recens
572 3210 628 3251 nec
644 3191 800 3252 candicans
812 3204 842 3254 et
857 3211 945 3254 croco
962 3210 1046 3272 quam

17 3277 194 3354 asinillirua,
223 3293 396 3358 quamquam
411 3277 439 3335 in
453 3275 536 3336 ltalia
553 3277 703 3337 odoratior
719 3276 849 3338 candida.

99 3361 184 3440 (38.)
206 3360 325 3421 Florum
342 3361 433 3439 prima
445 3378 499 3418 ver
514 3362 702 3424 nuntiantium
719 3359 799 3420 viola
814 3362 889 3421 alba.
918 3359 1042 3438 tepidio·
1055 3369 1090 3424 64

43 3443 114 3506 ribus
128 3464 202 3506 vero
219 3445 295 3506 locis
311 3447 397 3505 etiam
413 3443 507 3504 hieme
526 3445 639 3505 emicat.
668 3451 772 3524 postea
791 3462 866 3522 quae
880 3445 929 3503 ion
944 3444 1046 3523 appel·

44 3525 111 3589 latur
126 3539 155 3590 et
177 3546 342 3610 purpurea,
375 3545 522 3607 proxume
538 3529 717 3604 hammeum,
750 3528 937 3673 quoqquhlox
958 3546 1047 3587 vcca-
