2396 3922
182 279 263 326 usn.
279 277 370 326 nrsr.
386 279 469 328 xxv.
485 278 529 334 la
546 267 639 345 (106.)
655 282 802 328 -xxvn
818 251 841 332 i.
858 279 908 344 m.)
999 275 1040 336 99

54 431 115 492 Oris
126 433 227 492 ulcera
237 434 311 492 intus
323 450 410 492 sucus
423 433 595 511 plantaginis
607 434 738 494 emendat
749 445 777 494 ct
788 436 858 496 lolia
868 437 1041 517 radicesque

53 516 304 591 conmanducatae,
321 516 369 575 vel
384 517 408 575 si
423 518 625 577 rheumatismo
641 516 754 577 laboret
770 536 814 594 os,
832 521 929 581 ulcera
947 523 1039 582 laeto·

1 671 2 676 η
50 617 166 676 remque
183 599 417 676 quinquefolium,
435 599 534 659 ulcera
551 601 696 678 psyllium.

104 683 210 759 (110.)
234 681 391 759 Conposita
408 700 523 760 qnoque
542 693 641 743 contra
662 684 806 761 factores,
826 687 874 746 vel
889 701 1094 759 manumetis.

1 775 2 778 ’
27 764 211 844 spudendum
225 765 333 838 vitium,
350 765 503 826 trademus.
531 785 602 844 ergo
618 763 689 826 iolia
705 769 788 841 myrti
803 778 832 828 et
847 769 960 831 lentisci
978 775 1041 850 pari

1 857 2 860 ’
48 849 198 927 pondere,
213 845 310 924 gallae
325 849 464 921 spineae
480 850 622 908 dimidium
647 850 761 928 pondus
786 853 868 912 simul
894 864 991 914 terere
1012 865 1041 916 et

48 934 111 991 unc
127 941 244 991 vetusto
260 949 360 1008 sparsa
375 932 511 992 mandere
526 935 661 992 matutino
684 951 721 992 ex
738 951 790 993 usu
806 944 867 1009 est,
889 938 936 996 vel
952 937 1040 997 hede-

47 1033 95 1074 rae
112 1015 202 1075 bacas
220 1031 283 1074 cnm
304 1016 381 1074 casia
398 1025 427 1074 et
442 1033 536 1075 murra
550 1019 611 1093 pari
624 1015 752 1094 pondere
767 1036 803 1076 ex
817 1019 894 1078 vino.
915 1019 1040 1080 Naribus

47 1097 224 1157 utilissimum
241 1100 286 1156 est
300 1098 430 1158 draconti
447 1115 545 1158 semen
569 1100 719 1158 contritum
739 1117 775 1158 ex
798 1101 901 1176 melle,
930 1105 1040 1162 etiamsi

5 1170 237 1243 ‘iccarciuomata
256 1183 284 1238 in
298 1181 343 1240 his
366 1183 430 1242 sint.
463 1181 616 1258 suggillata
640 1182 754 1261 hysopo
775 1185 974 1262 emendantur,
993 1188 1041 1246 sti-

1 1263 3 1297 ῑ
46 1275 136 1340 gnata
152 1267 183 1323 in
199 1265 274 1325 facie
288 1264 494 1341 mandragoras
509 1265 634 1325 inlinitns
651 1265 738 1325 delet
995 1289 997 1331 i

469 1565 658 1574 Ἥ

332 1811 800 1897 urriolsucltllnl

1 1988 18 2124 [t
156 1979 963 2076 Nlllllllllll'lllllilllllll

1 2193 3 2200 >
391 2159 733 2225 urnunxxvr.

489 2323 641 2335 —————-

0 2440 4 2463 ⁵
22 2458 31 2469 α
104 2423 181 2504 Cap.
196 2427 223 2483 l.
245 2427 340 2503 (Sect.
354 2425 399 2502 1.)
423 2427 519 2486 Sensit
529 2426 620 2486 facies
636 2425 777 2486 hominum
793 2444 885 2486 novos
901 2426 1032 2502 omnique
1047 2439 1062 2490 1

44 2525 114 2568 acro
132 2510 234 2586 priore
255 2509 418 2585 incognitos
438 2527 496 2568 non
519 2509 619 2569 ltaliae
639 2510 724 2568 ruodo
749 2527 847 2568 verum
868 2508 951 2566 etiarn
976 2509 1036 2565 uni-

43 2609 146 2651 versae
162 2607 259 2669 prope
275 2591 412 2670 Europae
426 2591 559 2666 morbos,
581 2601 648 2651 tunc
663 2609 777 2670 quoque
795 2609 853 2650 non
874 2599 933 2648 tota
955 2589 1036 2650 ltalia
1146 2652 1148 2657 ,

1 2682 2 2710 i
43 2691 96 2734 nec
111 2692 168 2753 per
183 2673 328 2748 illyricum
341 2674 485 2735 Galliasve
499 2685 545 2734 aut
559 2675 712 2754 Hispanias
726 2691 830 2750 magno
847 2690 937 2750 opere
948 2691 1035 2749 vaga·

43 2767 98 2834 tos,
117 2766 166 2817 aut
178 2756 245 2816 alibi
258 2775 340 2834 quam
355 2759 465 2818 Rornae
484 2760 629 2835 circaque,
646 2760 707 2817 sinc
725 2757 827 2816 dolore
840 2755 953 2833 quidem
968 2755 1036 2816 illos
1085 2765 1089 2770 '

1 2839 76 2899 “acac
100 2843 166 2900 sine
187 2841 314 2919 pernicie
330 2843 420 2918 vitae,
448 2842 500 2900 sed
521 2851 598 2902 tanta
621 2841 758 2900 foeditate
783 2848 813 2896 ut
838 2856 1035 2918 quaecumque

43 2941 119 2984 mors
134 2924 327 3003 praeferenda
343 2934 430 2984 esset.

104 3007 168 3086 (2.)
192 3006 394 3067 Gravissimum
419 3025 457 3066 ex
481 3007 524 3068 his
547 3008 675 3067 lichenas
704 3005 895 3084 appellavere
919 3005 1064 3075 Gracc02

44 3094 173 3166 nomine,
188 3091 302 3166 Latine,
320 3091 452 3170 quoniam
466 3109 483 3150 a
498 3098 593 3151 mento
607 3092 668 3150 iere
683 3088 844 3166 oriebatur,
859 3123 901 3134 —
913 3091 1035 3150 ioculari

45 3175 163 3253 primurn
181 3175 317 3249 lascivia,
339 3183 368 3234 ut
390 3182 433 3234 est
454 3177 565 3252 procax
584 3173 736 3232 multorum
761 3181 859 3231 natura
880 3175 910 3231 in
934 3173 1037 3234 alienis

17 3257 178 3333 amiseriis,
192 3274 260 3318 mox
275 3276 312 3316 ex
322 3265 460 3335 usurpato
476 3257 630 3333 vocabulo,
641 3289 683 3298 —
693 3264 877 3332 mentagram,
891 3272 1036 3337 occupan-

45 3349 102 3400 tem
117 3342 211 3400 multis
227 3351 255 3400 et
269 3343 342 3401 intus
358 3349 435 3400 totos
453 3343 549 3418 utiquc
564 3340 675 3414 voltus,
692 3338 783 3397 oculis
797 3346 904 3396 tanturn
919 3340 1036 3400 inmuni-

46 3423 110 3500 bus,
124 3425 345 3484 descendentem
357 3441 428 3485 vcrc
441 3422 470 3484 et
480 3427 509 3483 in
520 3425 596 3484 colla
610 3430 769 3501 pectusque
779 3438 814 3479 ac
823 3437 936 3500 manus,
949 3423 1036 3484 loedc

48 3508 263 3586 cutis,iuriurc.
829 3585 872 3644 7*
