2396 3922
269 295 348 340 nau.
372 295 460 343 msa.
481 295 562 343 xxm
576 293 603 348 8.
624 283 776 362 (at—54.)
973 285 1013 349 85

24 463 103 506 nume
125 448 204 547 quod
228 450 257 506 in
273 447 408 508 Parnaso
440 449 548 526 alioqui
566 449 745 510 herbiferum
767 468 835 511 esse
856 460 887 512 et
903 451 1014 512 Pelium

24 534 173 592 montem
165 550 194 590 ιιι
210 531 360 592 Thessalia
376 541 405 592 et
419 531 631 591 Telethrium
622 551 651 592 m
666 533 789 593 Euboea
805 541 835 594 et
853 545 942 596 totam
958 535 1012 596 hr-

24 613 127 672 eadiam
140 631 174 674 ac
191 613 358 674 laconicam
375 616 495 675 tradunt.
529 615 661 679 Arcades
673 615 797 695 quidem
811 636 869 678 non
890 620 1014 701 medica·

24 697 141 756 minibus
157 699 198 758 uti
218 699 269 758 sed
285 699 359 758 lacte
376 701 453 758 circa
468 718 531 776 ver,
554 701 688 778 quoniam
704 709 771 759 tunc
788 719 918 762 maxume
934 705 1012 762 sucis

7 780 127 839 therbae
142 789 281 880 turgeant
293 783 532 860 medicenturque
541 783 637 842 ubera
653 785 778 862 pascuis
801 784 903 844 bibunt
917 794 1013 846 autem

24 866 177 940 vaccinum,
195 867 328 943 quoniam
341 866 434 926 boves
451 869 592 925 omnivori
609 866 673 926 fere
691 868 800 926 suntin
816 867 925 928 herbis.
959 887 1011 946 po-

24 949 105 1006 tentia
123 965 223 1006 eanum
238 967 292 1026 per
307 949 500 1026 quadripedes
516 951 668 1009 etiamnum
684 949 796 1009 duobus
812 951 898 1010 claris
915 971 1011 1011 exem-

23 1029 71 1108 plis
90 1032 247 1090 manifesta
270 1033 308 1090 lit.
342 1035 418 1092 circa
436 1032 580 1092 Abderam
603 1040 633 1092 et
654 1033 773 1092 limitem
793 1036 842 1111 qui
860 1034 1010 1094 Diomedis

23 1123 139 1174 vocatur
162 1117 229 1192 equi
251 1117 325 1194 pasti
350 1115 556 1174 inflammantur
577 1117 670 1192 rabie,
697 1118 772 1176 circa
795 1117 912 1177 Potnias
938 1135 1009 1177 vero

0 1206 47 1258 tat
63 1199 149 1257 asini

69 1281 155 1360 (54.)
171 1280 251 1341 luter
265 1281 461 1342 nobilissimas
476 1247 682 1344 aristolochiae
697 1303 801 1346 nomen
816 1285 932 1345 dedisse
944 1303 1008 1362 gra·
997 1296 1053 1350 -95

20 1364 96 1426 vidae
121 1363 268 1441 videntur,
291 1367 424 1443 quoniam
447 1375 528 1425 esset
552 1355 669 1448 ἀρίστη
691 1361 873 1448 λεχούσαις.
917 1370 1009 1428 nostri

19 1448 121 1508 malum
139 1456 237 1508 terrae
253 1457 358 1509 vocant
374 1459 404 1508 et
420 1458 557 1528 quattuor
571 1469 681 1527 genera
698 1455 761 1512 eius
777 1459 909 1512 servant.
926 1469 1011 1510 unum

21 1531 174 1592 tuberibus
191 1532 295 1591 radicis
319 1534 461 1608 rotundis,
481 1533 560 1592 foliis
581 1536 658 1594 inter
678 1535 796 1595 malvam
817 1544 847 1595 et
864 1534 1011 1610 hederam,

1 1616 198 1692 trigrioribus
215 1616 464 1694 mollioribusqne.
493 1616 615 1676 alterum
629 1619 783 1694 masculae,
799 1618 896 1679 radice
913 1618 1010 1694 longa,

19 1706 154 1775 quattuor
171 1699 327 1776 digitorum
344 1699 535 1776 longitudine,
552 1700 645 1760 baculi
662 1703 862 1766 crassitudine.
894 1702 1011 1760 tertium

19 1781 220 1859 longissimae,
235 1785 376 1842 tenuitate
391 1786 460 1842 vitis
476 1784 622 1859 novellae,
636 1787 716 1843 cuius
732 1787 770 1844 sit
781 1787 937 1862 praecipua
952 1785 1008 1859 vis,

19 1875 143 1943 quaeat
165 1866 317 1925 clematitis
337 1875 468 1942 vocatur,
492 1867 527 1926 ab
546 1867 610 1926 aliis
627 1865 750 1933 Cretica.
784 1885 883 1927 omnes
905 1867 1053 1939 coloreas

19 1949 126 2025 buxeo,
146 1949 277 2008 caulibus
295 1951 404 2027 parvis,
426 1951 499 2009 llore
514 1968 670 2028 purpureo.
699 1951 795 2010 icrunt
810 1951 927 2011 baculas
944 1967 1009 2028 par·

1 2047 66 2091 *ras
85 2042 118 2092 ut
136 2035 264 2110 cappari.
295 2033 392 2092 valent
406 2033 502 2093 radice
515 2041 633 2092 tantum.
663 2042 709 2093 est
729 2043 760 2094 et
783 2051 857 2112 quae
877 2033 1010 2113 plistolo-

19 2115 77 2175 chia
98 2124 236 2192 vocatur,
254 2119 347 2194 quarti
368 2118 498 2193 generis,
522 2118 638 2176 tenuior
655 2133 737 2195 quam
761 2136 902 2196 proxume
924 2117 1009 2192 dicta,
1077 2126 1084 2141 ·

19 2198 115 2258 densis
129 2199 237 2258 radicis
250 2200 469 2278 capillamentis,
481 2201 555 2258 iunci
569 2200 710 2277 plenioris
722 2201 921 2261 crassitudine.
938 2201 1011 2260 hanc

21 2283 131 2359 quidam
150 2283 339 2361 polyrrhizon
354 2285 565 2360 cognominant.
598 2282 670 2344 odor
693 2287 816 2344 omnium
838 2286 1006 2359 medicatus,
1018 2291 1051 2346 at

21 2366 69 2425 sed
93 2367 245 2442 oblongae
266 2365 353 2426 radici
377 2368 562 2444 tenuiorique
582 2369 705 2443 gratior,
731 2370 845 2428 carnosi
869 2369 944 2428 enim
964 2375 1010 2426 est
1120 2380 1122 2384 ·

19 2452 153 2524 corticis,
175 2445 329 2526 unguentis
352 2467 469 2528 quoque
490 2449 615 2508 nardinis
638 2454 825 2510 conveniens.
857 2459 1011 2526 nascuntur

20 2534 177 2610 pinguibus
193 2533 265 2592 locis
282 2541 311 2593 et
326 2531 544 2609 campestribus.
568 2533 698 2594 effodere
716 2553 766 2593 eas
781 2535 924 2594 messibus
940 2543 1010 2593 tem-

19 2619 178 2694 pestivum,
194 2618 234 2674 ita
250 2618 436 2694 desquamato
452 2623 570 2675 terreno
587 2625 746 2676 servantur,
769 2635 900 2677 maxume
915 2626 1010 2676 tamen

19 2699 153 2758 laudatur
172 2698 291 2759 Pontica
314 2709 343 2760 et
368 2702 397 2758 in
417 2717 598 2777 quocumque
623 2719 734 2777 genere
761 2700 1010 2779 ponderosissima

20 2800 168 2881 quaeque,
178 2784 326 2843 medicinis
338 2785 433 2861 aptior
445 2783 577 2858 rotunda,
593 2793 693 2842 contra
709 2785 857 2861 serpentis
872 2783 1009 2861 oblonga,

5 2868 46 2925 iu
62 2884 174 2925 summa
190 2875 284 2937 tamen
301 2867 395 2942 gloria
412 2875 473 2942 est,
492 2868 515 2924 si
532 2867 616 2926 modo
631 2885 648 2926 a
663 2875 806 2946 conceptu
821 2866 933 2926 admota
950 2866 1010 2925 vol-

19 2952 61 3008 vis
83 2952 115 3009 in
139 2967 226 3009 carne
246 2949 352 3009 bubula
372 2952 456 3010 maris
479 2950 598 3026 figurat,
620 2958 651 3008 ut
673 2951 801 3010 traditur
840 2944 1007 3010 Piscatores
1018 2959 1053 3013 98

20 3030 196 3111 Campaniae
215 3031 341 3092 radicem
364 3051 426 3092 eam
446 3050 519 3110 quae
539 3031 661 3092 rotunda
681 3043 727 3092 est
747 3051 890 3094 vencnum
912 3042 1009 3093 terrae

18 3124 137 3193 vocant,
152 3133 306 3194 coramque
322 3115 407 3175 nobis
423 3124 590 3175 contunsam
603 3120 691 3175 mixta
704 3118 805 3178 calce
797 3136 826 3176 m
840 3135 919 3177 mare
932 3135 1010 3195 spar-

20 3218 98 3259 sere.
133 3199 268 3259 advolant
291 3201 389 3276 pisces
412 3199 569 3276 cupiditate
589 3203 659 3259 mira
682 3202 834 3278 statimque
857 3201 1009 3260 exanimati

0 3282 142 3342 lluitant.
177 3279 258 3353 Quae
277 3282 461 3360 polyrrhizos
477 3285 696 3358 cognominatur
710 3284 869 3362 convolsis,
891 3293 1010 3344 contun-

20 3369 72 3443 sis,
102 3385 142 3426 ex
168 3365 227 3425 alto
253 3368 451 3444 praecipitatis
479 3365 576 3424 radice
602 3374 671 3442 pota
698 3383 736 3424 ex
762 3385 834 3445 aqua
859 3368 1009 3426 utilissima

20 3469 90 3510 esse
103 3449 236 3526 traditur,
250 3452 360 3509 semine
375 3449 536 3527 pleuriticis
555 3459 584 3508 et
599 3449 708 3525 nervis,
721 3450 902 3527 continuare,
915 3449 1009 3510 excal-

18 3534 131 3611 lacere,
149 3533 250 3594 eadem
267 3535 396 3610 satyrion
413 3551 505 3593 esse·
