<?xml version="1.0" encoding="UTF-8"?>
<!DOCTYPE html PUBLIC "-//W3C//DTD XHTML 1.0 Transitional//EN"
    "http://www.w3.org/TR/xhtml1/DTD/xhtml1-transitional.dtd">
<html xmlns="http://www.w3.org/1999/xhtml" xml:lang="en" lang="en">
 <head>
  <title>
</title>
<meta http-equiv="Content-Type" content="text/html;charset=utf-8" />
  <meta name='ocr-system' content='tesseract 3.04.00' />
  <meta name='ocr-capabilities' content='ocr_page ocr_carea ocr_par ocr_line ocrx_word'/>
</head>
<body>
  <div class='ocr_page' id='page_1' title='image "./naturalishistor00plingoog/naturalishistor00plingoog_0178.png"; bbox 0 0 2396 3900; ppageno 0'>
   <div class='ocr_carea' id='block_1_1' title="bbox 144 194 844 272">
    <p class='ocr_par' dir='ltr' id='par_1_1' title="bbox 144 194 844 272">
     <span class='ocr_line' id='line_1_1' title="bbox 144 194 844 272; baseline -0.003 -16"><span class='ocrx_word' id='word_1_1' title='bbox 144 194 203 256; x_wconf 80' lang='lat'><strong>122</strong></span> <span class='ocrx_word' id='word_1_2' title='bbox 502 207 532 256; x_wconf 89' lang='lat' dir='ltr'><strong>c.</strong></span> <span class='ocrx_word' id='word_1_3' title='bbox 549 207 645 272; x_wconf 81' lang='lat' dir='ltr'><strong>rnrur</strong></span> <span class='ocrx_word' id='word_1_4' title='bbox 660 206 810 272; x_wconf 76' lang='lat' dir='ltr'><strong>saeuum</strong></span> <span class='ocrx_word' id='word_1_5' title='bbox 842 260 844 262; x_wconf 64' lang='grc'><strong>,</strong></span> 
     </span>
    </p>
   </div>
   <div class='ocr_carea' id='block_1_2' title="bbox 51 362 1197 3576">
    <p class='ocr_par' dir='ltr' id='par_1_2' title="bbox 140 362 1164 526">
     <span class='ocr_line' id='line_1_2' title="bbox 141 362 1164 440; baseline -0.008 -12"><span class='ocrx_word' id='word_1_6' title='bbox 141 368 246 428; x_wconf 91' lang='lat' dir='ltr'><strong>accidit</strong></span> <span class='ocrx_word' id='word_1_7' title='bbox 265 366 296 426; x_wconf 89' lang='lat' dir='ltr'><strong>P.</strong></span> <span class='ocrx_word' id='word_1_8' title='bbox 314 362 469 426; x_wconf 72' lang='lat' dir='ltr'><strong>belioco.</strong></span> <span class='ocrx_word' id='word_1_9' title='bbox 487 362 624 424; x_wconf 75' lang='lat' dir='ltr'><strong>Cornelio</strong></span> <span class='ocrx_word' id='word_1_10' title='bbox 647 379 744 440; x_wconf 81' lang='lat' dir='ltr'><strong>coss,</strong></span> <span class='ocrx_word' id='word_1_11' title='bbox 765 379 823 440; x_wconf 93' lang='lat' dir='ltr'><strong>quo</strong></span> <span class='ocrx_word' id='word_1_12' title='bbox 841 379 916 424; x_wconf 87' lang='lat' dir='ltr'><strong>auno</strong></span> <span class='ocrx_word' id='word_1_13' title='bbox 933 369 1095 440; x_wconf 85' lang='lat' dir='ltr'><strong>superatus</strong></span> <span class='ocrx_word' id='word_1_14' title='bbox 1111 369 1164 420; x_wconf 88' lang='lat' dir='ltr'><strong>est</strong></span> 
     </span>
     <span class='ocr_line' id='line_1_3' title="bbox 140 445 1113 526; baseline -0.007 -14"><span class='ocrx_word' id='word_1_15' title='bbox 140 449 292 512; x_wconf 79' lang='lat' dir='ltr'><strong>Hannibal.</strong></span> <span class='ocrx_word' id='word_1_16' title='bbox 322 451 350 509; x_wconf 94' lang='lat' dir='ltr'><strong>in</strong></span> <span class='ocrx_word' id='word_1_17' title='bbox 366 448 518 510; x_wconf 82' lang='lat' dir='ltr'><strong>arboribus</strong></span> <span class='ocrx_word' id='word_1_18' title='bbox 535 450 609 508; x_wconf 85' lang='lat' dir='ltr'><strong>anina</strong></span> <span class='ocrx_word' id='word_1_19' title='bbox 624 457 682 508; x_wconf 91' lang='lat' dir='ltr'><strong>turn</strong></span> <span class='ocrx_word' id='word_1_20' title='bbox 697 457 763 508; x_wconf 90' lang='lat' dir='ltr'><strong>nata</strong></span> <span class='ocrx_word' id='word_1_21' title='bbox 778 445 938 526; x_wconf 91' lang='lat' dir='ltr'><strong>produntur</strong></span> <span class='ocrx_word' id='word_1_22' title='bbox 952 447 1113 507; x_wconf 82' lang='lat' dir='ltr'><strong>frumenta.</strong></span> 
     </span>
    </p>

    <p class='ocr_par' dir='ltr' id='par_1_3' title="bbox 99 528 1186 783">
     <span class='ocr_line' id='line_1_4' title="bbox 99 528 1163 614; baseline -0.009 -15"><span class='ocrx_word' id='word_1_23' title='bbox 99 545 150 601; x_wconf 86' lang='grc'><strong>167</strong></span> <span class='ocrx_word' id='word_1_24' title='bbox 216 535 300 614; x_wconf 87' lang='grc'><strong>(47.)</strong></span> <span class='ocrx_word' id='word_1_25' title='bbox 310 533 361 594; x_wconf 75' lang='lat' dir='ltr'><strong>,m</strong></span> <span class='ocrx_word' id='word_1_26' title='bbox 383 536 517 612; x_wconf 91' lang='lat' dir='ltr'><strong>quoniam</strong></span> <span class='ocrx_word' id='word_1_27' title='bbox 540 531 577 593; x_wconf 93' lang='lat' dir='ltr'><strong>de</strong></span> <span class='ocrx_word' id='word_1_28' title='bbox 600 534 714 610; x_wconf 76' lang='lat' dir='ltr'><strong>frugum</strong></span> <span class='ocrx_word' id='word_1_29' title='bbox 736 541 893 609; x_wconf 81' lang='lat' dir='ltr'><strong>terraeque</strong></span> <span class='ocrx_word' id='word_1_30' title='bbox 916 530 1082 610; x_wconf 85' lang='lat' dir='ltr'><strong>generibus</strong></span> <span class='ocrx_word' id='word_1_31' title='bbox 1104 528 1163 590; x_wconf 89' lang='lat' dir='ltr'><strong>ab·</strong></span> 
     </span>
     <span class='ocr_line' id='line_1_5' title="bbox 141 616 1164 696; baseline -0.006 -16"><span class='ocrx_word' id='word_1_32' title='bbox 141 621 217 681; x_wconf 91' lang='lat' dir='ltr'><strong>unde</strong></span> <span class='ocrx_word' id='word_1_33' title='bbox 237 620 375 695; x_wconf 83' lang='lat' dir='ltr'>diximus,</span> <span class='ocrx_word' id='word_1_34' title='bbox 398 636 473 678; x_wconf 90' lang='lat' dir='ltr'><strong>nuno</strong></span> <span class='ocrx_word' id='word_1_35' title='bbox 488 618 524 678; x_wconf 92' lang='lat' dir='ltr'><strong>de</strong></span> <span class='ocrx_word' id='word_1_36' title='bbox 540 617 640 678; x_wconf 90' lang='lat' dir='ltr'><strong>arandi</strong></span> <span class='ocrx_word' id='word_1_37' title='bbox 655 618 768 696; x_wconf 82' lang='lat' dir='ltr'><strong>ratione</strong></span> <span class='ocrx_word' id='word_1_38' title='bbox 790 616 937 692; x_wconf 91' lang='lat' dir='ltr'><strong>dicemus,</strong></span> <span class='ocrx_word' id='word_1_39' title='bbox 963 625 1032 676; x_wconf 89' lang='lat' dir='ltr'><strong>ante</strong></span> <span class='ocrx_word' id='word_1_40' title='bbox 1057 616 1164 674; x_wconf 88' lang='lat' dir='ltr'><strong>omnia</strong></span> 
     </span>
     <span class='ocr_line' id='line_1_6' title="bbox 142 698 1186 783; baseline -0.004 -19"><span class='ocrx_word' id='word_1_41' title='bbox 142 703 271 783; x_wconf 77' lang='lat' dir='ltr'><strong>Aegypti</strong></span> <span class='ocrx_word' id='word_1_42' title='bbox 294 701 433 764; x_wconf 76' lang='lat' dir='ltr'><strong>facilitate</strong></span> <span class='ocrx_word' id='word_1_43' title='bbox 455 711 679 766; x_wconf 83' lang='lat' dir='ltr'><strong>comnemorata.</strong></span> <span class='ocrx_word' id='word_1_44' title='bbox 712 699 795 761; x_wconf 88' lang='lat' dir='ltr'><strong>Nilus</strong></span> <span class='ocrx_word' id='word_1_45' title='bbox 811 700 860 760; x_wconf 91' lang='lat' dir='ltr'><strong>ibi</strong></span> <span class='ocrx_word' id='word_1_46' title='bbox 877 701 977 762; x_wconf 88' lang='lat' dir='ltr'><strong>coloni</strong></span> <span class='ocrx_word' id='word_1_47' title='bbox 993 701 1063 760; x_wconf 91' lang='lat' dir='ltr'><strong>vice</strong></span> <span class='ocrx_word' id='word_1_48' title='bbox 1090 698 1186 760; x_wconf 85' lang='lat' dir='ltr'><strong>fun-s</strong></span> 
     </span>
    </p>

    <p class='ocr_par' dir='ltr' id='par_1_4' title="bbox 97 785 1165 950">
     <span class='ocr_line' id='line_1_7' title="bbox 97 785 1165 867; baseline -0.003 -21"><span class='ocrx_word' id='word_1_49' title='bbox 97 807 227 867; x_wconf 72' lang='lat' dir='ltr'><strong>uergens</strong></span> <span class='ocrx_word' id='word_1_50' title='bbox 241 787 361 864; x_wconf 89' lang='lat' dir='ltr'><strong>evagari</strong></span> <span class='ocrx_word' id='word_1_51' title='bbox 375 788 486 866; x_wconf 78' lang='lat' dir='ltr'><strong>incipit,</strong></span> <span class='ocrx_word' id='word_1_52' title='bbox 499 797 530 848; x_wconf 93' lang='lat' dir='ltr'><strong>ut</strong></span> <span class='ocrx_word' id='word_1_53' title='bbox 544 788 682 862; x_wconf 86' lang='lat' dir='ltr'><strong>diximus,</strong></span> <span class='ocrx_word' id='word_1_54' title='bbox 701 785 828 847; x_wconf 85' lang='lat' dir='ltr'><strong>solstitio</strong></span> <span class='ocrx_word' id='word_1_55' title='bbox 844 803 860 846; x_wconf 91' lang='lat' dir='ltr'><strong>a</strong></span> <span class='ocrx_word' id='word_1_56' title='bbox 873 803 948 846; x_wconf 92' lang='lat' dir='ltr'><strong>nova</strong></span> <span class='ocrx_word' id='word_1_57' title='bbox 962 785 1042 862; x_wconf 90' lang='lat' dir='ltr'><strong>luna,</strong></span> <span class='ocrx_word' id='word_1_58' title='bbox 1056 786 1165 864; x_wconf 89' lang='lat' dir='ltr'><strong>primo</strong></span> 
     </span>
     <span class='ocr_line' id='line_1_8' title="bbox 141 870 1164 950; baseline -0.009 -14"><span class='ocrx_word' id='word_1_59' title='bbox 141 876 231 950; x_wconf 90' lang='lat' dir='ltr'><strong>lente,</strong></span> <span class='ocrx_word' id='word_1_60' title='bbox 251 871 318 932; x_wconf 92' lang='lat' dir='ltr'><strong>dein</strong></span> <span class='ocrx_word' id='word_1_61' title='bbox 336 871 547 948; x_wconf 87' lang='lat' dir='ltr'><strong>vehementius,</strong></span> <span class='ocrx_word' id='word_1_62' title='bbox 570 871 703 950; x_wconf 88' lang='lat' dir='ltr'><strong>quamdiu</strong></span> <span class='ocrx_word' id='word_1_63' title='bbox 720 870 749 930; x_wconf 92' lang='lat' dir='ltr'><strong>in</strong></span> <span class='ocrx_word' id='word_1_64' title='bbox 768 871 857 930; x_wconf 91' lang='lat' dir='ltr'><strong>leone</strong></span> <span class='ocrx_word' id='word_1_65' title='bbox 871 871 918 930; x_wconf 92' lang='lat' dir='ltr'><strong>sol</strong></span> <span class='ocrx_word' id='word_1_66' title='bbox 936 879 990 930; x_wconf 91' lang='lat' dir='ltr'><strong>est.</strong></span> <span class='ocrx_word' id='word_1_67' title='bbox 1017 887 1096 930; x_wconf 83' lang='lat' dir='ltr'><strong>mox</strong></span> <span class='ocrx_word' id='word_1_68' title='bbox 1119 870 1164 948; x_wconf 93' lang='lat' dir='ltr'><strong>pi·</strong></span> 
     </span>
    </p>

    <p class='ocr_par' dir='ltr' id='par_1_5' title="bbox 100 954 1196 1459">
     <span class='ocr_line' id='line_1_9' title="bbox 100 954 1165 1036; baseline -0.005 -18"><span class='ocrx_word' id='word_1_69' title='bbox 100 970 150 1026; x_wconf 78' lang='lat'><strong>168</strong></span> <span class='ocrx_word' id='word_1_70' title='bbox 160 958 273 1036; x_wconf 87' lang='lat' dir='ltr'><strong>grescit</strong></span> <span class='ocrx_word' id='word_1_71' title='bbox 296 958 324 1015; x_wconf 93' lang='lat' dir='ltr'><strong>in</strong></span> <span class='ocrx_word' id='word_1_72' title='bbox 347 958 489 1034; x_wconf 89' lang='lat' dir='ltr'><strong>virginem</strong></span> <span class='ocrx_word' id='word_1_73' title='bbox 511 965 695 1034; x_wconf 87' lang='lat' dir='ltr'><strong>transgresso</strong></span> <span class='ocrx_word' id='word_1_74' title='bbox 716 964 806 1034; x_wconf 90' lang='lat' dir='ltr'><strong>atque</strong></span> <span class='ocrx_word' id='word_1_75' title='bbox 834 957 862 1014; x_wconf 91' lang='lat' dir='ltr'><strong>in</strong></span> <span class='ocrx_word' id='word_1_76' title='bbox 887 954 960 1016; x_wconf 92' lang='lat' dir='ltr'><strong>libra</strong></span> <span class='ocrx_word' id='word_1_77' title='bbox 979 955 1101 1016; x_wconf 84' lang='lat' dir='ltr'><strong>residit.</strong></span> <span class='ocrx_word' id='word_1_78' title='bbox 1140 954 1165 1013; x_wconf 92' lang='lat' dir='ltr'><strong>si</strong></span> 
     </span>
     <span class='ocr_line' id='line_1_10' title="bbox 142 1039 1163 1116; baseline -0.006 -12"><span class='ocrx_word' id='word_1_79' title='bbox 142 1043 295 1104; x_wconf 88' lang='lat' dir='ltr'><strong>duodecim</strong></span> <span class='ocrx_word' id='word_1_80' title='bbox 313 1041 408 1101; x_wconf 88' lang='lat' dir='ltr'><strong>cubita</strong></span> <span class='ocrx_word' id='word_1_81' title='bbox 431 1058 490 1101; x_wconf 90' lang='lat' dir='ltr'><strong>non</strong></span> <span class='ocrx_word' id='word_1_82' title='bbox 508 1042 653 1116; x_wconf 75' lang='lat' dir='ltr'><strong>excessit,</strong></span> <span class='ocrx_word' id='word_1_83' title='bbox 677 1041 769 1114; x_wconf 86' lang='lat' dir='ltr'><strong>larnes</strong></span> <span class='ocrx_word' id='word_1_84' title='bbox 788 1049 870 1100; x_wconf 88' lang='lat' dir='ltr'><strong>certa</strong></span> <span class='ocrx_word' id='word_1_85' title='bbox 885 1049 947 1116; x_wconf 91' lang='lat' dir='ltr'><strong>est,</strong></span> <span class='ocrx_word' id='word_1_86' title='bbox 970 1058 1028 1100; x_wconf 88' lang='lat' dir='ltr'><strong>neo</strong></span> <span class='ocrx_word' id='word_1_87' title='bbox 1046 1039 1163 1113; x_wconf 86' lang='lat' dir='ltr'><strong>minus,</strong></span> 
     </span>
     <span class='ocr_line' id='line_1_11' title="bbox 141 1124 1196 1205; baseline -0.011 -15"><span class='ocrx_word' id='word_1_88' title='bbox 141 1130 166 1190; x_wconf 89' lang='lat' dir='ltr'><strong>si</strong></span> <span class='ocrx_word' id='word_1_89' title='bbox 193 1128 321 1188; x_wconf 84' lang='lat' dir='ltr'><strong>sedecim</strong></span> <span class='ocrx_word' id='word_1_90' title='bbox 340 1127 536 1205; x_wconf 84' lang='lat' dir='ltr'><strong>exsuperavit.</strong></span> <span class='ocrx_word' id='word_1_91' title='bbox 566 1134 646 1186; x_wconf 88' lang='lat' dir='ltr'><strong>tanto</strong></span> <span class='ocrx_word' id='word_1_92' title='bbox 667 1125 742 1184; x_wconf 91' lang='lat' dir='ltr'><strong>enim</strong></span> <span class='ocrx_word' id='word_1_93' title='bbox 765 1125 874 1186; x_wconf 91' lang='lat' dir='ltr'><strong>tardius</strong></span> <span class='ocrx_word' id='word_1_94' title='bbox 896 1124 1012 1186; x_wconf 88' lang='lat' dir='ltr'><strong>decedit</strong></span> <span class='ocrx_word' id='word_1_95' title='bbox 1039 1133 1196 1203; x_wconf 85' lang='lat' dir='ltr'><strong>quantem</strong></span> 
     </span>
     <span class='ocr_line' id='line_1_12' title="bbox 141 1207 1164 1287; baseline -0.007 -13"><span class='ocrx_word' id='word_1_96' title='bbox 141 1211 331 1274; x_wconf 89' lang='lat' dir='ltr'><strong>abundantius</strong></span> <span class='ocrx_word' id='word_1_97' title='bbox 348 1213 456 1287; x_wconf 89' lang='lat' dir='ltr'><strong>crevit,</strong></span> <span class='ocrx_word' id='word_1_98' title='bbox 481 1220 510 1271; x_wconf 91' lang='lat' dir='ltr'><strong>et</strong></span> <span class='ocrx_word' id='word_1_99' title='bbox 529 1220 688 1271; x_wconf 86' lang='lat' dir='ltr'><strong>sementem</strong></span> <span class='ocrx_word' id='word_1_100' title='bbox 704 1219 796 1270; x_wconf 88' lang='lat' dir='ltr'><strong>arcet.</strong></span> <span class='ocrx_word' id='word_1_101' title='bbox 829 1209 919 1287; x_wconf 90' lang='lat' dir='ltr'><strong>volgo</strong></span> <span class='ocrx_word' id='word_1_102' title='bbox 937 1207 1129 1270; x_wconf 82' lang='lat' dir='ltr'><strong>credebatur</strong></span> <span class='ocrx_word' id='word_1_103' title='bbox 1147 1225 1164 1267; x_wconf 94' lang='lat' dir='ltr'><strong>a</strong></span> 
     </span>
     <span class='ocr_line' id='line_1_13' title="bbox 142 1293 1163 1372; baseline -0.003 -15"><span class='ocrx_word' id='word_1_104' title='bbox 142 1297 267 1358; x_wconf 83' lang='lat' dir='ltr'><strong>decessu</strong></span> <span class='ocrx_word' id='word_1_105' title='bbox 296 1297 360 1355; x_wconf 91' lang='lat' dir='ltr'><strong>eius</strong></span> <span class='ocrx_word' id='word_1_106' title='bbox 388 1313 490 1356; x_wconf 88' lang='lat' dir='ltr'><strong>serere</strong></span> <span class='ocrx_word' id='word_1_107' title='bbox 514 1295 619 1356; x_wconf 90' lang='lat' dir='ltr'><strong>solitos</strong></span> <span class='ocrx_word' id='word_1_108' title='bbox 646 1311 715 1354; x_wconf 85' lang='lat' dir='ltr'><strong>mox</strong></span> <span class='ocrx_word' id='word_1_109' title='bbox 744 1313 814 1354; x_wconf 87' lang='lat' dir='ltr'><strong>sues</strong></span> <span class='ocrx_word' id='word_1_110' title='bbox 843 1293 988 1372; x_wconf 86' lang='lat' dir='ltr'><strong>inpellere</strong></span> <span class='ocrx_word' id='word_1_111' title='bbox 1014 1293 1163 1371; x_wconf 86' lang='lat' dir='ltr'><strong>vestigiis</strong></span> 
     </span>
     <span class='ocr_line' id='line_1_14' title="bbox 141 1377 1162 1459; baseline -0.005 -17"><span class='ocrx_word' id='word_1_112' title='bbox 141 1381 250 1442; x_wconf 88' lang='lat' dir='ltr'><strong>semina</strong></span> <span class='ocrx_word' id='word_1_113' title='bbox 268 1381 456 1459; x_wconf 91' lang='lat' dir='ltr'><strong>deprimentis</strong></span> <span class='ocrx_word' id='word_1_114' title='bbox 476 1381 505 1440; x_wconf 93' lang='lat' dir='ltr'><strong>in</strong></span> <span class='ocrx_word' id='word_1_115' title='bbox 520 1379 634 1440; x_wconf 88' lang='lat' dir='ltr'><strong>madido</strong></span> <span class='ocrx_word' id='word_1_116' title='bbox 652 1379 728 1456; x_wconf 92' lang='lat' dir='ltr'><strong>solo,</strong></span> <span class='ocrx_word' id='word_1_117' title='bbox 743 1389 774 1440; x_wconf 91' lang='lat' dir='ltr'><strong>et</strong></span> <span class='ocrx_word' id='word_1_118' title='bbox 790 1379 879 1440; x_wconf 86' lang='lat' dir='ltr'><strong>credo</strong></span> <span class='ocrx_word' id='word_1_119' title='bbox 897 1379 1055 1458; x_wconf 89' lang='lat' dir='ltr'><strong>antiquitus</strong></span> <span class='ocrx_word' id='word_1_120' title='bbox 1069 1377 1162 1438; x_wconf 84' lang='lat' dir='ltr'><strong>facti·</strong></span> 
     </span>
    </p>

    <p class='ocr_par' dir='ltr' id='par_1_6' title="bbox 99 1462 1195 1966">
     <span class='ocr_line' id='line_1_15' title="bbox 99 1462 1163 1544; baseline -0.006 -14"><span class='ocrx_word' id='word_1_121' title='bbox 99 1475 150 1532; x_wconf 83' lang='grc'><strong>169</strong></span> <span class='ocrx_word' id='word_1_122' title='bbox 162 1475 260 1525; x_wconf 85' lang='lat' dir='ltr'><strong>tatum.</strong></span> <span class='ocrx_word' id='word_1_123' title='bbox 291 1481 366 1524; x_wconf 90' lang='lat' dir='ltr'><strong>nuno</strong></span> <span class='ocrx_word' id='word_1_124' title='bbox 382 1482 499 1544; x_wconf 88' lang='lat' dir='ltr'><strong>quoque</strong></span> <span class='ocrx_word' id='word_1_125' title='bbox 517 1482 574 1524; x_wconf 88' lang='lat' dir='ltr'><strong>oon</strong></span> <span class='ocrx_word' id='word_1_126' title='bbox 589 1464 678 1524; x_wconf 90' lang='lat' dir='ltr'><strong>multo</strong></span> <span class='ocrx_word' id='word_1_127' title='bbox 700 1465 837 1542; x_wconf 86' lang='lat' dir='ltr'><strong>graviora</strong></span> <span class='ocrx_word' id='word_1_128' title='bbox 853 1481 961 1543; x_wconf 90' lang='lat' dir='ltr'><strong>opera,</strong></span> <span class='ocrx_word' id='word_1_129' title='bbox 985 1462 1039 1522; x_wconf 87' lang='lat' dir='ltr'><strong>sed</strong></span> <span class='ocrx_word' id='word_1_130' title='bbox 1056 1471 1163 1524; x_wconf 82' lang='lat' dir='ltr'><strong>tamon</strong></span> 
     </span>
     <span class='ocr_line' id='line_1_16' title="bbox 140 1546 1195 1628; baseline -0.004 -18"><span class='ocrx_word' id='word_1_131' title='bbox 140 1551 245 1610; x_wconf 92' lang='lat' dir='ltr'><strong>inarari</strong></span> <span class='ocrx_word' id='word_1_132' title='bbox 267 1559 379 1610; x_wconf 89' lang='lat' dir='ltr'><strong>certum</strong></span> <span class='ocrx_word' id='word_1_133' title='bbox 405 1559 452 1608; x_wconf 89' lang='lat' dir='ltr'><strong>est</strong></span> <span class='ocrx_word' id='word_1_134' title='bbox 477 1548 591 1610; x_wconf 90' lang='lat' dir='ltr'><strong>abiecta</strong></span> <span class='ocrx_word' id='word_1_135' title='bbox 617 1549 834 1628; x_wconf 89' lang='lat' dir='ltr'><strong>priussemina</strong></span> <span class='ocrx_word' id='word_1_136' title='bbox 858 1551 887 1608; x_wconf 93' lang='lat' dir='ltr'><strong>in</strong></span> <span class='ocrx_word' id='word_1_137' title='bbox 911 1548 979 1608; x_wconf 93' lang='lat' dir='ltr'><strong>limo</strong></span> <span class='ocrx_word' id='word_1_138' title='bbox 1010 1546 1162 1625; x_wconf 88' lang='lat' dir='ltr'><strong>degressi</strong></span> <span class='ocrx_word' id='word_1_139' title='bbox 1171 1555 1195 1598; x_wconf 75' lang='lat'><strong>1⁸</strong></span> 
     </span>
     <span class='ocr_line' id='line_1_17' title="bbox 141 1632 1162 1713; baseline -0.004 -18"><span class='ocrx_word' id='word_1_140' title='bbox 141 1635 241 1713; x_wconf 89' lang='lat' dir='ltr'><strong>amnis,</strong></span> <span class='ocrx_word' id='word_1_141' title='bbox 258 1634 315 1694; x_wconf 91' lang='lat' dir='ltr'><strong>boo</strong></span> <span class='ocrx_word' id='word_1_142' title='bbox 332 1643 376 1694; x_wconf 90' lang='lat' dir='ltr'><strong>est</strong></span> <span class='ocrx_word' id='word_1_143' title='bbox 387 1632 547 1694; x_wconf 88' lang='lat' dir='ltr'><strong>Novembri</strong></span> <span class='ocrx_word' id='word_1_144' title='bbox 561 1651 661 1694; x_wconf 90' lang='lat' dir='ltr'><strong>mense</strong></span> <span class='ocrx_word' id='word_1_145' title='bbox 676 1634 845 1711; x_wconf 83' lang='lat' dir='ltr'><strong>incipiente,</strong></span> <span class='ocrx_word' id='word_1_146' title='bbox 861 1641 966 1712; x_wconf 88' lang='lat' dir='ltr'><strong>postea</strong></span> <span class='ocrx_word' id='word_1_147' title='bbox 981 1633 1073 1711; x_wconf 88' lang='lat' dir='ltr'><strong>pauci</strong></span> <span class='ocrx_word' id='word_1_148' title='bbox 1089 1650 1162 1692; x_wconf 89' lang='lat' dir='ltr'><strong>run·</strong></span> 
     </span>
     <span class='ocr_line' id='line_1_18' title="bbox 141 1717 1163 1797; baseline -0.003 -17"><span class='ocrx_word' id='word_1_149' title='bbox 141 1729 207 1780; x_wconf 90' lang='lat' dir='ltr'><strong>cant</strong></span> <span class='ocrx_word' id='word_1_150' title='bbox 226 1752 268 1764; x_wconf 82' lang='grc'>-</span> <span class='ocrx_word' id='word_1_151' title='bbox 289 1719 472 1780; x_wconf 85' lang='lat' dir='ltr'><strong>botanismon</strong></span> <span class='ocrx_word' id='word_1_152' title='bbox 495 1727 602 1780; x_wconf 89' lang='lat' dir='ltr'><strong>vocant</strong></span> <span class='ocrx_word' id='word_1_153' title='bbox 618 1751 670 1776; x_wconf 90' lang='lat'><strong>—.</strong></span> <span class='ocrx_word' id='word_1_154' title='bbox 701 1717 815 1797; x_wconf 90' lang='lat' dir='ltr'><strong>reliqua</strong></span> <span class='ocrx_word' id='word_1_155' title='bbox 836 1736 904 1797; x_wconf 88' lang='lat' dir='ltr'><strong>pars</strong></span> <span class='ocrx_word' id='word_1_156' title='bbox 922 1734 980 1777; x_wconf 94' lang='lat' dir='ltr'><strong>non</strong></span> <span class='ocrx_word' id='word_1_157' title='bbox 1004 1717 1064 1778; x_wconf 89' lang='lat' dir='ltr'><strong>nisi</strong></span> <span class='ocrx_word' id='word_1_158' title='bbox 1091 1735 1163 1777; x_wconf 86' lang='lat' dir='ltr'><strong>curn</strong></span> 
     </span>
     <span class='ocr_line' id='line_1_19' title="bbox 140 1803 1163 1881; baseline -0.003 -17"><span class='ocrx_word' id='word_1_159' title='bbox 140 1805 217 1866; x_wconf 85' lang='lat' dir='ltr'><strong>laice</strong></span> <span class='ocrx_word' id='word_1_160' title='bbox 233 1805 374 1864; x_wconf 87' lang='lat' dir='ltr'><strong>arvavisit</strong></span> <span class='ocrx_word' id='word_1_161' title='bbox 390 1803 478 1881; x_wconf 91' lang='lat' dir='ltr'><strong>paulo</strong></span> <span class='ocrx_word' id='word_1_162' title='bbox 492 1813 558 1866; x_wconf 90' lang='lat' dir='ltr'><strong>ante</strong></span> <span class='ocrx_word' id='word_1_163' title='bbox 574 1803 714 1864; x_wconf 88' lang='lat' dir='ltr'><strong>kalendas</strong></span> <span class='ocrx_word' id='word_1_164' title='bbox 723 1803 843 1881; x_wconf 81' lang='lat' dir='ltr'><strong>Aprilis.</strong></span> <span class='ocrx_word' id='word_1_165' title='bbox 861 1804 1163 1881; x_wconf 90' lang='lat' dir='ltr'><strong>peragitaturautem</strong></span> 
     </span>
     <span class='ocr_line' id='line_1_20' title="bbox 140 1885 1161 1966; baseline -0.003 -18"><span class='ocrx_word' id='word_1_166' title='bbox 140 1889 245 1948; x_wconf 87' lang='lat' dir='ltr'><strong>messis</strong></span> <span class='ocrx_word' id='word_1_167' title='bbox 260 1905 361 1948; x_wconf 89' lang='lat' dir='ltr'><strong>mense</strong></span> <span class='ocrx_word' id='word_1_168' title='bbox 376 1886 471 1963; x_wconf 85' lang='lat' dir='ltr'><strong>bloio,</strong></span> <span class='ocrx_word' id='word_1_169' title='bbox 494 1889 599 1965; x_wconf 88' lang='lat' dir='ltr'><strong>stipula</strong></span> <span class='ocrx_word' id='word_1_170' title='bbox 617 1905 770 1966; x_wconf 82' lang='lat' dir='ltr'><strong>numquam</strong></span> <span class='ocrx_word' id='word_1_171' title='bbox 785 1887 915 1963; x_wconf 82' lang='lat' dir='ltr'><strong>cubitali,</strong></span> <span class='ocrx_word' id='word_1_172' title='bbox 938 1889 1049 1966; x_wconf 89' lang='lat' dir='ltr'><strong>quippe</strong></span> <span class='ocrx_word' id='word_1_173' title='bbox 1067 1885 1161 1946; x_wconf 84' lang='lat' dir='ltr'><strong>sabu-</strong></span> 
     </span>
    </p>

    <p class='ocr_par' dir='ltr' id='par_1_7' title="bbox 99 1971 1196 2390">
     <span class='ocr_line' id='line_1_21' title="bbox 99 1971 1196 2050; baseline -0.008 -14"><span class='ocrx_word' id='word_1_174' title='bbox 99 1978 150 2035; x_wconf 85' lang='grc'><strong>170</strong></span> <span class='ocrx_word' id='word_1_175' title='bbox 161 1973 219 2032; x_wconf 91' lang='lat' dir='ltr'><strong>lum</strong></span> <span class='ocrx_word' id='word_1_176' title='bbox 235 1971 334 2031; x_wconf 90' lang='lat' dir='ltr'><strong>subest</strong></span> <span class='ocrx_word' id='word_1_177' title='bbox 349 1989 527 2050; x_wconf 81' lang='lat' dir='ltr'><strong>granumque</strong></span> <span class='ocrx_word' id='word_1_178' title='bbox 542 1972 611 2031; x_wconf 91' lang='lat' dir='ltr'><strong>limo</strong></span> <span class='ocrx_word' id='word_1_179' title='bbox 626 1981 734 2032; x_wconf 88' lang='lat' dir='ltr'><strong>tantum</strong></span> <span class='ocrx_word' id='word_1_180' title='bbox 749 1973 920 2032; x_wconf 89' lang='lat' dir='ltr'><strong>continetur.</strong></span> <span class='ocrx_word' id='word_1_181' title='bbox 944 1971 1196 2032; x_wconf 81' lang='lat' dir='ltr'><strong>Excellentiuser</strong></span> 
     </span>
     <span class='ocr_line' id='line_1_22' title="bbox 140 2055 1160 2136; baseline -0.003 -19"><span class='ocrx_word' id='word_1_182' title='bbox 140 2055 298 2116; x_wconf 84' lang='lat' dir='ltr'><strong>Thebaidis</strong></span> <span class='ocrx_word' id='word_1_183' title='bbox 320 2057 434 2133; x_wconf 92' lang='lat' dir='ltr'><strong>regioni</strong></span> <span class='ocrx_word' id='word_1_184' title='bbox 454 2055 642 2132; x_wconf 84' lang='lat' dir='ltr'><strong>frumentum,</strong></span> <span class='ocrx_word' id='word_1_185' title='bbox 671 2059 806 2135; x_wconf 91' lang='lat' dir='ltr'><strong>quoniam</strong></span> <span class='ocrx_word' id='word_1_186' title='bbox 829 2055 966 2136; x_wconf 90' lang='lat' dir='ltr'><strong>palustris</strong></span> <span class='ocrx_word' id='word_1_187' title='bbox 983 2056 1160 2134; x_wconf 76' lang='lat' dir='ltr'><strong>Aegyptus.</strong></span> 
     </span>
     <span class='ocr_line' id='line_1_23' title="bbox 140 2139 1161 2216; baseline 0 -17"><span class='ocrx_word' id='word_1_188' title='bbox 140 2139 242 2199; x_wconf 92' lang='lat' dir='ltr'><strong>similis</strong></span> <span class='ocrx_word' id='word_1_189' title='bbox 259 2141 344 2215; x_wconf 89' lang='lat' dir='ltr'><strong>ratio,</strong></span> <span class='ocrx_word' id='word_1_190' title='bbox 368 2141 421 2200; x_wconf 88' lang='lat' dir='ltr'><strong>sed</strong></span> <span class='ocrx_word' id='word_1_191' title='bbox 435 2140 561 2202; x_wconf 87' lang='lat' dir='ltr'><strong>lelicitas</strong></span> <span class='ocrx_word' id='word_1_192' title='bbox 577 2143 683 2216; x_wconf 88' lang='lat' dir='ltr'><strong>maior,</strong></span> <span class='ocrx_word' id='word_1_193' title='bbox 707 2139 887 2215; x_wconf 73' lang='lat' dir='ltr'><strong>Babyloniae</strong></span> <span class='ocrx_word' id='word_1_194' title='bbox 903 2140 1076 2215; x_wconf 88' lang='lat' dir='ltr'><strong>Seleuciae,</strong></span> <span class='ocrx_word' id='word_1_195' title='bbox 1099 2139 1161 2199; x_wconf 89' lang='lat' dir='ltr'><strong>Eu·</strong></span> 
     </span>
     <span class='ocr_line' id='line_1_24' title="bbox 141 2224 1162 2304; baseline 0 -20"><span class='ocrx_word' id='word_1_196' title='bbox 141 2225 243 2302; x_wconf 91' lang='lat' dir='ltr'><strong>pbrate</strong></span> <span class='ocrx_word' id='word_1_197' title='bbox 261 2232 348 2302; x_wconf 90' lang='lat' dir='ltr'><strong>atque</strong></span> <span class='ocrx_word' id='word_1_198' title='bbox 374 2224 454 2302; x_wconf 82' lang='lat' dir='ltr'><strong>Tigri</strong></span> <span class='ocrx_word' id='word_1_199' title='bbox 477 2226 730 2304; x_wconf 81' lang='lat' dir='ltr'><strong>restagnantibus,</strong></span> <span class='ocrx_word' id='word_1_200' title='bbox 761 2225 895 2304; x_wconf 91' lang='lat' dir='ltr'><strong>quoniam</strong></span> <span class='ocrx_word' id='word_1_201' title='bbox 910 2224 1030 2302; x_wconf 86' lang='lat' dir='ltr'><strong>rigandi</strong></span> <span class='ocrx_word' id='word_1_202' title='bbox 1048 2225 1162 2284; x_wconf 87' lang='lat' dir='ltr'><strong>modus</strong></span> 
     </span>
     <span class='ocr_line' id='line_1_25' title="bbox 139 2307 1163 2390; baseline 0 -22"><span class='ocrx_word' id='word_1_203' title='bbox 139 2307 178 2368; x_wconf 89' lang='lat' dir='ltr'><strong>ibi</strong></span> <span class='ocrx_word' id='word_1_204' title='bbox 201 2325 285 2368; x_wconf 86' lang='lat' dir='ltr'><strong>manu</strong></span> <span class='ocrx_word' id='word_1_205' title='bbox 305 2318 494 2386; x_wconf 86' lang='lat' dir='ltr'><strong>temperatur.</strong></span> <span class='ocrx_word' id='word_1_206' title='bbox 531 2311 615 2386; x_wconf 80' lang='lat' dir='ltr'><strong>Syria</strong></span> <span class='ocrx_word' id='word_1_207' title='bbox 638 2328 755 2390; x_wconf 89' lang='lat' dir='ltr'><strong>quoque</strong></span> <span class='ocrx_word' id='word_1_208' title='bbox 775 2311 853 2370; x_wconf 88' lang='lat' dir='ltr'><strong>tenui</strong></span> <span class='ocrx_word' id='word_1_209' title='bbox 877 2310 960 2370; x_wconf 88' lang='lat' dir='ltr'><strong>sulco</strong></span> <span class='ocrx_word' id='word_1_210' title='bbox 983 2318 1065 2384; x_wconf 86' lang='lat' dir='ltr'><strong>arat,</strong></span> <span class='ocrx_word' id='word_1_211' title='bbox 1091 2327 1163 2370; x_wconf 88' lang='lat' dir='ltr'><strong>cum</strong></span> 
     </span>
    </p>

    <p class='ocr_par' dir='ltr' id='par_1_8' title="bbox 51 2393 1197 2643">
     <span class='ocr_line' id='line_1_26' title="bbox 51 2393 1197 2472; baseline 0.003 -20"><span class='ocrx_word' id='word_1_212' title='bbox 51 2395 53 2400; x_wconf 85' lang='lat'>&#39;</span> <span class='ocrx_word' id='word_1_213' title='bbox 139 2393 322 2454; x_wconf 81' lang='lat' dir='ltr'><strong>multifariam</strong></span> <span class='ocrx_word' id='word_1_214' title='bbox 337 2393 461 2458; x_wconf 87' lang='lat' dir='ltr'><strong>initalia</strong></span> <span class='ocrx_word' id='word_1_215' title='bbox 476 2396 574 2454; x_wconf 89' lang='lat' dir='ltr'><strong>octoni</strong></span> <span class='ocrx_word' id='word_1_216' title='bbox 590 2395 684 2454; x_wconf 90' lang='lat' dir='ltr'><strong>boves</strong></span> <span class='ocrx_word' id='word_1_217' title='bbox 706 2395 741 2456; x_wconf 90' lang='lat' dir='ltr'><strong>ad</strong></span> <span class='ocrx_word' id='word_1_218' title='bbox 759 2394 891 2472; x_wconf 87' lang='lat' dir='ltr'><strong>singulos</strong></span> <span class='ocrx_word' id='word_1_219' title='bbox 906 2411 1045 2454; x_wconf 83' lang='lat' dir='ltr'><strong>vomeres</strong></span> <span class='ocrx_word' id='word_1_220' title='bbox 1061 2394 1197 2455; x_wconf 79' lang='lat' dir='ltr'><strong>anbe-aa</strong></span> 
     </span>
     <span class='ocr_line' id='line_1_27' title="bbox 138 2476 1162 2558; baseline 0 -19"><span class='ocrx_word' id='word_1_221' title='bbox 138 2479 208 2540; x_wconf 90' lang='lat' dir='ltr'><strong>lent.</strong></span> <span class='ocrx_word' id='word_1_222' title='bbox 221 2476 253 2538; x_wconf 90' lang='lat' dir='ltr'><strong>ln</strong></span> <span class='ocrx_word' id='word_1_223' title='bbox 262 2479 460 2557; x_wconf 90' lang='lat' dir='ltr'><strong>omniquidem</strong></span> <span class='ocrx_word' id='word_1_224' title='bbox 473 2487 556 2558; x_wconf 90' lang='lat' dir='ltr'><strong>parte</strong></span> <span class='ocrx_word' id='word_1_225' title='bbox 569 2479 712 2556; x_wconf 92' lang='lat' dir='ltr'><strong>culturae,</strong></span> <span class='ocrx_word' id='word_1_226' title='bbox 721 2480 774 2540; x_wconf 91' lang='lat' dir='ltr'><strong>sed</strong></span> <span class='ocrx_word' id='word_1_227' title='bbox 786 2479 876 2540; x_wconf 90' lang='lat' dir='ltr'><strong>inbao</strong></span> <span class='ocrx_word' id='word_1_228' title='bbox 889 2479 1005 2558; x_wconf 87' lang='lat' dir='ltr'><strong>quidem</strong></span> <span class='ocrx_word' id='word_1_229' title='bbox 1014 2497 1162 2540; x_wconf 86' lang='lat' dir='ltr'><strong>maxume</strong></span> 
     </span>
     <span class='ocr_line' id='line_1_28' title="bbox 138 2560 1087 2643; baseline -0.001 -20"><span class='ocrx_word' id='word_1_230' title='bbox 138 2563 218 2623; x_wconf 87' lang='lat' dir='ltr'><strong>valet</strong></span> <span class='ocrx_word' id='word_1_231' title='bbox 233 2560 381 2624; x_wconf 88' lang='lat' dir='ltr'><strong>oraculum</strong></span> <span class='ocrx_word' id='word_1_232' title='bbox 391 2561 478 2624; x_wconf 93' lang='lat' dir='ltr'><strong>illud:</strong></span> <span class='ocrx_word' id='word_1_233' title='bbox 496 2563 580 2641; x_wconf 92' lang='lat' dir='ltr'><strong>quid</strong></span> <span class='ocrx_word' id='word_1_234' title='bbox 597 2581 765 2643; x_wconf 89' lang='lat' dir='ltr'><strong>quaeque</strong></span> <span class='ocrx_word' id='word_1_235' title='bbox 781 2565 888 2642; x_wconf 89' lang='lat' dir='ltr'><strong>regio</strong></span> <span class='ocrx_word' id='word_1_236' title='bbox 904 2564 1087 2643; x_wconf 87' lang='lat' dir='ltr'><strong>patiatur.</strong></span> 
     </span>
    </p>

    <p class='ocr_par' dir='ltr' id='par_1_9' title="bbox 96 2647 1197 3066">
     <span class='ocr_line' id='line_1_29' title="bbox 96 2647 1161 2728; baseline -0.005 -16"><span class='ocrx_word' id='word_1_237' title='bbox 96 2656 146 2712; x_wconf 88' lang='grc'><strong>171</strong></span> <span class='ocrx_word' id='word_1_238' title='bbox 212 2647 296 2728; x_wconf 83' lang='grc'>(48.)</span> <span class='ocrx_word' id='word_1_239' title='bbox 320 2647 476 2708; x_wconf 87' lang='lat' dir='ltr'><strong>Vomerum</strong></span> <span class='ocrx_word' id='word_1_240' title='bbox 499 2647 582 2726; x_wconf 91' lang='lat' dir='ltr'><strong>plura</strong></span> <span class='ocrx_word' id='word_1_241' title='bbox 604 2665 731 2726; x_wconf 90' lang='lat' dir='ltr'><strong>genera:</strong></span> <span class='ocrx_word' id='word_1_242' title='bbox 765 2648 859 2710; x_wconf 92' lang='lat' dir='ltr'><strong>culter</strong></span> <span class='ocrx_word' id='word_1_243' title='bbox 880 2657 1002 2708; x_wconf 84' lang='lat' dir='ltr'><strong>vocatur</strong></span> <span class='ocrx_word' id='word_1_244' title='bbox 1024 2647 1161 2709; x_wconf 79' lang='lat' dir='ltr'><strong>inflexus</strong></span> 
     </span>
     <span class='ocr_line' id='line_1_30' title="bbox 138 2731 1162 2813; baseline 0.003 -23"><span class='ocrx_word' id='word_1_245' title='bbox 138 2731 330 2810; x_wconf 90' lang='lat' dir='ltr'><strong>praedensam</strong></span> <span class='ocrx_word' id='word_1_246' title='bbox 347 2732 512 2812; x_wconf 91' lang='lat' dir='ltr'><strong>priusquam</strong></span> <span class='ocrx_word' id='word_1_247' title='bbox 528 2733 730 2811; x_wconf 88' lang='lat' dir='ltr'><strong>proscindatur</strong></span> <span class='ocrx_word' id='word_1_248' title='bbox 744 2742 850 2794; x_wconf 89' lang='lat' dir='ltr'><strong>terram</strong></span> <span class='ocrx_word' id='word_1_249' title='bbox 865 2751 971 2794; x_wconf 86' lang='lat' dir='ltr'><strong>secans</strong></span> <span class='ocrx_word' id='word_1_250' title='bbox 984 2733 1162 2813; x_wconf 81' lang='lat' dir='ltr'><strong>futurisque</strong></span> 
     </span>
     <span class='ocr_line' id='line_1_31' title="bbox 139 2815 1197 2897; baseline 0.004 -23"><span class='ocrx_word' id='word_1_251' title='bbox 139 2815 228 2876; x_wconf 88' lang='lat' dir='ltr'><strong>sulcis</strong></span> <span class='ocrx_word' id='word_1_252' title='bbox 240 2817 365 2893; x_wconf 90' lang='lat' dir='ltr'><strong>vestigia</strong></span> <span class='ocrx_word' id='word_1_253' title='bbox 379 2816 587 2895; x_wconf 90' lang='lat' dir='ltr'><strong>praescribens</strong></span> <span class='ocrx_word' id='word_1_254' title='bbox 599 2818 734 2878; x_wconf 87' lang='lat' dir='ltr'><strong>incisuris</strong></span> <span class='ocrx_word' id='word_1_255' title='bbox 746 2835 818 2897; x_wconf 85' lang='lat' dir='ltr'><strong>quas</strong></span> <span class='ocrx_word' id='word_1_256' title='bbox 829 2818 983 2896; x_wconf 85' lang='lat' dir='ltr'><strong>resupinus</strong></span> <span class='ocrx_word' id='word_1_257' title='bbox 995 2819 1025 2876; x_wconf 92' lang='lat' dir='ltr'><strong>in</strong></span> <span class='ocrx_word' id='word_1_258' title='bbox 1040 2819 1161 2879; x_wconf 90' lang='lat' dir='ltr'><strong>arando</strong></span> <span class='ocrx_word' id='word_1_259' title='bbox 1171 2835 1197 2878; x_wconf 80' lang='lat' dir='ltr'><strong>so</strong></span> 
     </span>
     <span class='ocr_line' id='line_1_32' title="bbox 137 2901 1159 2981; baseline 0.005 -24"><span class='ocrx_word' id='word_1_260' title='bbox 137 2901 269 2960; x_wconf 91' lang='lat' dir='ltr'><strong>mordeat</strong></span> <span class='ocrx_word' id='word_1_261' title='bbox 291 2917 401 2960; x_wconf 87' lang='lat' dir='ltr'><strong>vomer.</strong></span> <span class='ocrx_word' id='word_1_262' title='bbox 441 2901 562 2962; x_wconf 87' lang='lat' dir='ltr'><strong>alterum</strong></span> <span class='ocrx_word' id='word_1_263' title='bbox 579 2919 673 2978; x_wconf 89' lang='lat' dir='ltr'><strong>genus</strong></span> <span class='ocrx_word' id='word_1_264' title='bbox 693 2912 738 2963; x_wconf 90' lang='lat' dir='ltr'><strong>est</strong></span> <span class='ocrx_word' id='word_1_265' title='bbox 759 2902 882 2981; x_wconf 77' lang='lat' dir='ltr'><strong>volgare</strong></span> <span class='ocrx_word' id='word_1_266' title='bbox 902 2903 1021 2963; x_wconf 87' lang='lat' dir='ltr'><strong>rostrati</strong></span> <span class='ocrx_word' id='word_1_267' title='bbox 1042 2904 1159 2965; x_wconf 84' lang='lat' dir='ltr'><strong>vectis.</strong></span> 
     </span>
     <span class='ocr_line' id='line_1_33' title="bbox 138 2985 1160 3066; baseline 0.004 -22"><span class='ocrx_word' id='word_1_268' title='bbox 138 2985 253 3045; x_wconf 89' lang='lat' dir='ltr'><strong>tertium</strong></span> <span class='ocrx_word' id='word_1_269' title='bbox 271 2985 299 3044; x_wconf 88' lang='lat' dir='ltr'><strong>in</strong></span> <span class='ocrx_word' id='word_1_270' title='bbox 313 2985 379 3045; x_wconf 89' lang='lat' dir='ltr'><strong>solo</strong></span> <span class='ocrx_word' id='word_1_271' title='bbox 394 2986 485 3063; x_wconf 82' lang='lat' dir='ltr'><strong>facili,</strong></span> <span class='ocrx_word' id='word_1_272' title='bbox 500 3004 556 3047; x_wconf 85' lang='lat' dir='ltr'><strong>neo</strong></span> <span class='ocrx_word' id='word_1_273' title='bbox 571 2994 633 3047; x_wconf 93' lang='lat' dir='ltr'><strong>toto</strong></span> <span class='ocrx_word' id='word_1_274' title='bbox 650 2997 817 3065; x_wconf 86' lang='lat' dir='ltr'><strong>porrectum</strong></span> <span class='ocrx_word' id='word_1_275' title='bbox 829 2987 948 3064; x_wconf 73' lang='lat' dir='ltr'><strong>daumii,</strong></span> <span class='ocrx_word' id='word_1_276' title='bbox 970 2986 1025 3048; x_wconf 92' lang='lat' dir='ltr'><strong>sed</strong></span> <span class='ocrx_word' id='word_1_277' title='bbox 1042 2989 1160 3066; x_wconf 74' lang='lat' dir='ltr'><strong>exigna</strong></span> 
     </span>
    </p>

    <p class='ocr_par' dir='ltr' id='par_1_10' title="bbox 95 3069 1196 3404">
     <span class='ocr_line' id='line_1_34' title="bbox 95 3069 1162 3150; baseline -0.002 -16"><span class='ocrx_word' id='word_1_278' title='bbox 95 3077 148 3134; x_wconf 77' lang='lat'><strong>172</strong></span> <span class='ocrx_word' id='word_1_279' title='bbox 160 3070 282 3148; x_wconf 89' lang='lat' dir='ltr'><strong>cuspide</strong></span> <span class='ocrx_word' id='word_1_280' title='bbox 298 3069 327 3128; x_wconf 89' lang='lat' dir='ltr'><strong>in</strong></span> <span class='ocrx_word' id='word_1_281' title='bbox 350 3078 457 3130; x_wconf 92' lang='lat' dir='ltr'><strong>rostro.</strong></span> <span class='ocrx_word' id='word_1_282' title='bbox 493 3072 579 3132; x_wconf 89' lang='lat' dir='ltr'><strong>latior</strong></span> <span class='ocrx_word' id='word_1_283' title='bbox 601 3071 676 3132; x_wconf 85' lang='lat' dir='ltr'><strong>baec</strong></span> <span class='ocrx_word' id='word_1_284' title='bbox 694 3081 797 3150; x_wconf 91' lang='lat' dir='ltr'><strong>quarto</strong></span> <span class='ocrx_word' id='word_1_285' title='bbox 815 3072 918 3150; x_wconf 89' lang='lat' dir='ltr'><strong>generi</strong></span> <span class='ocrx_word' id='word_1_286' title='bbox 940 3079 969 3132; x_wconf 90' lang='lat' dir='ltr'><strong>et</strong></span> <span class='ocrx_word' id='word_1_287' title='bbox 993 3072 1116 3134; x_wconf 84' lang='lat' dir='ltr'><strong>acutior</strong></span> <span class='ocrx_word' id='word_1_288' title='bbox 1129 3074 1162 3132; x_wconf 90' lang='lat' dir='ltr'><strong>in</strong></span> 
     </span>
     <span class='ocr_line' id='line_1_35' title="bbox 137 3154 1161 3234; baseline 0.004 -20"><span class='ocrx_word' id='word_1_289' title='bbox 137 3169 305 3214; x_wconf 88' lang='lat' dir='ltr'><strong>mucronem</strong></span> <span class='ocrx_word' id='word_1_290' title='bbox 320 3154 456 3231; x_wconf 76' lang='lat' dir='ltr'><strong>fastigata</strong></span> <span class='ocrx_word' id='word_1_291' title='bbox 473 3155 637 3234; x_wconf 89' lang='lat' dir='ltr'><strong>eodemque</strong></span> <span class='ocrx_word' id='word_1_292' title='bbox 652 3157 750 3234; x_wconf 86' lang='lat' dir='ltr'><strong>gladio</strong></span> <span class='ocrx_word' id='word_1_293' title='bbox 767 3157 903 3217; x_wconf 88' lang='lat' dir='ltr'><strong>scindens</strong></span> <span class='ocrx_word' id='word_1_294' title='bbox 927 3155 1024 3218; x_wconf 89' lang='lat' dir='ltr'><strong>solum</strong></span> <span class='ocrx_word' id='word_1_295' title='bbox 1040 3165 1073 3217; x_wconf 88' lang='lat' dir='ltr'><strong>et</strong></span> <span class='ocrx_word' id='word_1_296' title='bbox 1088 3158 1161 3218; x_wconf 89' lang='lat' dir='ltr'><strong>acie</strong></span> 
     </span>
     <span class='ocr_line' id='line_1_36' title="bbox 138 3237 1196 3320; baseline 0.004 -22"><span class='ocrx_word' id='word_1_297' title='bbox 138 3237 259 3299; x_wconf 85' lang='lat' dir='ltr'><strong>laterum</strong></span> <span class='ocrx_word' id='word_1_298' title='bbox 276 3238 391 3299; x_wconf 86' lang='lat' dir='ltr'><strong>radices</strong></span> <span class='ocrx_word' id='word_1_299' title='bbox 417 3239 573 3303; x_wconf 88' lang='lat' dir='ltr'><strong>herbarum</strong></span> <span class='ocrx_word' id='word_1_300' title='bbox 593 3259 708 3302; x_wconf 89' lang='lat' dir='ltr'><strong>secans.</strong></span> <span class='ocrx_word' id='word_1_301' title='bbox 745 3259 803 3302; x_wconf 94' lang='lat' dir='ltr'><strong>non</strong></span> <span class='ocrx_word' id='word_1_302' title='bbox 823 3241 936 3320; x_wconf 89' lang='lat' dir='ltr'><strong>pridem</strong></span> <span class='ocrx_word' id='word_1_303' title='bbox 958 3241 1110 3304; x_wconf 82' lang='lat' dir='ltr'><strong>inventum</strong></span> <span class='ocrx_word' id='word_1_304' title='bbox 1126 3243 1196 3302; x_wconf 83' lang='lat' dir='ltr'><strong>inas</strong></span> 
     </span>
     <span class='ocr_line' id='line_1_37' title="bbox 137 3321 1157 3404; baseline 0.005 -21"><span class='ocrx_word' id='word_1_305' title='bbox 137 3323 240 3386; x_wconf 89' lang='lat' dir='ltr'><strong>Raetia</strong></span> <span class='ocrx_word' id='word_1_306' title='bbox 256 3321 367 3384; x_wconf 83' lang='lat' dir='ltr'><strong>Galliae</strong></span> <span class='ocrx_word' id='word_1_307' title='bbox 382 3332 413 3383; x_wconf 94' lang='lat' dir='ltr'><strong>ut</strong></span> <span class='ocrx_word' id='word_1_308' title='bbox 427 3325 498 3386; x_wconf 90' lang='lat' dir='ltr'><strong>duas</strong></span> <span class='ocrx_word' id='word_1_309' title='bbox 515 3325 656 3386; x_wconf 89' lang='lat' dir='ltr'><strong>adderent</strong></span> <span class='ocrx_word' id='word_1_310' title='bbox 671 3326 721 3386; x_wconf 88' lang='lat' dir='ltr'><strong>tali</strong></span> <span class='ocrx_word' id='word_1_311' title='bbox 735 3327 863 3402; x_wconf 87' lang='lat' dir='ltr'><strong>rotulas,</strong></span> <span class='ocrx_word' id='word_1_312' title='bbox 879 3325 964 3404; x_wconf 86' lang='lat' dir='ltr'><strong>¹quod</strong></span> <span class='ocrx_word' id='word_1_313' title='bbox 987 3343 1085 3404; x_wconf 90' lang='lat' dir='ltr'><strong>genus</strong></span> <span class='ocrx_word' id='word_1_314' title='bbox 1100 3343 1157 3388; x_wconf 84' lang='lat' dir='ltr'><strong>vo·</strong></span> 
     </span>
    </p>

    <p class='ocr_par' dir='ltr' id='par_1_11' title="bbox 95 3408 1159 3576">
     <span class='ocr_line' id='line_1_38' title="bbox 95 3408 1159 3491; baseline 0.003 -22"><span class='ocrx_word' id='word_1_315' title='bbox 95 3413 224 3470; x_wconf 64' lang='lat' dir='ltr'><strong>libeant</strong></span> <span class='ocrx_word' id='word_1_316' title='bbox 245 3408 427 3486; x_wconf 91' lang='lat' dir='ltr'><strong>plaumorati.</strong></span> <span class='ocrx_word' id='word_1_317' title='bbox 467 3411 565 3488; x_wconf 91' lang='lat' dir='ltr'><strong>cuspis</strong></span> <span class='ocrx_word' id='word_1_318' title='bbox 590 3409 718 3489; x_wconf 81' lang='lat' dir='ltr'><strong>effigiem</strong></span> <span class='ocrx_word' id='word_1_319' title='bbox 741 3412 827 3491; x_wconf 88' lang='lat' dir='ltr'><strong>palae</strong></span> <span class='ocrx_word' id='word_1_320' title='bbox 850 3409 948 3472; x_wconf 88' lang='lat' dir='ltr'><strong>babet.</strong></span> <span class='ocrx_word' id='word_1_321' title='bbox 981 3410 1095 3472; x_wconf 86' lang='lat' dir='ltr'><strong>Serunt</strong></span> <span class='ocrx_word' id='word_1_322' title='bbox 1114 3413 1159 3474; x_wconf 89' lang='lat' dir='ltr'><strong>ita</strong></span> 
     </span>
     <span class='ocr_line' id='line_1_39' title="bbox 138 3493 1159 3576; baseline 0.008 -28"><span class='ocrx_word' id='word_1_323' title='bbox 138 3493 265 3551; x_wconf 86' lang='lat' dir='ltr'><strong>nonnisi</strong></span> <span class='ocrx_word' id='word_1_324' title='bbox 281 3493 358 3553; x_wconf 90' lang='lat' dir='ltr'><strong>culta</strong></span> <span class='ocrx_word' id='word_1_325' title='bbox 373 3501 451 3552; x_wconf 87' lang='lat' dir='ltr'><strong>terra</strong></span> <span class='ocrx_word' id='word_1_326' title='bbox 471 3503 501 3554; x_wconf 90' lang='lat' dir='ltr'><strong>et</strong></span> <span class='ocrx_word' id='word_1_327' title='bbox 515 3494 579 3555; x_wconf 85' lang='lat' dir='ltr'><strong>lere</strong></span> <span class='ocrx_word' id='word_1_328' title='bbox 595 3513 679 3556; x_wconf 89' lang='lat' dir='ltr'><strong>nova.</strong></span> <span class='ocrx_word' id='word_1_329' title='bbox 712 3493 834 3557; x_wconf 87' lang='lat' dir='ltr'><strong>latitudo</strong></span> <span class='ocrx_word' id='word_1_330' title='bbox 854 3496 982 3556; x_wconf 87' lang='lat' dir='ltr'><strong>vomeris</strong></span> <span class='ocrx_word' id='word_1_331' title='bbox 998 3498 1159 3576; x_wconf 88' lang='lat' dir='ltr'><strong>caespites</strong></span> 
     </span>
    </p>
   </div>
   <div class='ocr_carea' id='block_1_3' title="bbox 0 0 1202 3900">
    <p class='ocr_par' dir='ltr' id='par_1_12' title="bbox 0 0 1202 3900">
     <span class='ocr_line' id='line_1_40' title="bbox 0 0 1202 3900; baseline 0 1"><span class='ocrx_word' id='word_1_332' title='bbox 0 0 1202 3900; x_wconf 95' lang='lat' dir='ltr'><strong> </strong></span> 
     </span>
    </p>
   </div>
  </div>
 </body>
</html>
