2458 3906
141 195 199 256 168
476 208 506 256 c.
524 209 620 256 eninr
635 207 785 258 sncnnor

95 365 186 428 latici
202 363 325 424 hurnano
339 371 441 423 ventre
459 380 517 424 non
533 372 639 442 queant
654 364 705 425 sed
723 380 781 424 non
805 365 1003 426 intumescant.
1034 365 1145 424 semina

139 467 213 526 qnae
226 466 367 527 proxuma
380 447 459 508 collo
472 448 587 508 inerunt
600 467 741 526 proceras
751 450 873 527 pariunt,
886 451 954 510 item
962 448 998 510 ab
1006 450 1080 526 imis,
1091 448 1145 509 sed

138 551 196 594 non
213 532 413 611 conparandas
430 550 519 612 supra
534 531 630 610 dictis,
650 551 723 612 quae
743 535 771 592 in
786 532 881 594 medio
898 532 1052 611 rotundas,
1068 551 1145 613 quae

139 619 166 677 in
181 616 320 678 lateribus
337 634 451 677 crassas
465 616 687 696 brevioresque.
711 618 858 678 siccantur
872 617 1011 678 inumbra
1023 627 1063 695 et,
1080 635 1147 678 cum

95 709 130 764 73
137 701 226 762 libeat
243 719 355 778 serere,
373 703 402 760 in
417 719 490 780 aqua
502 710 693 763 macerantur.
722 701 803 762 Cibis
817 720 875 781 qno
887 702 1039 781 longiores
1053 702 1146 762 tenui·
1160 727 1173 768 n

139 803 266 864 oresque
281 784 313 822 **
329 794 359 845 et
373 787 527 862 gratiores,
547 795 576 846 et
594 785 633 847 ob
649 785 678 847 id
693 785 872 848 salubriores
893 805 966 866 qnae
987 785 1146 866 pendendo

139 889 276 946 crevere,
296 871 506 948 minumumque
525 871 641 930 seminis
662 869 737 932 tales
756 869 879 948 habent,
900 871 1001 933 duritia
1025 872 1089 930 eius
1115 872 1146 929 in

139 955 212 1015 cibis
229 954 349 1032 gratiam
366 955 544 1016 terminante·
572 973 622 1016 eas
638 973 712 1035 quae
725 957 826 1016 semini
841 965 993 1017 serventur
1004 964 1071 1016 aute
1083 954 1156 1015 bie·-

138 1057 212 1099 mem
230 1037 360 1118 praecidi
375 1056 432 1099 nou
454 1047 499 1100 est
515 1055 588 1099 mos.
622 1049 726 1119 postea
748 1040 826 1101 iumo
850 1041 996 1102 siccantur
1015 1038 1147 1101 conden-

94 1123 182 1189 tedis
196 1123 409 1184 hortensiorum
422 1123 579 1184 seminibus
596 1127 722 1186 rusticae
738 1125 925 1203 supellectili.
962 1124 1083 1184 Inventa
1099 1131 1149 1183 est
1159 1139 1184 1180 u

138 1210 211 1268 ratio
226 1224 282 1286 qua
298 1207 371 1268 cibis
385 1226 501 1288 quoqne
516 1219 712 1286 servarentur,
730 1209 891 1289 eodemque
903 1209 990 1270 modo
1006 1210 1148 1281 cucumis,

139 1309 231 1371 usqne
247 1290 283 1352 ad
295 1291 370 1353 alios
388 1310 481 1372 paene
496 1303 665 1373 proventus,
680 1303 709 1353 et
725 1292 754 1353 id
766 1293 880 1372 quidem
893 1295 922 1353 in
933 1294 1022 1354 muria
1035 1293 1077 1369 iit,
1093 1290 1149 1352 sed

140 1386 170 1436 et
185 1374 291 1436 scrobe
302 1393 397 1455 opaco
413 1378 441 1436 in
453 1377 522 1437 loco
534 1377 641 1437 harena
651 1376 807 1456 substrato,
823 1379 951 1457 fenoque
962 1379 1043 1438 sicco
1057 1394 1148 1455 oper-

138 1462 176 1520 tis
189 1478 225 1520 ac
241 1459 346 1520 deinde
363 1469 451 1538 terra,
468 1461 565 1522 viridis
581 1463 691 1522 servari
706 1461 828 1522 tradunt.
860 1463 931 1522 Sunt
946 1471 976 1522 et
991 1461 1150 1522 silvestres

139 1547 168 1606 in
185 1553 308 1623 utroque
322 1563 435 1622 genere
450 1555 480 1604 et
496 1545 628 1606 omnibus
643 1547 707 1606 iere
722 1545 888 1607 hortensiis.
921 1545 975 1607 sed
987 1545 1073 1606 ethis
1084 1563 1148 1604 me·
1161 1565 1185 1607 as

96 1629 152 1706 {2⁰¹1}
165 1628 228 1689 dica
244 1638 350 1690 mutum
364 1639 464 1690 natura
478 1639 534 1707 est,
554 1648 637 1710 quam
650 1629 688 1690 ob
703 1649 765 1691 rem
780 1630 947 1692 differentur
959 1632 987 1691 in
999 1649 1050 1690 sua
1064 1629 1149 1690 volu-

137 1731 221 1774 mrna.

96 1807 130 1863 la
202 1797 287 1876 (25.)
324 1797 446 1877 Reliqua
475 1798 673 1876 cartilaginum
702 1808 820 1860 naturae
857 1808 935 1860 terra
964 1797 1151 1860 occultantur

97 1881 287 1968 1ᾖῖζῗὴιιιιιιίιι.
312 1882 456 1961 inquibus
469 1881 506 1943 de
521 1885 600 1962 rapis
612 1882 724 1944 abunde
736 1883 845 1945 dixisse
859 1892 1026 1963 poteramus
1040 1880 1149 1959 videri,

140 1967 194 2026 nisi
205 1965 309 2025 medici
323 1964 472 2026 masculini
484 1985 573 2028 sexus
587 1967 719 2028 iacerent
734 1970 762 2027 in
774 1967 819 2028 bis
830 1967 963 2044 rotunda,
978 1967 1083 2027 latiora
1094 1985 1148 2025 ve·
1159 1989 1185 2030 ao

138 2068 172 2110 ro
188 2059 217 2108 et
234 2067 363 2110 concava
379 2051 515 2129 feminini,
532 2053 741 2132 praestantiora
757 2053 897 2113 suavitate
913 2050 991 2112 etad
1007 2050 1149 2111 condien-

140 2134 204 2195 dum
220 2133 368 2211 faciliora,
384 2152 458 2213 quae
476 2138 592 2215 saepius
606 2145 668 2196 sata
691 2145 840 2197 transeunt
860 2138 888 2195 in
908 2153 1025 2196 marem.
1058 2134 1150 2196 iidem

138 2235 277 2298 naporum
288 2222 413 2298 quinque
424 2237 535 2297 genera
546 2221 658 2297 fecere,
675 2218 863 2298 Corinthium,
877 2218 1064 2295 Cleonaeum,
1081 2219 1148 2278 Lic-

94 2303 275 2380 ibthasium,
297 2302 468 2364 Boeoticnm
492 2313 522 2363 et
544 2304 620 2382 quod
642 2323 697 2384 per
710 2323 743 2364 se
758 2304 849 2366 viride
867 2304 1008 2366 dixerunt.
1038 2303 1086 2364 Ex
1100 2303 1148 2363 bis

139 2390 167 2448 in
183 2386 396 2467 amplitudinem
412 2387 554 2449 adulescit
568 2386 761 2466 Corinthium,
783 2389 858 2450 nuda
873 2389 937 2449 iere
957 2388 1065 2449 radice.
1099 2405 1184 2454 soma

138 2473 196 2532 lum
213 2472 288 2532 enim
304 2470 362 2532 hoo
377 2490 470 2549 genus
486 2491 612 2551 superne
627 2473 727 2550 tendit,
744 2491 801 2534 non
817 2483 847 2534 nt
865 2483 962 2534 cetera
979 2473 1007 2532 in
1027 2482 1147 2532 terram.

138 2556 313 2617 liothasium
332 2556 443 2635 quidam
459 2556 612 2617 Threciam
630 2556 794 2636 appellant,
809 2559 951 2635 frigorum
970 2557 1147 2637 patientissi-

138 2659 222 2702 mum.
255 2639 290 2700 ab
305 2656 341 2699 eo
355 2639 523 2701 Boeoticnm
541 2639 627 2700 dulce
643 2650 697 2719 est,
714 2641 887 2702 rotunditate
898 2642 983 2702 etiarn
995 2640 1078 2700 brevi
1093 2659 1146 2701 no·

139 2724 244 2800 tabile,
267 2741 361 2801 neque
385 2733 416 2783 ut
444 2722 621 2786 Cleonaeum
640 2726 841 2805 praelongurn.
869 2729 1007 2786 intutum
1029 2726 1147 2803 quidem

139 2824 258 2886 quorum
272 2809 368 2867 tenuia
382 2808 453 2868 iulia
468 2809 524 2887 ipsi
540 2827 656 2888 quoque
671 2809 833 2886 dulciores,
856 2827 978 2890 quorum
995 2809 1099 2870 scabra
1114 2817 1182 2876 etan

94 2900 128 2955 77
138 2890 279 2968 angulosa
295 2900 324 2951 et
338 2890 455 2953 horrida
470 2896 637 2954 amariores.
663 2894 717 2954 Est
732 2905 885 2974 praeterea
901 2912 995 2972 genus
1007 2894 1145 2954 silvestre

140 2978 219 3035 euius
232 2975 302 3036 iolia
318 2985 383 3035 sunt
399 2995 505 3037 erucae
521 2978 632 3038 similia.
662 2978 756 3058 palma
770 2979 881 3040 Romae
894 2979 1080 3038 Amiterninis
1095 2979 1145 3039 da·

137 3071 191 3136 tur,
208 3059 273 3120 dein
288 3059 433 3138 Nursinis,
456 3062 541 3122 tertia
555 3061 740 3122 nostratibus.
776 3073 875 3124 cetera
899 3062 934 3123 de
955 3073 1017 3123 satu
1043 3081 1145 3123 eorum

95 3161 165 3198 ream
177 3146 205 3202 in
220 3146 299 3223 rapis
314 3144 390 3206 dicta
408 3155 482 3205 sunt.

93 3237 129 3293 78
204 3227 288 3308 (26.)
314 3227 355 3310 [1]
377 3227 496 3289 Cortice
521 3238 551 3290 et
567 3229 738 3308 cartilagine
755 3239 888 3290 constant
908 3231 1044 3310 raphani,
1072 3232 1180 3292 mul-³⁵

136 3313 232 3392 tisque
251 3329 351 3374 eorum
365 3322 467 3372 cortex
481 3315 608 3374 crassior
620 3315 705 3374 etiam
719 3333 803 3394 quarn
816 3314 985 3394 quibusdam
996 3315 1144 3376 arborum.

137 3398 296 3458 amaritudo
313 3396 444 3476 pluruma
462 3396 521 3456 illis
540 3408 585 3458 est
602 3407 631 3458 et
645 3416 699 3478 pro
720 3399 911 3459 crassitudine
927 3401 1056 3462 corticis.
1095 3419 1144 3462 ce·

137 3488 199 3539 tera
221 3497 337 3559 quoqne
361 3480 515 3560 aliquando
539 3482 661 3561 lignosa.
693 3493 722 3544 et
736 3485 780 3544 vis
796 3485 867 3544 mira
884 3483 1043 3562 colligendi
1059 3486 1145 3566 spiri·
