2370 3922
22 328 26 338 Ι
105 262 110 266 ’
168 245 206 308 12
506 257 536 304 o.
552 217 646 306 surm
664 257 814 306 snconor

164 413 252 489 dent,
280 431 334 474 nec
357 413 386 472 in
409 413 486 472 febri
506 411 712 488 tussientibus,
737 430 792 472 nec
812 413 842 470 in
864 421 993 474 tremore
1008 433 1158 478 nervorum

164 495 214 555 vel
225 496 375 556 doloribus
392 496 525 570 lancium,
543 503 591 553 aut
605 495 630 553 si
646 496 691 554 vis
705 495 798 554 morbi
814 497 892 555 circa
903 497 952 556 ilia
963 498 1157 578 intellegatur,

163 596 218 640 nec
239 583 269 638 in
286 581 390 640 duritia
405 578 658 656 praecordiorum,
687 595 824 638 venarum
836 578 1037 658 vehementia,
1068 601 1157 660 neque

163 665 192 722 in
209 663 416 740 opisthotono,
435 670 545 738 tetano,
560 680 615 721 nec
630 661 878 740 singultientibus,
893 681 948 722 nec
964 665 990 723 si
1008 683 1071 724 enm
1086 667 1157 726 lebri

119 758 154 813 49
165 747 313 824 dyspnoea
335 747 389 822 sit,
416 747 538 805 minume
555 761 628 804 vero
650 745 742 805 oculis
759 747 921 822 rigentibus
938 754 969 806 et
984 750 1070 824 genis
1087 758 1183 814 stau-s

162 831 239 889 tibus
256 837 304 888 aut
320 829 443 889 delectis
456 828 604 906 gravibus,
619 846 675 888 nee
686 845 808 904 quorum
821 830 1018 890 coniventium
1030 833 1159 910 perluce-

162 915 233 974 bunt
255 913 330 973 oculi
352 913 539 991 palpebrisve
556 929 615 970 non
630 912 820 988 coeuntibus,
846 913 895 972 vel
911 915 936 972 si
952 914 1158 975 dormientibus

161 998 218 1057 hoc
244 997 320 1056 idem
345 997 445 1056 evenit
473 1003 521 1053 aut
540 997 564 1054 si
585 1012 691 1054 cruore
712 995 922 1056 subiunduntur
942 997 1039 1075 oculi,
1069 999 1119 1059 vel
1137 1002 1157 1058 si

160 1081 253 1142 lemae
269 1081 298 1138 in
314 1079 405 1139 oeulis
421 1086 524 1155 erunt,
551 1079 675 1138 minume
689 1077 786 1156 lingua
800 1080 941 1157 fungosa,
963 1099 1021 1140 nec
1034 1084 1119 1158 gravi
1133 1092 1156 1141 et

161 1163 282 1224 subinde
304 1163 466 1241 inperfecta
486 1161 691 1239 loquentibus,
712 1179 767 1221 nec
788 1164 812 1222 si
828 1164 909 1222 urina
924 1163 1045 1244 diliicile
1061 1165 1184 1230 redde-o

160 1256 218 1324 tur,
235 1265 330 1324 neque
347 1245 608 1324 expavescentibus
624 1254 759 1323 repente,
774 1264 829 1306 nec
844 1248 980 1324 spasticis
995 1256 1045 1320 aut
1060 1267 1155 1308 rursus

160 1331 360 1408 torpentibus,
376 1347 430 1389 nec
446 1331 469 1388 si
485 1346 540 1406 per
555 1345 673 1389 somnos
688 1331 822 1405 genitura
837 1329 1008 1390 effundetur.

118 1427 152 1478 50
208 1413 308 1491 Ι(25.)
344 1410 547 1472 Gordianorum
566 1412 669 1471 morbo
691 1414 801 1472 unicam
821 1430 904 1490 spem
925 1412 999 1472 hanc
1015 1433 1086 1474 esse
1100 1435 1155 1476 cer·

159 1505 217 1556 tum
234 1505 288 1558 est.
320 1496 373 1556 sed
388 1495 508 1555 dandum
522 1495 635 1574 qnidam
651 1513 709 1556 non
723 1497 778 1556 nisi
793 1499 823 1555 in
838 1499 1012 1557 accessione
1027 1509 1154 1576 censent,

159 1580 207 1640 alii
222 1583 250 1640 in
265 1581 455 1655 remissione,
472 1578 531 1656 illi,
547 1588 578 1638 ut
597 1578 732 1639 sudorem
745 1587 913 1655 coerceant,
927 1579 969 1656 bi,
987 1583 1054 1657 qnia
1072 1587 1179 1646 tutiusc

158 1672 258 1742 putant
277 1666 424 1724 minuente
446 1665 484 1722 se'
501 1662 621 1738 morbo,
647 1681 730 1740 quam
752 1662 874 1741 plurium
895 1666 1072 1724 sententiam
1093 1685 1151 1726 esse

157 1748 253 1807 video.
286 1748 347 1807 dari
363 1749 462 1824 utique
477 1764 536 1806 non
553 1747 607 1806 nisi
625 1747 654 1805 in
669 1747 735 1805 cibo
752 1746 853 1823 debet,
869 1763 924 1806 nec
940 1755 1090 1826 a'somno,
1106 1767 1151 1808 nec

158 1830 355 1908 praecedente
378 1831 436 1890 alio
456 1839 545 1908 potu,
572 1829 629 1888 hoc
651 1839 696 1890 est
716 1831 815 1907 utique
837 1831 965 1907 sitienti,
991 1850 1049 1891 nec
1061 1835 1115 1894 nisi
1128 1836 1153 1892 in

116 1926 148 1978 51
161 1915 368 1992 desperatione
392 1931 543 1991 suprema,
570 1921 601 1972 et
615 1915 679 1972 viro
700 1913 812 1973 facilius
828 1931 910 1990 quam
927 1914 1071 1990 feminae,
1095 1917 1151 1976 seni

157 2015 241 2074 quam
263 1999 377 2073 iuveni,
399 1998 497 2056 iuveni
512 2014 596 2073 quarn
615 2013 725 2074 puero,
745 1996 841 2056 hieme
857 2014 941 2073 quam
955 2007 1089 2077 aestate,
1110 1999 1177 2062 ada

157 2082 249 2140 suetis
267 2082 365 2158 potius
382 2097 465 2157 quam
481 2079 660 2157 expertibus.
690 2080 790 2140 modus
806 2080 889 2140 dandi
904 2098 958 2158 pro
975 2082 1151 2143 vehementia

157 2165 232 2240 vini,
254 2166 324 2223 item
340 2165 462 2223 mixtura
483 2180 582 2240 aquae.
606 2163 701 2239 volgo
725 2165 794 2224 satis
810 2172 910 2241 putant
927 2183 1013 2224 unum
1028 2167 1150 2243 cyathum

157 2247 269 2307 duobus
286 2265 377 2325 aquae
390 2248 514 2306 misceri.
547 2248 572 2306 si
589 2245 743 2306 dissolutio
759 2249 798 2306 sit
815 2245 970 2324 stomachi,
987 2249 1117 2328 dandum,
1129 2252 1149 2309 si

157 2329 239 2390 cibus
257 2349 315 2391 non
331 2330 494 2390 descendat.

114 2424 148 2478 52
223 2415 305 2493 (26.)
334 2412 418 2473 blitto
439 2413 498 2472 vini
518 2429 628 2489 genera
647 2429 721 2490 quae
743 2413 811 2490 iingi
832 2414 988 2476 docuimus.
1018 2435 1074 2477 nec
1092 2417 1172 2477 fiens

115 2496 179 2582 ¹142?
200 2499 255 2557 iam
270 2497 398 2557 arbitror
409 2505 439 2555 et
456 2513 664 2575 supervacuum
679 2513 779 2556 eorum
793 2513 885 2574 usum,
901 2517 964 2558 cmn
978 2502 1053 2578 ipsis
1067 2501 1148 2562 rebus

157 2582 312 2658 exquibus
329 2581 473 2657 linguntur
488 2579 641 2639 doceamus
656 2581 705 2639 uti.
732 2587 761 2639 et
777 2580 848 2640 alias
860 2581 973 2654 modum
985 2592 1148 2644 excessemt

156 2665 332 2724 medicorum
348 2666 378 2723 in
392 2663 437 2722 his
454 2665 629 2738 ostentatio,
649 2663 740 2723 veluti
758 2682 775 2723 e
791 2666 873 2742 napis
888 2668 984 2726 vinum
1000 2666 1072 2726 utile
1088 2685 1146 2727 esse

157 2748 192 2807 ab
207 2765 350 2807 armorum
364 2745 548 2825 equitandive
563 2746 732 2806 lassitudine
749 2749 988 2826 praecipientium
1003 2759 1107 2828 atque,
1120 2757 1147 2808 nt

155 2829 267 2906 reliqua
283 2833 462 2907 omittamus,
489 2831 576 2890 etiam
594 2847 611 2888 e
632 2831 765 2907 iunipiro.
800 2840 831 2890 et
848 2834 1018 2909 quissatius
1036 2841 1167 2894 censeatur

155 2913 313 2974 absinthite
328 2916 396 2974 vino
413 2914 547 2974 utendum
563 2915 759 2990 potiusquam
778 2914 922 2974 absinthio
940 2913 1029 2994 ipso?
1043 2919 1073 2976 in
1088 2917 1144 2977 reli-

148 2998 219 3075 ,quis
240 3005 270 3056 et
284 2997 427 3074 palmeum
442 2998 528 3076 capiti
543 2997 675 3072 noxium,
701 3000 854 3075 ventrique
873 3007 981 3058 tantum
995 3000 1143 3061 molliendo

112 3093 146 3146 53
158 3088 189 3140 et
203 3082 372 3157 sanguinem
390 3081 609 3141 exscreantibus
627 3097 684 3140 non
702 3080 812 3141 inutile.
833 3082 971 3142 ficticium
981 3101 1042 3144 non
1053 3091 1143 3162 potest

113 3184 141 3227 u,
153 3185 177 3219 n
197 3163 291 3222 videri
306 3164 383 3240 quod
396 3164 466 3224 bion
481 3163 699 3242 appellavimus,
713 3183 776 3223 cum
790 3166 828 3224 sit
842 3168 872 3226 in
887 3185 924 3226 eo
941 3167 1004 3227 sola
1019 3186 1073 3246 pro
1088 3176 1141 3228 arte

154 3247 313 3307 festinatio.
345 3248 466 3325 prodest
490 3245 637 3308 stomacho
660 3247 804 3308 dissoluto
833 3257 882 3308 aut
899 3251 982 3310 cibos
1006 3271 1064 3312 non
1085 3269 1163 3330 per-c

154 3331 275 3407 licienti,
300 3333 519 3408 praegnatibus,
541 3331 681 3406 delectis,
696 3331 882 3409 paralyticis,
905 3335 1049 3412 tremulis,
1064 3336 1139 3396 verti·

154 3416 230 3489 gini,
255 3415 444 3491 torminibus,
469 3412 641 3474 ischiadicis.
672 3415 701 3472 in
724 3416 892 3492 pestilentia
908 3435 1026 3495 quoque
1040 3437 1071 3479 ac
1085 3437 1138 3497 per

155 3498 384 3572 egrinationibns
397 3500 454 3556 vim
468 3513 598 3573 magnam
614 3496 766 3558 auxiliandi
781 3499 892 3561 babere
907 3501 1019 3562 dicitm.
