<?xml version="1.0" encoding="UTF-8"?>
<!DOCTYPE html PUBLIC "-//W3C//DTD XHTML 1.0 Transitional//EN"
    "http://www.w3.org/TR/xhtml1/DTD/xhtml1-transitional.dtd">
<html xmlns="http://www.w3.org/1999/xhtml" xml:lang="en" lang="en">
 <head>
  <title>
</title>
<meta http-equiv="Content-Type" content="text/html;charset=utf-8" />
  <meta name='ocr-system' content='tesseract 3.04.00' />
  <meta name='ocr-capabilities' content='ocr_page ocr_carea ocr_par ocr_line ocrx_word'/>
</head>
<body>
  <div class='ocr_page' id='page_1' title='image "./naturalishistor00plingoog/naturalishistor00plingoog_0528.png"; bbox 0 0 2396 3922; ppageno 0'>
   <div class='ocr_carea' id='block_1_1' title="bbox 84 223 837 336">
    <p class='ocr_par' dir='ltr' id='par_1_1' title="bbox 84 223 837 336">
     <span class='ocr_line' id='line_1_1' title="bbox 84 223 837 336; baseline 0.009 -33"><span class='ocrx_word' id='word_1_1' title='bbox 84 245 88 256; x_wconf 86' lang='grc'><strong><em>·</em></strong></span> <span class='ocrx_word' id='word_1_2' title='bbox 177 243 237 305; x_wconf 80' lang='lat'><strong>112</strong></span> <span class='ocrx_word' id='word_1_3' title='bbox 520 261 551 311; x_wconf 91' lang='lat' dir='ltr'><strong>c.</strong></span> <span class='ocrx_word' id='word_1_4' title='bbox 573 258 671 336; x_wconf 68' lang='lat' dir='ltr'><strong>aurun</strong></span> <span class='ocrx_word' id='word_1_5' title='bbox 688 223 837 310; x_wconf 78' lang='lat' dir='ltr'><strong>succum</strong></span> 
     </span>
    </p>
   </div>
   <div class='ocr_carea' id='block_1_2' title="bbox 122 414 1183 3580">
    <p class='ocr_par' dir='ltr' id='par_1_2' title="bbox 132 414 1170 1225">
     <span class='ocr_line' id='line_1_2' title="bbox 178 414 1143 494; baseline -0.002 -18"><span class='ocrx_word' id='word_1_6' title='bbox 178 425 363 494; x_wconf 78' lang='lat' dir='ltr'>turgescente</span> <span class='ocrx_word' id='word_1_7' title='bbox 381 419 564 494; x_wconf 88' lang='lat' dir='ltr'><strong>siccataeque</strong></span> <span class='ocrx_word' id='word_1_8' title='bbox 577 415 605 474; x_wconf 89' lang='lat' dir='ltr'><strong>in</strong></span> <span class='ocrx_word' id='word_1_9' title='bbox 620 414 719 475; x_wconf 84' lang='lat' dir='ltr'><strong>umbra</strong></span> <span class='ocrx_word' id='word_1_10' title='bbox 732 414 834 476; x_wconf 79' lang='lat' dir='ltr'><strong>diebus</strong></span> <span class='ocrx_word' id='word_1_11' title='bbox 853 431 958 474; x_wconf 77' lang='lat' dir='ltr'><strong>nonem</strong></span> <span class='ocrx_word' id='word_1_12' title='bbox 977 415 1005 474; x_wconf 89' lang='lat' dir='ltr'><strong>iu</strong></span> <span class='ocrx_word' id='word_1_13' title='bbox 1024 414 1143 474; x_wconf 76' lang='lat' dir='ltr'><strong>salsina</strong></span> 
     </span>
     <span class='ocr_line' id='line_1_3' title="bbox 179 498 1144 578; baseline -0.001 -19"><span class='ocrx_word' id='word_1_14' title='bbox 179 507 305 560; x_wconf 87' lang='lat' dir='ltr'><strong>rescunt.</strong></span> <span class='ocrx_word' id='word_1_15' title='bbox 336 501 447 560; x_wconf 88' lang='lat' dir='ltr'><strong>lructus</strong></span> <span class='ocrx_word' id='word_1_16' title='bbox 462 516 519 558; x_wconf 91' lang='lat' dir='ltr'><strong>uon</strong></span> <span class='ocrx_word' id='word_1_17' title='bbox 535 501 645 578; x_wconf 82' lang='lat' dir='ltr'><strong>pariter</strong></span> <span class='ocrx_word' id='word_1_18' title='bbox 657 502 837 576; x_wconf 82' lang='lat' dir='ltr'><strong>maturescit,</strong></span> <span class='ocrx_word' id='word_1_19' title='bbox 858 498 911 558; x_wconf 90' lang='lat' dir='ltr'><strong>sed</strong></span> <span class='ocrx_word' id='word_1_20' title='bbox 932 515 999 577; x_wconf 89' lang='lat' dir='ltr'><strong>pars</strong></span> <span class='ocrx_word' id='word_1_21' title='bbox 1018 515 1087 558; x_wconf 87' lang='lat' dir='ltr'><strong>auno</strong></span> <span class='ocrx_word' id='word_1_22' title='bbox 1108 517 1144 558; x_wconf 82' lang='lat' dir='ltr'><strong>se</strong></span> 
     </span>
     <span class='ocr_line' id='line_1_4' title="bbox 132 581 1144 663; baseline -0.002 -21"><span class='ocrx_word' id='word_1_23' title='bbox 132 593 172 649; x_wconf 70' lang='lat' dir='ltr'><strong>att</strong></span> <span class='ocrx_word' id='word_1_24' title='bbox 184 592 298 663; x_wconf 83' lang='lat' dir='ltr'><strong>quante,</strong></span> <span class='ocrx_word' id='word_1_25' title='bbox 317 593 346 643; x_wconf 86' lang='lat' dir='ltr'><strong>et</strong></span> <span class='ocrx_word' id='word_1_26' title='bbox 360 600 419 642; x_wconf 87' lang='lat' dir='ltr'><strong>nux</strong></span> <span class='ocrx_word' id='word_1_27' title='bbox 433 591 562 643; x_wconf 82' lang='lat' dir='ltr'><strong>vocatur.</strong></span> <span class='ocrx_word' id='word_1_28' title='bbox 593 581 659 641; x_wconf 90' lang='lat' dir='ltr'><strong>lude</strong></span> <span class='ocrx_word' id='word_1_29' title='bbox 675 597 836 659; x_wconf 78' lang='lat' dir='ltr'><strong>cognomen</strong></span> <span class='ocrx_word' id='word_1_30' title='bbox 850 582 953 643; x_wconf 77' lang='lat' dir='ltr'><strong>Graeci</strong></span> <span class='ocrx_word' id='word_1_31' title='bbox 968 582 1083 642; x_wconf 87' lang='lat' dir='ltr'><strong>dedere.</strong></span> <span class='ocrx_word' id='word_1_32' title='bbox 1107 581 1144 640; x_wconf 89' lang='lat' dir='ltr'><strong>de·</strong></span> 
     </span>
     <span class='ocr_line' id='line_1_5' title="bbox 176 665 1146 746; baseline -0.002 -20"><span class='ocrx_word' id='word_1_33' title='bbox 176 669 290 726; x_wconf 87' lang='lat' dir='ltr'><strong>metitur</strong></span> <span class='ocrx_word' id='word_1_34' title='bbox 306 683 369 726; x_wconf 89' lang='lat' dir='ltr'><strong>cum</strong></span> <span class='ocrx_word' id='word_1_35' title='bbox 383 667 518 726; x_wconf 87' lang='lat' dir='ltr'><strong>messium</strong></span> <span class='ocrx_word' id='word_1_36' title='bbox 539 667 698 726; x_wconf 71' lang='lat' dir='ltr'><strong>mannate</strong></span> <span class='ocrx_word' id='word_1_37' title='bbox 717 666 896 746; x_wconf 68' lang='lat' dir='ltr'><strong>lavatumque</strong></span> <span class='ocrx_word' id='word_1_38' title='bbox 917 665 1020 726; x_wconf 86' lang='lat' dir='ltr'><strong>deinde</strong></span> <span class='ocrx_word' id='word_1_39' title='bbox 1040 666 1146 724; x_wconf 88' lang='lat' dir='ltr'><strong>siccatur</strong></span> 
     </span>
     <span class='ocr_line' id='line_1_6' title="bbox 178 748 1162 829; baseline -0.006 -19"><span class='ocrx_word' id='word_1_40' title='bbox 178 759 207 810; x_wconf 87' lang='lat' dir='ltr'><strong>et</strong></span> <span class='ocrx_word' id='word_1_41' title='bbox 228 749 308 810; x_wconf 89' lang='lat' dir='ltr'><strong>datur</strong></span> <span class='ocrx_word' id='word_1_42' title='bbox 323 767 385 810; x_wconf 90' lang='lat' dir='ltr'><strong>curn</strong></span> <span class='ocrx_word' id='word_1_43' title='bbox 401 751 555 828; x_wconf 83' lang='lat' dir='ltr'><strong>papaueris</strong></span> <span class='ocrx_word' id='word_1_44' title='bbox 569 751 643 826; x_wconf 73' lang='lat' dir='ltr'><strong>nigri</strong></span> <span class='ocrx_word' id='word_1_45' title='bbox 658 748 768 809; x_wconf 85' lang='lat' dir='ltr'><strong>duabus</strong></span> <span class='ocrx_word' id='word_1_46' title='bbox 786 749 914 829; x_wconf 83' lang='lat' dir='ltr'><strong>partibus</strong></span> <span class='ocrx_word' id='word_1_47' title='bbox 929 750 967 808; x_wconf 86' lang='lat' dir='ltr'><strong>lta</strong></span> <span class='ocrx_word' id='word_1_48' title='bbox 981 757 1012 808; x_wconf 89' lang='lat' dir='ltr'><strong>ut</strong></span> <span class='ocrx_word' id='word_1_49' title='bbox 1029 749 1063 806; x_wconf 87' lang='lat' dir='ltr'><strong>sit</strong></span> <span class='ocrx_word' id='word_1_50' title='bbox 1074 757 1162 826; x_wconf 72' lang='lat' dir='ltr'><strong>totana</strong></span> 
     </span>
     <span class='ocr_line' id='line_1_7' title="bbox 177 832 1147 912; baseline -0.003 -19"><span class='ocrx_word' id='word_1_51' title='bbox 177 833 319 894; x_wconf 73' lang='lat' dir='ltr'><strong>acetabuli</strong></span> <span class='ocrx_word' id='word_1_52' title='bbox 334 832 445 908; x_wconf 89' lang='lat' dir='ltr'><strong>modus,</strong></span> <span class='ocrx_word' id='word_1_53' title='bbox 464 835 555 892; x_wconf 89' lang='lat' dir='ltr'><strong>minus</strong></span> <span class='ocrx_word' id='word_1_54' title='bbox 567 832 615 892; x_wconf 91' lang='lat' dir='ltr'><strong>hic</strong></span> <span class='ocrx_word' id='word_1_55' title='bbox 630 833 831 893; x_wconf 77' lang='lat' dir='ltr'><strong>vomitionibus</strong></span> <span class='ocrx_word' id='word_1_56' title='bbox 846 849 929 912; x_wconf 84' lang='lat' dir='ltr'><strong>quam</strong></span> <span class='ocrx_word' id='word_1_57' title='bbox 945 832 1091 909; x_wconf 80' lang='lat' dir='ltr'><strong>superior,</strong></span> <span class='ocrx_word' id='word_1_58' title='bbox 1111 849 1147 890; x_wconf 85' lang='lat' dir='ltr'><strong>co·</strong></span> 
     </span>
     <span class='ocr_line' id='line_1_8' title="bbox 177 915 1147 994; baseline -0.004 -18"><span class='ocrx_word' id='word_1_59' title='bbox 177 919 232 976; x_wconf 89' lang='lat' dir='ltr'><strong>teri</strong></span> <span class='ocrx_word' id='word_1_60' title='bbox 256 918 333 976; x_wconf 90' lang='lat' dir='ltr'><strong>item.</strong></span> <span class='ocrx_word' id='word_1_61' title='bbox 366 917 463 994; x_wconf 87' lang='lat' dir='ltr'><strong>&#39;aliqui</strong></span> <span class='ocrx_word' id='word_1_62' title='bbox 485 918 528 976; x_wconf 88' lang='lat' dir='ltr'><strong>sic</strong></span> <span class='ocrx_word' id='word_1_63' title='bbox 553 926 582 975; x_wconf 89' lang='lat' dir='ltr'><strong>et</strong></span> <span class='ocrx_word' id='word_1_64' title='bbox 602 916 701 975; x_wconf 88' lang='lat' dir='ltr'><strong>lolium</strong></span> <span class='ocrx_word' id='word_1_65' title='bbox 727 919 789 976; x_wconf 87' lang='lat' dir='ltr'><strong>cius</strong></span> <span class='ocrx_word' id='word_1_66' title='bbox 809 915 934 990; x_wconf 84' lang='lat' dir='ltr'><strong>dedere,</strong></span> <span class='ocrx_word' id='word_1_67' title='bbox 960 933 1064 974; x_wconf 82' lang='lat' dir='ltr'><strong>nucem</strong></span> <span class='ocrx_word' id='word_1_68' title='bbox 1090 931 1147 973; x_wconf 86' lang='lat' dir='ltr'><strong>vero</strong></span> 
     </span>
     <span class='ocr_line' id='line_1_9' title="bbox 176 999 1149 1078; baseline -0.003 -20"><span class='ocrx_word' id='word_1_69' title='bbox 176 1001 269 1078; x_wconf 88' lang='lat' dir='ltr'><strong>ipsam</strong></span> <span class='ocrx_word' id='word_1_70' title='bbox 288 1001 316 1060; x_wconf 90' lang='lat' dir='ltr'><strong>in</strong></span> <span class='ocrx_word' id='word_1_71' title='bbox 333 1000 424 1060; x_wconf 92' lang='lat' dir='ltr'><strong>mulso</strong></span> <span class='ocrx_word' id='word_1_72' title='bbox 438 1008 485 1060; x_wconf 87' lang='lat' dir='ltr'><strong>aut</strong></span> <span class='ocrx_word' id='word_1_73' title='bbox 499 1015 586 1078; x_wconf 88' lang='lat' dir='ltr'><strong>passo</strong></span> <span class='ocrx_word' id='word_1_74' title='bbox 607 1000 655 1059; x_wconf 87' lang='lat' dir='ltr'><strong>vel</strong></span> <span class='ocrx_word' id='word_1_75' title='bbox 671 1015 733 1059; x_wconf 92' lang='lat' dir='ltr'><strong>cum</strong></span> <span class='ocrx_word' id='word_1_76' title='bbox 744 1002 863 1060; x_wconf 87' lang='lat' dir='ltr'><strong>sesima.</strong></span> <span class='ocrx_word' id='word_1_77' title='bbox 897 999 985 1058; x_wconf 88' lang='lat' dir='ltr'><strong>trahit</strong></span> <span class='ocrx_word' id='word_1_78' title='bbox 997 999 1149 1076; x_wconf 84' lang='lat' dir='ltr'><strong>pituitamet</strong></span> 
     </span>
     <span class='ocr_line' id='line_1_10' title="bbox 176 1081 1147 1161; baseline -0.003 -18"><span class='ocrx_word' id='word_1_79' title='bbox 176 1083 263 1144; x_wconf 90' lang='lat' dir='ltr'><strong>bilem</strong></span> <span class='ocrx_word' id='word_1_80' title='bbox 285 1101 339 1161; x_wconf 88' lang='lat' dir='ltr'><strong>per</strong></span> <span class='ocrx_word' id='word_1_81' title='bbox 359 1083 461 1143; x_wconf 86' lang='lat' dir='ltr'><strong>alvom.</strong></span> <span class='ocrx_word' id='word_1_82' title='bbox 494 1084 552 1143; x_wconf 88' lang='lat' dir='ltr'><strong>oris</strong></span> <span class='ocrx_word' id='word_1_83' title='bbox 578 1083 677 1143; x_wconf 88' lang='lat' dir='ltr'><strong>ulcera</strong></span> <span class='ocrx_word' id='word_1_84' title='bbox 696 1092 792 1160; x_wconf 89' lang='lat' dir='ltr'><strong>sanat,</strong></span> <span class='ocrx_word' id='word_1_85' title='bbox 819 1083 854 1144; x_wconf 89' lang='lat' dir='ltr'><strong>ad</strong></span> <span class='ocrx_word' id='word_1_86' title='bbox 870 1099 973 1142; x_wconf 87' lang='lat' dir='ltr'><strong>nomas</strong></span> <span class='ocrx_word' id='word_1_87' title='bbox 989 1082 1049 1142; x_wconf 89' lang='lat' dir='ltr'><strong>oris</strong></span> <span class='ocrx_word' id='word_1_88' title='bbox 1066 1081 1147 1141; x_wconf 79' lang='lat' dir='ltr'><strong>tutius</strong></span> 
     </span>
     <span class='ocr_line' id='line_1_11' title="bbox 177 1166 1170 1225; baseline -0.003 0"><span class='ocrx_word' id='word_1_89' title='bbox 177 1185 239 1225; x_wconf 90' lang='lat' dir='ltr'><strong>cum</strong></span> <span class='ocrx_word' id='word_1_90' title='bbox 252 1166 339 1225; x_wconf 85' lang='lat' dir='ltr'><strong>melle</strong></span> <span class='ocrx_word' id='word_1_91' title='bbox 355 1174 441 1225; x_wconf 86' lang='lat' dir='ltr'><strong>estur.</strong></span> <span class='ocrx_word' id='word_1_92' title='bbox 1153 1182 1170 1222; x_wconf 88' lang='lat' dir='ltr'><strong>u</strong></span> 
     </span>
    </p>

    <p class='ocr_par' dir='ltr' id='par_1_3' title="bbox 132 1247 1150 1410">
     <span class='ocr_line' id='line_1_12' title="bbox 132 1247 1149 1329; baseline -0.01 -14"><span class='ocrx_word' id='word_1_93' title='bbox 132 1259 169 1315; x_wconf 83' lang='lat'><strong>68</strong></span> <span class='ocrx_word' id='word_1_94' title='bbox 243 1250 326 1329; x_wconf 86' lang='grc'>(41.)</span> <span class='ocrx_word' id='word_1_95' title='bbox 348 1249 472 1309; x_wconf 84' lang='lat' dir='ltr'><strong>&#39;lentium</strong></span> <span class='ocrx_word' id='word_1_96' title='bbox 492 1267 584 1327; x_wconf 82' lang='lat' dir='ltr'><strong>genus</strong></span> <span class='ocrx_word' id='word_1_97' title='bbox 604 1249 742 1324; x_wconf 74' lang='lat' dir='ltr'><strong>tithymali</strong></span> <span class='ocrx_word' id='word_1_98' title='bbox 757 1249 893 1328; x_wconf 88' lang='lat' dir='ltr'><strong>paralium</strong></span> <span class='ocrx_word' id='word_1_99' title='bbox 910 1257 1035 1308; x_wconf 83' lang='lat' dir='ltr'><strong>uocatur</strong></span> <span class='ocrx_word' id='word_1_100' title='bbox 1054 1249 1109 1306; x_wconf 86' lang='lat' dir='ltr'><strong>sive</strong></span> <span class='ocrx_word' id='word_1_101' title='bbox 1125 1247 1149 1306; x_wconf 89' lang='lat' dir='ltr'><strong>ti·</strong></span> 
     </span>
     <span class='ocr_line' id='line_1_13' title="bbox 176 1331 1150 1410; baseline -0.004 -18"><span class='ocrx_word' id='word_1_102' title='bbox 176 1332 307 1407; x_wconf 89' lang='lat' dir='ltr'><strong>thymalis</strong></span> <span class='ocrx_word' id='word_1_103' title='bbox 323 1331 394 1396; x_wconf 86' lang='lat' dir='ltr'><strong>iulio</strong></span> <span class='ocrx_word' id='word_1_104' title='bbox 409 1333 542 1407; x_wconf 86' lang='lat' dir='ltr'><strong>rotundo,</strong></span> <span class='ocrx_word' id='word_1_105' title='bbox 560 1333 641 1392; x_wconf 89' lang='lat' dir='ltr'><strong>caule</strong></span> <span class='ocrx_word' id='word_1_106' title='bbox 657 1333 780 1410; x_wconf 89' lang='lat' dir='ltr'><strong>palmum</strong></span> <span class='ocrx_word' id='word_1_107' title='bbox 795 1333 865 1406; x_wconf 90' lang='lat' dir='ltr'><strong>alto,</strong></span> <span class='ocrx_word' id='word_1_108' title='bbox 881 1333 967 1391; x_wconf 87' lang='lat' dir='ltr'><strong>ramis</strong></span> <span class='ocrx_word' id='word_1_109' title='bbox 990 1331 1150 1403; x_wconf 88' lang='lat' dir='ltr'><strong>rubentibus,</strong></span> 
     </span>
    </p>

    <p class='ocr_par' dir='ltr' id='par_1_4' title="bbox 122 1415 1151 1577">
     <span class='ocr_line' id='line_1_14' title="bbox 122 1415 1151 1494; baseline -0.004 -18"><span class='ocrx_word' id='word_1_110' title='bbox 122 1473 124 1476; x_wconf 84' lang='lat'><strong>.</strong></span> <span class='ocrx_word' id='word_1_111' title='bbox 177 1417 285 1474; x_wconf 89' lang='lat' dir='ltr'><strong>semine</strong></span> <span class='ocrx_word' id='word_1_112' title='bbox 299 1415 382 1489; x_wconf 89' lang='lat' dir='ltr'><strong>albo,</strong></span> <span class='ocrx_word' id='word_1_113' title='bbox 406 1417 483 1494; x_wconf 87' lang='lat' dir='ltr'><strong>qnod</strong></span> <span class='ocrx_word' id='word_1_114' title='bbox 501 1416 648 1494; x_wconf 82' lang='lat' dir='ltr'><strong>colligitur</strong></span> <span class='ocrx_word' id='word_1_115' title='bbox 662 1417 818 1494; x_wconf 82' lang='lat' dir='ltr'><strong>incipiente</strong></span> <span class='ocrx_word' id='word_1_116' title='bbox 831 1433 885 1474; x_wconf 88' lang='lat' dir='ltr'><strong>uua</strong></span> <span class='ocrx_word' id='word_1_117' title='bbox 901 1425 930 1474; x_wconf 89' lang='lat' dir='ltr'><strong>et</strong></span> <span class='ocrx_word' id='word_1_118' title='bbox 944 1416 1084 1474; x_wconf 83' lang='lat' dir='ltr'><strong>siccatuuu</strong></span> <span class='ocrx_word' id='word_1_119' title='bbox 1096 1415 1151 1473; x_wconf 87' lang='lat' dir='ltr'><strong>teri·</strong></span> 
     </span>
     <span class='ocr_line' id='line_1_15' title="bbox 175 1498 982 1577; baseline -0.004 -18"><span class='ocrx_word' id='word_1_120' title='bbox 175 1507 221 1559; x_wconf 90' lang='lat' dir='ltr'><strong>tur</strong></span> <span class='ocrx_word' id='word_1_121' title='bbox 235 1500 410 1576; x_wconf 78' lang='lat' dir='ltr'><strong>sumiturque</strong></span> <span class='ocrx_word' id='word_1_122' title='bbox 425 1499 569 1560; x_wconf 84' lang='lat' dir='ltr'><strong>acetabuli</strong></span> <span class='ocrx_word' id='word_1_123' title='bbox 583 1517 716 1559; x_wconf 89' lang='lat' dir='ltr'><strong>mensura</strong></span> <span class='ocrx_word' id='word_1_124' title='bbox 732 1498 768 1559; x_wconf 93' lang='lat' dir='ltr'><strong>ad</strong></span> <span class='ocrx_word' id='word_1_125' title='bbox 783 1499 982 1577; x_wconf 70' lang='lat' dir='ltr'><strong>purgationes.</strong></span> 
     </span>
    </p>

    <p class='ocr_par' dir='ltr' id='par_1_5' title="bbox 129 1581 1183 2139">
     <span class='ocr_line' id='line_1_16' title="bbox 129 1581 1174 1661; baseline -0.013 -13"><span class='ocrx_word' id='word_1_126' title='bbox 129 1593 168 1648; x_wconf 74' lang='lat' dir='ltr'><strong>da</strong></span> <span class='ocrx_word' id='word_1_127' title='bbox 242 1581 325 1660; x_wconf 82' lang='lat'><strong>(42.)</strong></span> <span class='ocrx_word' id='word_1_128' title='bbox 346 1583 482 1657; x_wconf 84' lang='lat' dir='ltr'><strong>Quartum</strong></span> <span class='ocrx_word' id='word_1_129' title='bbox 496 1600 589 1660; x_wconf 78' lang='lat' dir='ltr'><strong>genus</strong></span> <span class='ocrx_word' id='word_1_130' title='bbox 602 1582 805 1661; x_wconf 88' lang='lat' dir='ltr'><strong>helioscopion</strong></span> <span class='ocrx_word' id='word_1_131' title='bbox 819 1581 985 1659; x_wconf 87' lang='lat' dir='ltr'><strong>appellant,</strong></span> <span class='ocrx_word' id='word_1_132' title='bbox 1009 1581 1085 1640; x_wconf 83' lang='lat' dir='ltr'><strong>loliis</strong></span> <span class='ocrx_word' id='word_1_133' title='bbox 1097 1593 1174 1658; x_wconf 76' lang='lat' dir='ltr'><strong>ponc</strong></span> 
     </span>
     <span class='ocr_line' id='line_1_17' title="bbox 176 1665 1183 1744; baseline -0.002 -20"><span class='ocrx_word' id='word_1_134' title='bbox 176 1665 313 1742; x_wconf 83' lang='lat' dir='ltr'><strong>cullacae,</strong></span> <span class='ocrx_word' id='word_1_135' title='bbox 329 1665 445 1726; x_wconf 87' lang='lat' dir='ltr'><strong>ramulis</strong></span> <span class='ocrx_word' id='word_1_136' title='bbox 463 1666 603 1727; x_wconf 86' lang='lat' dir='ltr'><strong>stantibus</strong></span> <span class='ocrx_word' id='word_1_137' title='bbox 623 1683 640 1726; x_wconf 93' lang='lat' dir='ltr'><strong>a</strong></span> <span class='ocrx_word' id='word_1_138' title='bbox 654 1665 752 1726; x_wconf 88' lang='lat' dir='ltr'><strong>radice</strong></span> <span class='ocrx_word' id='word_1_139' title='bbox 768 1673 901 1744; x_wconf 84' lang='lat' dir='ltr'><strong>quattuor</strong></span> <span class='ocrx_word' id='word_1_140' title='bbox 916 1675 964 1724; x_wconf 87' lang='lat' dir='ltr'><strong>aut</strong></span> <span class='ocrx_word' id='word_1_141' title='bbox 977 1665 1101 1743; x_wconf 80' lang='lat' dir='ltr'><strong>quinque</strong></span> <span class='ocrx_word' id='word_1_142' title='bbox 1114 1682 1150 1722; x_wconf 86' lang='lat' dir='ltr'><strong>ru</strong></span> <span class='ocrx_word' id='word_1_143' title='bbox 1179 1726 1183 1743; x_wconf 64' lang='lat'><strong>,</strong></span> 
     </span>
     <span class='ocr_line' id='line_1_18' title="bbox 175 1747 1150 1828; baseline -0.003 -21"><span class='ocrx_word' id='word_1_144' title='bbox 175 1747 324 1824; x_wconf 86' lang='lat' dir='ltr'><strong>bentibus,</strong></span> <span class='ocrx_word' id='word_1_145' title='bbox 344 1749 511 1828; x_wconf 82' lang='lat' dir='ltr'><strong>semipedali</strong></span> <span class='ocrx_word' id='word_1_146' title='bbox 526 1750 689 1824; x_wconf 73' lang='lat' dir='ltr'><strong>altitudine,</strong></span> <span class='ocrx_word' id='word_1_147' title='bbox 705 1751 766 1808; x_wconf 90' lang='lat' dir='ltr'><strong>suci</strong></span> <span class='ocrx_word' id='word_1_148' title='bbox 787 1749 889 1826; x_wconf 88' lang='lat' dir='ltr'><strong>plenis.</strong></span> <span class='ocrx_word' id='word_1_149' title='bbox 932 1748 993 1820; x_wconf 87' lang='lat' dir='ltr'><strong>hoc</strong></span> <span class='ocrx_word' id='word_1_150' title='bbox 1016 1749 1092 1808; x_wconf 91' lang='lat' dir='ltr'><strong>circa</strong></span> <span class='ocrx_word' id='word_1_151' title='bbox 1111 1764 1150 1822; x_wconf 79' lang='lat' dir='ltr'><strong>op-</strong></span> 
     </span>
     <span class='ocr_line' id='line_1_19' title="bbox 174 1831 1150 1910; baseline -0.001 -20"><span class='ocrx_word' id='word_1_152' title='bbox 174 1831 241 1910; x_wconf 90' lang='lat' dir='ltr'><strong>pida</strong></span> <span class='ocrx_word' id='word_1_153' title='bbox 261 1833 386 1892; x_wconf 89' lang='lat' dir='ltr'><strong>nascitur</strong></span> <span class='ocrx_word' id='word_1_154' title='bbox 407 1835 515 1892; x_wconf 85' lang='lat' dir='ltr'><strong>semine</strong></span> <span class='ocrx_word' id='word_1_155' title='bbox 532 1832 598 1893; x_wconf 91' lang='lat' dir='ltr'><strong>albo</strong></span> <span class='ocrx_word' id='word_1_156' title='bbox 614 1832 752 1894; x_wconf 89' lang='lat' dir='ltr'><strong>columbis</strong></span> <span class='ocrx_word' id='word_1_157' title='bbox 764 1832 936 1909; x_wconf 80' lang='lat' dir='ltr'><strong>gratissimo.</strong></span> <span class='ocrx_word' id='word_1_158' title='bbox 964 1849 1071 1890; x_wconf 87' lang='lat' dir='ltr'><strong>nomeu</strong></span> <span class='ocrx_word' id='word_1_159' title='bbox 1083 1846 1150 1890; x_wconf 85' lang='lat' dir='ltr'><strong>acce·</strong></span> 
     </span>
     <span class='ocr_line' id='line_1_20' title="bbox 175 1914 1151 1994; baseline -0.004 -20"><span class='ocrx_word' id='word_1_160' title='bbox 175 1917 234 1993; x_wconf 88' lang='lat' dir='ltr'><strong>pit,</strong></span> <span class='ocrx_word' id='word_1_161' title='bbox 258 1916 389 1993; x_wconf 88' lang='lat' dir='ltr'><strong>quoniam</strong></span> <span class='ocrx_word' id='word_1_162' title='bbox 408 1919 502 1994; x_wconf 90' lang='lat' dir='ltr'><strong>capita</strong></span> <span class='ocrx_word' id='word_1_163' title='bbox 520 1935 583 1976; x_wconf 87' lang='lat' dir='ltr'><strong>cunr</strong></span> <span class='ocrx_word' id='word_1_164' title='bbox 604 1917 667 1976; x_wconf 92' lang='lat' dir='ltr'><strong>sole</strong></span> <span class='ocrx_word' id='word_1_165' title='bbox 688 1917 867 1993; x_wconf 82' lang='lat' dir='ltr'><strong>circumagit.</strong></span> <span class='ocrx_word' id='word_1_166' title='bbox 896 1914 984 1976; x_wconf 87' lang='lat' dir='ltr'><strong>trahit</strong></span> <span class='ocrx_word' id='word_1_167' title='bbox 1006 1914 1092 1974; x_wconf 88' lang='lat' dir='ltr'><strong>bilem</strong></span> <span class='ocrx_word' id='word_1_168' title='bbox 1109 1930 1151 1990; x_wconf 88' lang='lat' dir='ltr'><strong>per</strong></span> 
     </span>
     <span class='ocr_line' id='line_1_21' title="bbox 173 1995 1172 2076; baseline -0.002 -20"><span class='ocrx_word' id='word_1_169' title='bbox 173 1997 284 2074; x_wconf 78' lang='lat' dir='ltr'><strong>inferna</strong></span> <span class='ocrx_word' id='word_1_170' title='bbox 299 1998 327 2056; x_wconf 89' lang='lat' dir='ltr'><strong>in</strong></span> <span class='ocrx_word' id='word_1_171' title='bbox 343 2001 498 2073; x_wconf 76' lang='lat' dir='ltr'><strong>oxymelite</strong></span> <span class='ocrx_word' id='word_1_172' title='bbox 513 2000 626 2060; x_wconf 90' lang='lat' dir='ltr'><strong>dimidio</strong></span> <span class='ocrx_word' id='word_1_173' title='bbox 641 1999 811 2076; x_wconf 89' lang='lat' dir='ltr'><strong>acetabulo,</strong></span> <span class='ocrx_word' id='word_1_174' title='bbox 833 2000 924 2059; x_wconf 88' lang='lat' dir='ltr'><strong>ceteri</strong></span> <span class='ocrx_word' id='word_1_175' title='bbox 939 2015 1012 2058; x_wconf 88' lang='lat' dir='ltr'><strong>usus</strong></span> <span class='ocrx_word' id='word_1_176' title='bbox 1036 1999 1084 2076; x_wconf 84' lang='lat' dir='ltr'><strong>qui</strong></span> <span class='ocrx_word' id='word_1_177' title='bbox 1099 1995 1172 2056; x_wconf 88' lang='lat' dir='ltr'><strong>cha-n</strong></span> 
     </span>
     <span class='ocr_line' id='line_1_22' title="bbox 174 2081 281 2139; baseline 0 -2"><span class='ocrx_word' id='word_1_178' title='bbox 174 2081 281 2139; x_wconf 82' lang='lat' dir='ltr'><strong>saulae.</strong></span> 
     </span>
    </p>

    <p class='ocr_par' dir='ltr' id='par_1_6' title="bbox 128 2161 1151 2411">
     <span class='ocr_line' id='line_1_23' title="bbox 128 2161 1151 2247; baseline -0.01 -18"><span class='ocrx_word' id='word_1_179' title='bbox 128 2173 167 2229; x_wconf 77' lang='lat'><strong>70</strong></span> <span class='ocrx_word' id='word_1_180' title='bbox 237 2163 321 2241; x_wconf 89' lang='grc'>(43.)</span> <span class='ocrx_word' id='word_1_181' title='bbox 343 2166 475 2240; x_wconf 78' lang='lat' dir='ltr'><strong>Quintum</strong></span> <span class='ocrx_word' id='word_1_182' title='bbox 491 2167 784 2247; x_wconf 84' lang='lat' dir='ltr'><strong>cyparissianvocant</strong></span> <span class='ocrx_word' id='word_1_183' title='bbox 804 2174 925 2244; x_wconf 88' lang='lat' dir='ltr'><strong>propter</strong></span> <span class='ocrx_word' id='word_1_184' title='bbox 939 2161 1151 2224; x_wconf 88' lang='lat' dir='ltr'><strong>loliorumsiui·</strong></span> 
     </span>
     <span class='ocr_line' id='line_1_24' title="bbox 175 2244 1149 2328; baseline 0.001 -25"><span class='ocrx_word' id='word_1_185' title='bbox 175 2244 337 2323; x_wconf 90' lang='lat' dir='ltr'><strong>litudinem,</strong></span> <span class='ocrx_word' id='word_1_186' title='bbox 355 2249 436 2308; x_wconf 89' lang='lat' dir='ltr'><strong>caule</strong></span> <span class='ocrx_word' id='word_1_187' title='bbox 451 2252 566 2326; x_wconf 83' lang='lat' dir='ltr'><strong>genuino</strong></span> <span class='ocrx_word' id='word_1_188' title='bbox 584 2259 630 2309; x_wconf 87' lang='lat' dir='ltr'><strong>aut</strong></span> <span class='ocrx_word' id='word_1_189' title='bbox 648 2250 763 2328; x_wconf 85' lang='lat' dir='ltr'><strong>triplici.</strong></span> <span class='ocrx_word' id='word_1_190' title='bbox 792 2249 921 2309; x_wconf 84' lang='lat' dir='ltr'><strong>nascenti</strong></span> <span class='ocrx_word' id='word_1_191' title='bbox 945 2251 975 2307; x_wconf 93' lang='lat' dir='ltr'><strong>in</strong></span> <span class='ocrx_word' id='word_1_192' title='bbox 997 2246 1149 2326; x_wconf 88' lang='lat' dir='ltr'><strong>campestri·</strong></span> 
     </span>
     <span class='ocr_line' id='line_1_25' title="bbox 174 2327 927 2411; baseline 0.003 -24"><span class='ocrx_word' id='word_1_193' title='bbox 174 2327 227 2388; x_wconf 93' lang='lat' dir='ltr'><strong>bus</strong></span> <span class='ocrx_word' id='word_1_194' title='bbox 242 2331 342 2390; x_wconf 87' lang='lat' dir='ltr'><strong>eadem</strong></span> <span class='ocrx_word' id='word_1_195' title='bbox 357 2333 401 2392; x_wconf 85' lang='lat' dir='ltr'><strong>vis</strong></span> <span class='ocrx_word' id='word_1_196' title='bbox 417 2350 490 2410; x_wconf 88' lang='lat' dir='ltr'><strong>quac</strong></span> <span class='ocrx_word' id='word_1_197' title='bbox 505 2334 687 2411; x_wconf 87' lang='lat' dir='ltr'><strong>helioscopio</strong></span> <span class='ocrx_word' id='word_1_198' title='bbox 704 2342 752 2392; x_wconf 92' lang='lat' dir='ltr'><strong>aut</strong></span> <span class='ocrx_word' id='word_1_199' title='bbox 767 2333 927 2408; x_wconf 76' lang='lat' dir='ltr'><strong>characias.</strong></span> 
     </span>
    </p>

    <p class='ocr_par' dir='ltr' id='par_1_7' title="bbox 173 2409 1169 2744">
     <span class='ocr_line' id='line_1_26' title="bbox 234 2409 1169 2495; baseline -0.006 -21"><span class='ocrx_word' id='word_1_200' title='bbox 234 2415 316 2493; x_wconf 90' lang='grc'>(44.)</span> <span class='ocrx_word' id='word_1_201' title='bbox 338 2417 456 2476; x_wconf 81' lang='lat' dir='ltr'><strong>Sextum</strong></span> <span class='ocrx_word' id='word_1_202' title='bbox 471 2417 671 2495; x_wconf 74' lang='lat' dir='ltr'><strong>platyphyllon</strong></span> <span class='ocrx_word' id='word_1_203' title='bbox 686 2426 805 2491; x_wconf 86' lang='lat' dir='ltr'><strong>uocant,</strong></span> <span class='ocrx_word' id='word_1_204' title='bbox 830 2417 877 2476; x_wconf 90' lang='lat' dir='ltr'><strong>alii</strong></span> <span class='ocrx_word' id='word_1_205' title='bbox 894 2417 1094 2491; x_wconf 75' lang='lat' dir='ltr'><strong>corymbites,</strong></span> <span class='ocrx_word' id='word_1_206' title='bbox 1113 2409 1169 2472; x_wconf 82' lang='lat' dir='ltr'><strong>aliia</strong></span> 
     </span>
     <span class='ocr_line' id='line_1_27' title="bbox 174 2495 1148 2574; baseline -0.005 -17"><span class='ocrx_word' id='word_1_207' title='bbox 174 2498 366 2574; x_wconf 82' lang='lat' dir='ltr'><strong>amygdaliten</strong></span> <span class='ocrx_word' id='word_1_208' title='bbox 393 2517 408 2558; x_wconf 88' lang='lat' dir='ltr'><strong>a</strong></span> <span class='ocrx_word' id='word_1_209' title='bbox 438 2500 631 2560; x_wconf 88' lang='lat' dir='ltr'><strong>similitudine.</strong></span> <span class='ocrx_word' id='word_1_210' title='bbox 674 2517 729 2559; x_wconf 91' lang='lat' dir='ltr'><strong>nec</strong></span> <span class='ocrx_word' id='word_1_211' title='bbox 756 2499 842 2559; x_wconf 85' lang='lat' dir='ltr'><strong>ullius</strong></span> <span class='ocrx_word' id='word_1_212' title='bbox 867 2499 971 2559; x_wconf 86' lang='lat' dir='ltr'><strong>latiora</strong></span> <span class='ocrx_word' id='word_1_213' title='bbox 1000 2508 1067 2558; x_wconf 91' lang='lat' dir='ltr'><strong>sunt</strong></span> <span class='ocrx_word' id='word_1_214' title='bbox 1085 2495 1148 2556; x_wconf 86' lang='lat' dir='ltr'><strong>lolia.</strong></span> 
     </span>
     <span class='ocr_line' id='line_1_28' title="bbox 174 2579 1147 2662; baseline -0.001 -23"><span class='ocrx_word' id='word_1_215' title='bbox 174 2581 263 2658; x_wconf 88' lang='lat' dir='ltr'><strong>piscis</strong></span> <span class='ocrx_word' id='word_1_216' title='bbox 278 2592 373 2658; x_wconf 85' lang='lat' dir='ltr'><strong>necat,</strong></span> <span class='ocrx_word' id='word_1_217' title='bbox 388 2583 483 2644; x_wconf 85' lang='lat' dir='ltr'><strong>alvom</strong></span> <span class='ocrx_word' id='word_1_218' title='bbox 499 2584 587 2642; x_wconf 89' lang='lat' dir='ltr'><strong>solvit</strong></span> <span class='ocrx_word' id='word_1_219' title='bbox 603 2585 699 2644; x_wconf 88' lang='lat' dir='ltr'><strong>radice</strong></span> <span class='ocrx_word' id='word_1_220' title='bbox 713 2584 762 2642; x_wconf 89' lang='lat' dir='ltr'><strong>vel</strong></span> <span class='ocrx_word' id='word_1_221' title='bbox 779 2583 857 2644; x_wconf 84' lang='lat' dir='ltr'><strong>loliis</strong></span> <span class='ocrx_word' id='word_1_222' title='bbox 871 2582 920 2642; x_wconf 89' lang='lat' dir='ltr'><strong>vel</strong></span> <span class='ocrx_word' id='word_1_223' title='bbox 935 2601 1009 2642; x_wconf 90' lang='lat' dir='ltr'><strong>suco</strong></span> <span class='ocrx_word' id='word_1_224' title='bbox 1028 2585 1057 2641; x_wconf 88' lang='lat' dir='ltr'><strong>iu</strong></span> <span class='ocrx_word' id='word_1_225' title='bbox 1067 2579 1147 2662; x_wconf 15' lang='lat' dir='ltr'><strong>Arnulst</strong></span> 
     </span>
     <span class='ocr_line' id='line_1_29' title="bbox 173 2665 1136 2744; baseline -0.001 -22"><span class='ocrx_word' id='word_1_226' title='bbox 173 2673 220 2722; x_wconf 90' lang='lat' dir='ltr'><strong>aut</strong></span> <span class='ocrx_word' id='word_1_227' title='bbox 236 2683 309 2742; x_wconf 85' lang='lat' dir='ltr'><strong>aqua</strong></span> <span class='ocrx_word' id='word_1_228' title='bbox 325 2667 415 2727; x_wconf 88' lang='lat' dir='ltr'><strong>mulsa</strong></span> <span class='ocrx_word' id='word_1_229' title='bbox 432 2667 572 2727; x_wconf 88' lang='lat' dir='ltr'><strong>drachmis</strong></span> <span class='ocrx_word' id='word_1_230' title='bbox 590 2676 730 2744; x_wconf 81' lang='lat' dir='ltr'><strong>quauuor.</strong></span> <span class='ocrx_word' id='word_1_231' title='bbox 760 2665 882 2726; x_wconf 89' lang='lat' dir='ltr'><strong>detrahit</strong></span> <span class='ocrx_word' id='word_1_232' title='bbox 897 2667 1032 2743; x_wconf 81' lang='lat' dir='ltr'><strong>privatim</strong></span> <span class='ocrx_word' id='word_1_233' title='bbox 1051 2680 1136 2742; x_wconf 83' lang='lat' dir='ltr'><strong>aquas</strong></span> 
     </span>
    </p>

    <p class='ocr_par' dir='ltr' id='par_1_8' title="bbox 126 2747 1168 3061">
     <span class='ocr_line' id='line_1_30' title="bbox 126 2747 1147 2829; baseline -0.007 -19"><span class='ocrx_word' id='word_1_234' title='bbox 126 2754 163 2810; x_wconf 80' lang='lat' dir='ltr'><strong>’il</strong></span> <span class='ocrx_word' id='word_1_235' title='bbox 238 2749 322 2829; x_wconf 87' lang='lat'><strong>(45.)</strong></span> <span class='ocrx_word' id='word_1_236' title='bbox 344 2751 508 2828; x_wconf 88' lang='lat' dir='ltr'><strong>Septumum</strong></span> <span class='ocrx_word' id='word_1_237' title='bbox 529 2750 702 2810; x_wconf 87' lang='lat' dir='ltr'><strong>dendroides</strong></span> <span class='ocrx_word' id='word_1_238' title='bbox 726 2751 945 2826; x_wconf 80' lang='lat' dir='ltr'><strong>cognominant,</strong></span> <span class='ocrx_word' id='word_1_239' title='bbox 974 2749 1025 2810; x_wconf 89' lang='lat' dir='ltr'><strong>alii</strong></span> <span class='ocrx_word' id='word_1_240' title='bbox 1051 2747 1147 2818; x_wconf 84' lang='lat' dir='ltr'><strong>euhion,</strong></span> 
     </span>
     <span class='ocr_line' id='line_1_31' title="bbox 174 2827 1168 2912; baseline -0.001 -27"><span class='ocrx_word' id='word_1_241' title='bbox 174 2827 220 2886; x_wconf 88' lang='lat' dir='ltr'><strong>alii</strong></span> <span class='ocrx_word' id='word_1_242' title='bbox 238 2830 454 2911; x_wconf 84' lang='lat' dir='ltr'><strong>leptophyllon,</strong></span> <span class='ocrx_word' id='word_1_243' title='bbox 470 2836 499 2893; x_wconf 91' lang='lat' dir='ltr'><strong>in</strong></span> <span class='ocrx_word' id='word_1_244' title='bbox 514 2835 604 2912; x_wconf 88' lang='lat' dir='ltr'><strong>petris</strong></span> <span class='ocrx_word' id='word_1_245' title='bbox 619 2849 759 2910; x_wconf 81' lang='lat' dir='ltr'><strong>nascens,</strong></span> <span class='ocrx_word' id='word_1_246' title='bbox 776 2835 1004 2893; x_wconf 89' lang='lat' dir='ltr'><strong>comosissimum</strong></span> <span class='ocrx_word' id='word_1_247' title='bbox 1023 2849 1060 2891; x_wconf 88' lang='lat' dir='ltr'><strong>ex</strong></span> <span class='ocrx_word' id='word_1_248' title='bbox 1075 2827 1168 2890; x_wconf 72' lang='lat' dir='ltr'><strong>omnis</strong></span> 
     </span>
     <span class='ocr_line' id='line_1_32' title="bbox 173 2909 1146 2995; baseline 0.007 -28"><span class='ocrx_word' id='word_1_249' title='bbox 173 2909 236 2984; x_wconf 90' lang='lat' dir='ltr'><strong>bus,</strong></span> <span class='ocrx_word' id='word_1_250' title='bbox 252 2918 389 2974; x_wconf 89' lang='lat' dir='ltr'><strong>maxumis</strong></span> <span class='ocrx_word' id='word_1_251' title='bbox 407 2915 553 2978; x_wconf 90' lang='lat' dir='ltr'><strong>cauliculis</strong></span> <span class='ocrx_word' id='word_1_252' title='bbox 565 2916 741 2992; x_wconf 88' lang='lat' dir='ltr'><strong>rubentibus,</strong></span> <span class='ocrx_word' id='word_1_253' title='bbox 757 2927 786 2976; x_wconf 88' lang='lat' dir='ltr'><strong>st</strong></span> <span class='ocrx_word' id='word_1_254' title='bbox 797 2919 905 2977; x_wconf 86' lang='lat' dir='ltr'><strong>semine</strong></span> <span class='ocrx_word' id='word_1_255' title='bbox 918 2916 1146 2995; x_wconf 78' lang='lat' dir='ltr'><strong>copiosissimum,</strong></span> 
     </span>
     <span class='ocr_line' id='line_1_33' title="bbox 172 2993 704 3061; baseline 0.009 -9"><span class='ocrx_word' id='word_1_256' title='bbox 172 2993 308 3052; x_wconf 81' lang='lat' dir='ltr'><strong>eiusdem</strong></span> <span class='ocrx_word' id='word_1_257' title='bbox 315 2997 436 3059; x_wconf 76' lang='lat' dir='ltr'><strong>effectus</strong></span> <span class='ocrx_word' id='word_1_258' title='bbox 453 3003 533 3061; x_wconf 90' lang='lat' dir='ltr'><strong>cuius</strong></span> <span class='ocrx_word' id='word_1_259' title='bbox 548 3000 704 3060; x_wconf 88' lang='lat' dir='ltr'><strong>characias.</strong></span> 
     </span>
    </p>

    <p class='ocr_par' dir='ltr' id='par_1_9' title="bbox 129 3077 1145 3162">
     <span class='ocr_line' id='line_1_34' title="bbox 129 3077 1145 3162; baseline -0.004 -22"><span class='ocrx_word' id='word_1_260' title='bbox 129 3086 164 3140; x_wconf 74' lang='lat' dir='ltr'><strong>‘ll</strong></span> <span class='ocrx_word' id='word_1_261' title='bbox 239 3078 321 3156; x_wconf 88' lang='grc'>(46.)</span> <span class='ocrx_word' id='word_1_262' title='bbox 342 3079 436 3157; x_wconf 85' lang='lat' dir='ltr'><strong>Apios</strong></span> <span class='ocrx_word' id='word_1_263' title='bbox 451 3084 547 3143; x_wconf 87' lang='lat' dir='ltr'><strong>ischas</strong></span> <span class='ocrx_word' id='word_1_264' title='bbox 562 3085 624 3142; x_wconf 88' lang='lat' dir='ltr'><strong>siue</strong></span> <span class='ocrx_word' id='word_1_265' title='bbox 639 3077 784 3162; x_wconf 86' lang='lat' dir='ltr'><strong>raphanos</strong></span> <span class='ocrx_word' id='word_1_266' title='bbox 800 3087 890 3162; x_wconf 82' lang='lat' dir='ltr'><strong>agria,</strong></span> <span class='ocrx_word' id='word_1_267' title='bbox 905 3085 1008 3144; x_wconf 90' lang='lat' dir='ltr'><strong>iuncos</strong></span> <span class='ocrx_word' id='word_1_268' title='bbox 1023 3084 1094 3143; x_wconf 89' lang='lat' dir='ltr'><strong>duos</strong></span> <span class='ocrx_word' id='word_1_269' title='bbox 1106 3078 1145 3136; x_wconf 87' lang='lat' dir='ltr'><strong>uis</strong></span> 
     </span>
    </p>

    <p class='ocr_par' dir='ltr' id='par_1_10' title="bbox 131 3161 1166 3411">
     <span class='ocr_line' id='line_1_35' title="bbox 131 3161 1144 3250; baseline 0.001 -32"><span class='ocrx_word' id='word_1_270' title='bbox 131 3229 143 3250; x_wconf 44' lang='grc' dir='ltr'><em>Ι</em></span> <span class='ocrx_word' id='word_1_271' title='bbox 173 3161 282 3238; x_wconf 82' lang='lat' dir='ltr'><strong>spargit</strong></span> <span class='ocrx_word' id='word_1_272' title='bbox 296 3161 325 3218; x_wconf 90' lang='lat' dir='ltr'><strong>iu</strong></span> <span class='ocrx_word' id='word_1_273' title='bbox 340 3169 417 3222; x_wconf 87' lang='lat' dir='ltr'><strong>terra</strong></span> <span class='ocrx_word' id='word_1_274' title='bbox 432 3167 575 3243; x_wconf 86' lang='lat' dir='ltr'><strong>rubentis,</strong></span> <span class='ocrx_word' id='word_1_275' title='bbox 600 3167 678 3227; x_wconf 87' lang='lat' dir='ltr'><strong>loliis</strong></span> <span class='ocrx_word' id='word_1_276' title='bbox 694 3175 792 3246; x_wconf 83' lang='lat' dir='ltr'><strong>rutae,</strong></span> <span class='ocrx_word' id='word_1_277' title='bbox 815 3167 898 3227; x_wconf 81' lang='lat' dir='ltr'><strong>radix</strong></span> <span class='ocrx_word' id='word_1_278' title='bbox 913 3184 1022 3246; x_wconf 84' lang='lat' dir='ltr'><strong>copae,</strong></span> <span class='ocrx_word' id='word_1_279' title='bbox 1038 3165 1087 3224; x_wconf 85' lang='lat' dir='ltr'><strong>sed</strong></span> <span class='ocrx_word' id='word_1_280' title='bbox 1100 3177 1144 3221; x_wconf 73' lang='lat' dir='ltr'><strong>aa</strong></span> 
     </span>
     <span class='ocr_line' id='line_1_36' title="bbox 172 3243 1166 3328; baseline 0.004 -28"><span class='ocrx_word' id='word_1_281' title='bbox 172 3243 259 3321; x_wconf 90' lang='lat' dir='ltr'><strong>plior,</strong></span> <span class='ocrx_word' id='word_1_282' title='bbox 275 3261 363 3320; x_wconf 87' lang='lat' dir='ltr'><strong>quare</strong></span> <span class='ocrx_word' id='word_1_283' title='bbox 376 3247 487 3320; x_wconf 87' lang='lat' dir='ltr'><strong>quidam</strong></span> <span class='ocrx_word' id='word_1_284' title='bbox 498 3250 654 3328; x_wconf 88' lang='lat' dir='ltr'><strong>raphanum</strong></span> <span class='ocrx_word' id='word_1_285' title='bbox 668 3252 830 3311; x_wconf 84' lang='lat' dir='ltr'><strong>silvestrem</strong></span> <span class='ocrx_word' id='word_1_286' title='bbox 839 3260 956 3310; x_wconf 84' lang='lat' dir='ltr'><strong>uocant.</strong></span> <span class='ocrx_word' id='word_1_287' title='bbox 983 3252 1061 3310; x_wconf 86' lang='lat' dir='ltr'><strong>intus</strong></span> <span class='ocrx_word' id='word_1_288' title='bbox 1071 3245 1166 3308; x_wconf 76' lang='lat' dir='ltr'><strong>haheltl</strong></span> 
     </span>
     <span class='ocr_line' id='line_1_37' title="bbox 172 3326 1142 3411; baseline 0.002 -28"><span class='ocrx_word' id='word_1_289' title='bbox 172 3342 317 3384; x_wconf 88' lang='lat' dir='ltr'><strong>mammam</strong></span> <span class='ocrx_word' id='word_1_290' title='bbox 332 3326 488 3405; x_wconf 88' lang='lat' dir='ltr'><strong>candidam,</strong></span> <span class='ocrx_word' id='word_1_291' title='bbox 504 3343 585 3393; x_wconf 84' lang='lat' dir='ltr'><strong>extra</strong></span> <span class='ocrx_word' id='word_1_292' title='bbox 602 3336 727 3394; x_wconf 75' lang='lat' dir='ltr'><strong>cortices</strong></span> <span class='ocrx_word' id='word_1_293' title='bbox 749 3337 858 3411; x_wconf 79' lang='lat' dir='ltr'><strong>nigros.</strong></span> <span class='ocrx_word' id='word_1_294' title='bbox 886 3335 1013 3395; x_wconf 88' lang='lat' dir='ltr'><strong>nascitur</strong></span> <span class='ocrx_word' id='word_1_295' title='bbox 1034 3336 1063 3392; x_wconf 90' lang='lat' dir='ltr'><strong>in</strong></span> <span class='ocrx_word' id='word_1_296' title='bbox 1076 3343 1142 3388; x_wconf 88' lang='lat' dir='ltr'><strong>mon·</strong></span> 
     </span>
    </p>

    <p class='ocr_par' dir='ltr' id='par_1_11' title="bbox 128 3409 1141 3580">
     <span class='ocr_line' id='line_1_38' title="bbox 128 3409 1141 3489; baseline 0.003 -20"><span class='ocrx_word' id='word_1_297' title='bbox 128 3415 164 3469; x_wconf 81' lang='lat' dir='ltr'><strong>ta</strong></span> <span class='ocrx_word' id='word_1_298' title='bbox 174 3409 263 3465; x_wconf 88' lang='lat' dir='ltr'><strong>tuosis</strong></span> <span class='ocrx_word' id='word_1_299' title='bbox 279 3410 398 3485; x_wconf 88' lang='lat' dir='ltr'><strong>asperis,</strong></span> <span class='ocrx_word' id='word_1_300' title='bbox 415 3411 565 3489; x_wconf 83' lang='lat' dir='ltr'><strong>aliquando</strong></span> <span class='ocrx_word' id='word_1_301' title='bbox 576 3425 607 3475; x_wconf 87' lang='lat' dir='ltr'><strong>et</strong></span> <span class='ocrx_word' id='word_1_302' title='bbox 619 3419 646 3476; x_wconf 91' lang='lat' dir='ltr'><strong>in</strong></span> <span class='ocrx_word' id='word_1_303' title='bbox 662 3417 805 3476; x_wconf 85' lang='lat' dir='ltr'><strong>herbosis.</strong></span> <span class='ocrx_word' id='word_1_304' title='bbox 832 3417 965 3478; x_wconf 77' lang='lat' dir='ltr'><strong>effoditur</strong></span> <span class='ocrx_word' id='word_1_305' title='bbox 977 3435 1047 3477; x_wconf 88' lang='lat' dir='ltr'><strong>vere</strong></span> <span class='ocrx_word' id='word_1_306' title='bbox 1061 3424 1141 3475; x_wconf 78' lang='lat' dir='ltr'><strong>musa</strong></span> 
     </span>
     <span class='ocr_line' id='line_1_39' title="bbox 173 3490 1141 3580; baseline 0.008 -35"><span class='ocrx_word' id='word_1_307' title='bbox 173 3490 270 3562; x_wconf 85' lang='lat' dir='ltr'><strong>quein</strong></span> <span class='ocrx_word' id='word_1_308' title='bbox 292 3490 371 3548; x_wconf 84' lang='lat' dir='ltr'><strong>lictili</strong></span> <span class='ocrx_word' id='word_1_309' title='bbox 390 3497 543 3572; x_wconf 81' lang='lat' dir='ltr'><strong>mergitur,</strong></span> <span class='ocrx_word' id='word_1_310' title='bbox 566 3499 739 3578; x_wconf 86' lang='lat' dir='ltr'><strong>deiectoque</strong></span> <span class='ocrx_word' id='word_1_311' title='bbox 763 3501 840 3578; x_wconf 88' lang='lat' dir='ltr'><strong>quod</strong></span> <span class='ocrx_word' id='word_1_312' title='bbox 860 3510 1027 3580; x_wconf 90' lang='lat' dir='ltr'><strong>supernatat</strong></span> <span class='ocrx_word' id='word_1_313' title='bbox 1048 3498 1141 3559; x_wconf 81' lang='lat' dir='ltr'><strong>relicus</strong></span> 
     </span>
    </p>
   </div>
   <div class='ocr_carea' id='block_1_3' title="bbox 0 0 1202 3922">
    <p class='ocr_par' dir='ltr' id='par_1_12' title="bbox 0 0 1202 3922">
     <span class='ocr_line' id='line_1_40' title="bbox 0 0 1202 3922; baseline 0 0"><span class='ocrx_word' id='word_1_314' title='bbox 0 0 1202 3922; x_wconf 95' lang='lat' dir='ltr'><strong> </strong></span> 
     </span>
    </p>
   </div>
  </div>
 </body>
</html>
