2508 3924
91 193 101 216 ‘
206 187 276 282 '184
556 229 862 284 crnm1sncuno1

215 385 369 463 sunguine,
389 385 472 446 locur
491 385 576 446 etism
589 385 777 448 inveteratum
791 401 855 446 oum
871 393 934 446 ruta
950 392 1046 464 potum
1058 402 1093 444 ex
1104 385 1172 462 vino,

213 472 281 530 item
296 467 377 548 adips
394 485 456 528 cum
470 469 555 530 melle
570 472 731 548 resinaque,
750 469 834 530 simili
847 469 932 530 modo
953 469 1091 530 verrinum
1105 469 1172 530 iocur

214 561 244 613 et
258 552 334 612 tellis
354 551 497 612 dumtaxat
511 551 583 612 filtra
604 552 632 614 X
646 565 697 612 1111
715 553 843 630 pondere
857 553 906 613 rel
920 551 1069 612 cerebrum
1083 552 1172 612 inviro

213 644 320 715 potum.
342 633 508 713 ‘Caprarnm
524 652 610 695 cornu
625 636 674 697 vel
699 636 764 714 pilis
782 633 914 696 accensis
938 635 1032 711 lupari
1050 636 1170 711 serpentis

213 719 326 793 dicunt,
356 719 540 796 cineremque
561 735 577 777 e
600 735 688 778 cornu
709 728 806 797 potum
828 727 856 780 et
878 718 986 778 inlitum
1006 719 1188 783 contraictms

213 802 330 877 valere,
354 803 421 862 item
440 802 523 862 luctis
538 801 654 862 haustus
669 819 732 862 cum
745 818 800 862 nvn
816 802 927 862 tominin
942 801 992 860 vel
1007 803 1103 860 nrinne
1123 818 1171 860 cun

213 894 297 946 aceto
312 885 434 960 scillite,
458 901 573 945 cescum
590 886 736 963 caprinum
754 903 818 946 enm
838 886 958 962 origene
976 884 1124 962 inpositum
1136 883 1174 944 rel

172 967 330 1036 leaschum
344 985 407 1028 cnm
423 985 499 1028 cers.
525 967 601 1028 milia
615 977 767 1046 praeterea
778 968 967 1028 remediorum
980 985 1019 1028 ex
1034 965 1176 1026 conuiuali

213 1052 454 1126 demonstrantur,
475 1053 548 1111 sicut
570 1051 731 1128 adparebit‚
756 1052 833 1129 quod
855 1051 988 1130 equidem
1007 1050 1108 1126 miror,
1126 1065 1178 1108 cun

212 1133 287 1195 lebni
301 1143 422 1211 negetur
437 1151 546 1194 carere.
566 1131 686 1213 amplior
701 1135 827 1214 potentia
841 1135 910 1194 ieris
925 1133 1056 1194 eiusdem
1071 1134 1201 1210 ganemu

181 1240 199 1282 s.
210 1237 246 1274 su
256 1217 333 1296 qnod
344 1219 603 1278 numerosissimum
615 1235 682 1278 esse
691 1218 823 1293 diximus,
836 1217 970 1277 aliarero
983 1225 1014 1276 et
1024 1216 1119 1276 lrircin.
1133 1215 1178 1274 lic·

212 1303 349 1360 mocritue
370 1301 520 1360 etiamnum
540 1301 660 1362 effectus
682 1310 769 1378 auget
787 1303 848 1361 eius
867 1301 915 1379 qui
936 1299 1092 1376 singularis
1113 1305 1179 1360 nm

214 1384 259 1444 sit.
289 1385 355 1444 limo
370 1399 485 1462 quoque
502 1401 649 1464 caprarum
664 1385 691 1444 in
707 1392 791 1445 aceto
806 1385 930 1444 decocto
948 1383 1031 1442 inlini
1047 1383 1117 1442 ictus
1131 1399 1179 1440 ser·

212 1468 338 1546 pontium
352 1467 450 1546 placet
466 1468 495 1526 et
510 1469 635 1528 recentis
652 1470 749 1528 cinere
764 1469 792 1527 in
807 1467 885 1543 vino,
900 1466 1030 1544 atqnein
1043 1461 1179 1525 totundit

214 1551 316 1612 licilius
341 1567 407 1610 sese
434 1549 641 1628 recolligentes
665 1567 682 1611 a
707 1551 882 1629 serpentium
905 1549 963 1608 ictu
986 1551 1019 1608 in
1045 1547 1203 1626 caprilibusn

172 1644 223 1726 lpl
234 1643 349 1712 optume
371 1634 585 1694 convalescunt.
611 1635 658 1712 qui
674 1634 822 1694 efficacius
836 1633 934 1694 volunt
949 1632 1062 1692 mederi
1082 1632 1180 1693 occisae

214 1734 321 1796 caprae
337 1716 431 1776 alvom
446 1717 597 1776 dissectam
613 1735 676 1776 cum
690 1718 755 1776 limo
772 1719 845 1776 intus
865 1724 984 1792 reperto
999 1715 1120 1792 inligant
1137 1723 1181 1772 sta·

213 1802 272 1860 tim.
302 1801 350 1860 alii
365 1817 479 1860 carnem
494 1808 640 1860 recentem
655 1799 810 1860 haedorum
829 1799 888 1877 pilo
904 1797 1023 1858 suffiunt
1039 1799 1181 1874 eodemque

213 1883 315 1944 nidore
330 1885 428 1959 lugent
447 1885 599 1962 serpentis.
628 1893 741 1943 utuntur
756 1892 786 1943 et
801 1881 879 1962 pelle
901 1898 1003 1942 corum
1024 1888 1140 1942 recente
1155 1876 1182 1938 nd
1233 1917 1234 1920 κ

213 1967 330 2046 plagas,
352 1975 382 2025 ct
398 1983 484 2026 carne
499 1975 529 2026 et
541 1967 607 2026 limo
624 1968 689 2044 equi
702 1967 731 2026 in
744 1981 816 2043 egro
830 1966 919 2043 pasti,
942 1965 1070 2042 coagulo
1091 1963 1205 2042 leporino

215 2067 252 2110 en
269 2058 369 2123 aceto,
393 2058 549 2127 contmque
569 2053 751 2130 scorpionem
772 2057 801 2108 et
821 2065 929 2108 morem
946 2065 1095 2108 araneum.
1121 2046 1183 2106 aiunt

172 2145 223 2196 155
234 2149 291 2190 uon
306 2131 386 2192 feriri
400 2131 509 2210 leporis
526 2133 650 2209 coagulo
665 2141 830 2212 perunctos.
864 2148 881 2190 a
901 2133 1062 2210 scorpione
1083 2146 1182 2209 parcns

214 2216 255 2274 sis
276 2213 368 2274 dmum
390 2230 497 2294 caprae
511 2216 658 2276 eldcacins
681 2233 743 2277 cum
764 2223 847 2276 aceto
865 2213 1020 2274 decoctum
1041 2213 1182 2286 auxiliatur,

213 2296 321 2357 lardum
337 2299 438 2375 iusque
454 2299 567 2358 decocti
582 2307 680 2377 potum
695 2308 725 2358 et
738 2297 782 2366 luis
799 2299 847 2376 qui
866 2297 1028 2376 buprestim
1044 2296 1181 2356 hauserint

214 2381 281 2458 quin
296 2382 380 2440 etium
395 2381 418 2440 si
434 2385 496 2458 quis
517 2383 597 2442 asino
611 2383 639 2442 in
654 2399 751 2442 aurem
768 2398 937 2460 percussum
952 2399 968 2440 a
983 2382 1141 2458 scorpione
1156 2389 1203 2436 set

214 2463 306 2540 dicct,
332 2463 453 2524 transire
473 2465 721 2542 malumprotinus
736 2463 865 2539 trudunt,
888 2463 1092 2542 redeunteque
1107 2461 1182 2522 onnia

214 2561 340 2610 nocenso
357 2548 490 2627 pulmone
507 2549 567 2608 eius
582 2547 693 2624 ingere.
722 2555 751 2607 et
762 2547 827 2606 limo
840 2547 921 2608 vituli
935 2547 1028 2606 sulliri
1043 2557 1182 2626 pereussos

214 2647 230 2690 a
246 2633 402 2709 scorpione
417 2632 546 2709 prodest.

172 2723 223 2796 lot)
286 2714 369 2794 (43.)
392 2712 478 2774 Canis
492 2713 599 2774 rabiosi
613 2729 709 2772 morsu
725 2711 800 2773 iacto
814 2712 932 2774 volnere
945 2712 1147 2774 circumcidunt
1156 2707 1183 2768 ad

212 2797 399 2876 vincensque
415 2799 503 2875 partis
518 2797 629 2875 quidam
645 2813 817 2874 carnemque
831 2796 910 2856 vituli
932 2796 1091 2856 admovent
1107 2803 1135 2854 ct
1150 2793 1205 2852 insa

214 2895 252 2938 ex
267 2880 369 2939 eodem
384 2883 476 2941 curnis
492 2881 632 2941 decoctae
642 2877 709 2938 dant
726 2880 806 2956 potui
817 2888 864 2940 aut
878 2879 1030 2956 exungiam
1043 2895 1107 2938 cnm
1117 2876 1183 2938 calce

213 2971 332 3022 tunsam.
367 2964 438 3023 hirci
456 2965 547 3038 iocur,
563 2979 619 3042 quo
634 2963 760 3040 inposito
777 2981 814 3022 ne
829 2964 960 3040 temptari
975 2962 1092 3041 quidem
1109 2973 1182 3036 aquae

213 3055 289 3105 metu
304 3046 460 3123 adfirmant,
475 3047 589 3106 landant
606 3053 635 3105 et
650 3063 757 3124 caprae
772 3047 865 3106 limum
880 3047 992 3106 exvino
1008 3045 1126 3118 inlitum,
1138 3057 1182 3100 ne

214 3128 251 3188 lis
265 3137 294 3188 et
308 3127 402 3188 cuculi
426 3138 455 3188 et
469 3129 623 3194 hirundinis
644 3128 797 3189 decoctum
816 3138 849 3189 'et
869 3138 977 3207 potum.
1009 3128 1049 3188 ad
1069 3126 1181 3202 reliquos

213 3210 367 3272 bestiarum
383 3227 495 3270 morsus
513 3213 658 3290 cuprinum
676 3229 790 3272 caseum
805 3215 913 3273 siccum
937 3229 1001 3272 cnm
1019 3211 1138 3287 origano
1150 3207 1206 3266 inc

215 3301 323 3372 ponat
347 3291 594 3371 comminuent,
620 3294 656 3355 ad
681 3295 803 3356 hominis
827 3313 941 3358 morsus
965 3311 1083 3356 munem
1106 3289 1181 3350 onon·

214 3373 270 3512 larp
296 3383 422 3513 epotam,
452 3376 721 3453 amoenissimi,
748 3381 772 3440 si
798 3397 855 3440 non
875 3387 941 3440 ante
969 3379 1097 3457 quintum
1119 3373 1181 3436 dieu

215 3471 248 3513 sc
261 3471 314 3514 van
329 3497 336 3512 .
