2508 3924
296 245 376 294 nar.
392 243 483 330 arar.
497 245 620 294 xxrm.
637 243 680 298 rc
697 235 847 312 (st—45.)
1003 233 1061 297 185

134 399 218 478 (442)
242 398 400 460 veneficiis
411 391 605 478 rostrnm‘lupl
615 401 757 459 resistere
766 401 952 462 inveteratum
965 397 1042 461 aiunt
1053 409 1101 464 157

71 481 111 542 ob
130 481 218 560 idque
231 482 363 542 villarum
381 483 473 560 portis
497 484 664 563 praeligant.
695 483 752 542 hoc
766 485 840 544 idem
861 495 1011 563 praestare
1033 492 1062 542 et

71 564 193 645 pellise
209 567 325 625 ceruice
344 566 437 627 solida
451 568 561 628 manica
583 567 773 644 existimatur,
796 570 902 647 quippe
927 576 1003 628 tanta
1017 567 1062 627 vis

69 657 117 708 est
132 648 393 727 animalispraeter
407 669 441 710 ea
457 667 531 728 quae
546 651 693 711 retulimus
709 659 740 710 ut
756 653 881 728 vestigia
899 652 960 711 cius
978 650 1034 710 cal·
1048 669 1066 713 a.
1080 670 1104 704 ao

48 739 138 792 scala
152 732 235 809 equis
251 732 381 792 adierant
395 742 553 812 torperem.

133 816 218 894 (tc.)
239 814 277 876 lis
293 817 341 894 qui
354 824 502 894 argentum
524 818 619 878 rivom
637 816 761 877 biberint
783 817 893 878 lardum
912 809 1041 878 remedio
1052 827 1104 882 158

71 907 128 958 est.
156 897 278 958 Asinino
294 898 371 958 lacte
389 909 461 978 poto
476 916 587 960 venena
603 902 811 978 restinguatur,
833 901 1019 980 peculiariter
1039 901 1063 960 si

69 981 278 1056 hyoscyamum
294 991 392 1060 potum
407 984 444 1043 slt
457 993 504 1043 aut
519 984 627 1044 viscum
641 993 690 1043 aut
710 987 801 1046 cicuta
817 994 865 1044 aut
880 984 966 1062 lepus
979 985 1078 1043 mari--

68 1079 125 1123 aas
138 1073 188 1124 aut
203 1073 410 1143 opocarpatum
425 1076 473 1126 aut
490 1067 628 1145 pharicon
648 1076 697 1127 aut
710 1067 876 1142 dorycnium
901 1077 930 1127 et
950 1069 974 1126 sl
995 1083 1062 1127 cca·

37 1148 169 1224 rugulam
186 1148 271 1208 alicui
288 1150 433 1225 nocuerit,
457 1167 521 1210 nam
534 1151 563 1210 id
580 1167 694 1228 quoque
711 1166 851 1211 venenum
868 1159 913 1210 ast
928 1151 956 1210 in
972 1152 1062 1230 prima

70 1231 155 1290 lactis
170 1231 382 1308 coagulatione.
411 1233 517 1293 multos
539 1234 601 1292 eius
623 1242 652 1292 et
668 1233 740 1294 alios
755 1253 823 1294 usus
840 1235 987 1310 dicemus,
1009 1233 1063 1294 sed

71 1314 236 1374 meminisse
252 1314 399 1392 oportebit
421 1318 533 1376 receuti
553 1316 686 1376 mendum
707 1327 754 1377 aut
775 1337 832 1378 uon
852 1318 941 1377 multo
957 1325 1062 1394 postea

70 1398 232 1476 tepefacto,
248 1397 354 1457 nullum
369 1396 444 1459 enirn
460 1400 584 1459 celerius
602 1403 758 1461 evanescit.
782 1419 850 1460 ossa
866 1417 981 1479 quoque
991 1400 1063 1460 asini

73 1481 222 1541 confracta
237 1490 266 1542 et
280 1480 402 1542 decocta
415 1492 525 1544 ‘contra
543 1483 654 1562 leporis
674 1485 773 1544 marini
789 1501 930 1543 venenum
951 1484 1061 1544 dantur.

35 1579 62 1620 ιε
72 1565 166 1624 carnia
181 1564 283 1625 eadem
300 1567 417 1642 onagris
433 1567 608 1626 efficaciora.
629 1567 674 1626 De
689 1568 826 1646 equiferis
845 1585 903 1626 non
918 1569 1043 1646 scripse·
1053 1577 1104 1632 159

70 1657 133 1707 runt
145 1645 260 1724 Graeci,
278 1651 411 1726 quoniam
426 1658 522 1709 terrae
537 1651 604 1710 illae
619 1667 676 1710 non
688 1651 855 1728 gignebant,
865 1659 1061 1710 verumtamen

70 1731 194 1790 tortiora
210 1732 304 1792 omnia
320 1731 421 1792 eadem
437 1749 520 1811 quam
541 1733 570 1792 in
592 1735 673 1812 equis
692 1735 824 1810 intellegi
838 1733 956 1798 debent.
986 1734 1062 1793 lacte

68 1815 177 1892 equino
198 1831 311 1874 reuera
337 1814 448 1894 leporis
472 1817 570 1882 marini
591 1826 620 1876 et
642 1817 737 1878 toxica
760 1824 971 1897 expugnantur.
1007 1833 1063 1876 nec

67 1913 138 1957 aros
159 1905 208 1956 aut
227 1896 349 1958 bisontis
370 1898 529 1960 habuerunt
549 1901 652 1961 Graeci
671 1901 700 1959 in
721 1899 943 1978 experimentis,
965 1915 1060 1976 quam·

34 1997 59 2039 so
70 1997 156 2058 qnam
171 1980 248 2040 bove
262 1982 327 2041 lero
341 1982 458 2042 refertis
473 1982 577 2048 ludiae,
587 1984 684 2060 silvis,
699 1987 834 2064 portione
851 1991 946 2043 tamen
961 1982 1061 2042 eadem

68 2065 239 2124 efficaciora
255 2066 347 2124 omnia
360 2083 398 2124 en
412 2065 455 2124 his
472 2068 552 2127 credi
566 2083 618 2145 par
634 2077 688 2129 est.
709 2069 750 2128 sic
767 2085 881 2146 quoque
898 2066 974 2126 laote
990 2065 1040 2125 bu·
1053 2076 1104 2130 160

66 2146 139 2207 bulo
157 2156 260 2207 cuncta
274 2165 387 2207 uenena
403 2153 562 2228 expugnari
577 2151 705 2228 tradunt,
726 2168 858 2210 maxume
883 2164 970 2226 supra
986 2148 1061 2208 dicta

68 2238 99 2290 et
111 2231 136 2290 si
148 2231 334 2309 ephemerum
348 2231 491 2310 inpactum
504 2235 540 2294 sit
551 2243 599 2294 aut
612 2237 637 2294 si
654 2235 835 2295 cantharides
853 2233 948 2308 datae,
968 2233 1062 2292 omnia

68 2314 228 2374 vomitione
246 2315 338 2391 egeri,
359 2317 401 2374 sic
417 2325 446 2375 et
462 2319 581 2394 caprino
601 2319 663 2377 iure
684 2317 873 2378 cantharidas.
903 2325 1001 2376 contra
1024 2332 1060 2376 ea

31 2415 57 2455 m
68 2413 144 2457 vero
167 2413 243 2476 quae
267 2396 484 2458 exulceratione
499 2409 622 2459 enecant
638 2401 737 2460 sebum
753 2399 898 2460 vitulinum
910 2398 958 2458 vel
972 2398 1060 2458 bubu-

68 2481 127 2540 lnm
149 2481 310 2542 auxiliatur.
339 2499 403 2542 nam
428 2491 528 2542 cenna
550 2482 739 2560 sanguisugas
760 2491 845 2560 potas
865 2481 996 2556 butyrum
1015 2499 1060 2540 re·

67 2563 165 2623 medio
182 2573 228 2624 est
242 2583 304 2624 oum
317 2573 401 2626 aceto
413 2565 493 2625 ferro
509 2566 662 2642 calefacto,
678 2565 754 2644 qnod
772 2575 801 2625 et
819 2582 873 2643 per
891 2582 925 2623 se
941 2564 1061 2643 prodest

67 2655 172 2708 contra
193 2665 316 2708 venena.
345 2665 409 2708 nam
432 2651 457 2708 si
477 2649 571 2708 oleum
597 2666 653 2708 non
675 2651 727 2724 sit,
746 2649 918 2707 vicemalus
942 2664 1060 2724 reprae-

67 2739 173 2790 tentat.
202 2731 375 2810 multipedae
392 2750 505 2792 morsus
520 2748 584 2793 cunr
597 2731 682 2791 melle
699 2741 789 2791 sanat.
820 2731 910 2790 omasi
926 2745 1039 2807 quoque
1053 2741 1101 2796 161

31 2833 57 2874 ao
67 2815 133 2873 iure
149 2822 219 2891 poto
231 2831 343 2878 venena
360 2833 445 2893 supra
458 2815 533 2875 diota
549 2815 707 2893 expugnari
718 2823 826 2892 putant,
842 2814 975 2891 privatim
989 2830 1059 2874 vero

65 2897 185 2956 aconita
203 2899 375 2973 etelectus,
399 2899 522 2975 itemque
537 2898 657 2958 vitulino
673 2896 755 2957 sebo.
788 2897 931 2974 Caprinus
955 2913 1059 2956 caseus

65 2995 175 3039 recens
190 2979 235 3040 lris
249 2983 298 3058 qui
313 2980 422 3040 viscum
443 2981 577 3058 biberint,
594 2981 640 3042 lac
656 2990 755 3041 contra
771 2979 951 3040 cantharidas
967 2995 1060 3038 reme·

64 3063 115 3122 dio
136 3071 182 3122 est
199 3072 229 3122 et
244 3073 343 3123 corna
358 3063 506 3141 ephemeri
523 3073 621 3142 potum
638 3082 701 3125 cum
717 3064 831 3123 taminia
847 3075 912 3122 ura.
943 3064 1059 3138 sanguis
1081 3131 1084 3137 ¹

65 3147 205 3225 caprinus
221 3145 359 3206 decoctus
377 3163 439 3206 cunr
463 3147 586 3207 medulla
609 3157 708 3208 contra
728 3148 824 3207 toxica
845 3163 957 3205 venena
972 3147 1058 3205 sumi·

30 3239 124 3304 tatur,
141 3227 279 3288 haedinus
294 3239 392 3290 contra
408 3231 527 3307 reliqua.
554 3232 705 3308 coagulum
717 3231 799 3291 haedi
815 3230 1036 3291 contrariarum
1049 3237 1099 3295 lca

66 3321 97 3373 et
112 3312 349 3372 chamaeleonem
363 3312 456 3373 album
468 3316 692 3392 sanguinemque
703 3317 851 3389 taurinum,
865 3320 962 3372 eonua
975 3323 1058 3390 quem

64 3404 96 3455 et
111 3395 226 3474 leporis
243 3396 394 3472 coagulum
408 3407 503 3458 estex
518 3406 619 3472 aceto,
639 3407 739 3459 contra
754 3398 927 3477 pastinacam
943 3413 1013 3456 vero
1030 3404 1059 3456 et

64 3481 194 3540 omnium
216 3481 387 3540 marinorum
411 3481 487 3542 ictus
507 3480 555 3542 vel
574 3497 688 3550 morsus
711 3481 862 3558 coagulum
882 3480 991 3558 leporis
1010 3479 1058 3540 vel
