2504 3930
295 214 376 302 iun.
393 253 484 302 eren.
500 254 611 302 xmo
629 252 656 305 3.
673 251 699 305 4.
720 242 779 320 (rs.
797 243 855 320 14.)
1010 241 1068 304 291
1128 311 1130 318 ,

72 408 186 473 cellesis
208 409 236 467 in
256 427 310 469 usu
330 409 452 486 pretium
469 417 645 486 naturaeque
664 410 879 487 proprietatem.
914 418 978 470 sunt
998 428 1071 487 ergo

71 492 248 554 testudinum
264 510 389 570 genera:
411 501 583 568 terrestres,
601 493 744 568 marinae,
763 493 884 554 lutariae
906 503 934 554 et
951 512 1025 572 quaa
1043 497 1072 554 in

68 577 148 654 ¹dulci
167 594 242 654 aqua
260 577 369 635 vivont.
402 576 455 634 bas
472 575 585 654 quidam
604 595 620 635 e
637 576 761 636 Graecis*
780 576 895 650 emydas
913 578 1070 656 appellant.

71 661 264 722 Terrestrium
281 677 385 722 carues
399 659 591 719 suffitionibus
607 662 744 738 propriae
765 662 945 740 magicisque
962 661 1069 721 artibus
1080 671 1115 726 33

47 743 232 806 ereiutaudis
253 753 282 804 et
304 752 404 803 contra
424 761 536 803 venena
559 743 702 804 salutares
724 745 890 824 produntur.
923 745 1072 823 plurumae

71 830 99 888 iu
116 827 229 889 Africa.
256 827 312 887 bae
333 828 373 887 ibi
393 837 538 905 amputato
561 829 656 906 capite
674 828 855 906 pedibusque
871 846 925 907 pro
943 829 1071 890 antidoto

71 913 133 972 dari
157 910 288 972 dicuntur
310 920 339 970 et
358 929 375 969 e
397 912 459 970 iure
482 912 511 970 in
534 911 601 970 cibo
619 922 755 989 sumptae
778 922 899 972 strumas
917 911 1071 989 discutere,

70 997 164 1056 lienes
182 994 299 1092 tollere,
317 995 384 1054 item
403 995 555 1056 comitialis
573 995 701 1056 morbos.
732 998 851 1073 sanguis
869 1015 967 1058 earum
989 997 1071 1056 clari·

69 1089 158 1140 tatem
175 1079 254 1138 visus
272 1078 351 1153 facit,
368 1078 553 1138 subfusiones
569 1079 719 1140 oculorum
734 1081 821 1140 tollit.
847 1089 876 1140 et
891 1091 992 1140 contra
1010 1099 1072 1140 ser-

40 1181 63 1222 to
72 1165 200 1241 pebtium
213 1164 334 1221 omnium
348 1171 376 1221 et
387 1179 556 1232 araneorum
575 1181 609 1222 ac
623 1165 755 1224 similium
770 1173 798 1222 et
812 1182 944 1226 ranarum
959 1182 1072 1224 venena

73 1247 224 1306 auxiliatur
240 1254 357 1306 servato
371 1249 509 1323 sanguine
524 1247 552 1304 in
564 1247 654 1306 larina
668 1247 765 1325 pilulis
779 1248 865 1308 iactis
877 1258 907 1307 et
922 1267 985 1308 cum
998 1265 1072 1326 opus

74 1332 131 1392 sit
122 1350 149 1390 m
167 1333 237 1390 vino
255 1329 338 1390 datis.
367 1330 437 1389 lelle
456 1329 627 1390 testudinum
649 1349 712 1390 cum
726 1332 826 1391 Attico
848 1333 934 1392 melle
952 1333 1070 1410 glauco·

70 1423 145 1474 mata
159 1416 277 1490 inungui
292 1413 423 1491 prodest,
438 1415 623 1492 scorpionum
637 1415 742 1493 plagae
756 1415 898 1476 instillari.
921 1416 1068 1492 tegimenti
1081 1424 1114 1480 ιι

72 1499 144 1558 cinis
169 1498 238 1556 vino
266 1506 294 1556 et
316 1497 384 1558 oleo
405 1498 541 1557 subactus
564 1499 669 1576 pedum
689 1500 775 1559 rimas
798 1499 956 1578 ulceraque
980 1507 1072 1560 sanat.

40 1602 62 1643 m
71 1599 210 1660 squamae
231 1599 247 1640 e
267 1599 375 1642 summa
398 1590 481 1659 parte
505 1581 627 1642 derasae
648 1591 676 1642 et
696 1583 724 1641 in
743 1592 813 1661 potu
835 1583 917 1644 datae
935 1601 1072 1642 venerem

71 1664 220 1726 cohibent.
238 1682 275 1725 eo
286 1668 378 1742 magis
391 1665 448 1725 boc
457 1667 568 1739 mirum,
579 1667 711 1744 quoniam
723 1668 814 1726 totius
821 1667 969 1743 tegimenti
981 1667 1072 1728 farina

70 1749 234 1810 accendere
245 1748 363 1809 traditur
376 1748 531 1810 libidinem.
553 1751 662 1810 urinam
675 1751 758 1810 aliter
770 1768 866 1810 earum
882 1769 966 1829 quam
982 1750 1010 1810 in
1023 1767 1072 1810 ve·

69 1835 132 1894 sica
154 1832 344 1892 dissectarum
373 1834 493 1892 inveniri
522 1849 611 1910 posse
639 1851 697 1892 non
720 1833 858 1911 arbitror,
885 1843 917 1894 et
939 1837 1014 1894 inter
1038 1852 1073 1896 ea

70 1934 139 1978 esse
155 1916 213 1977 boc
227 1934 343 1995 quoque
361 1934 436 1996 quae
455 1925 624 1994 portentose
640 1917 717 1994 blagi
735 1918 946 1995 demonstrent,
969 1919 1072 1979 adver·

38 2019 121 2060 meus
141 1999 272 2077 aspidum·
290 2001 364 2061 ictos
380 2000 570 2078 singularem,
593 2001 791 2063 efficaciorem
805 2012 916 2078 tamen,
937 2012 968 2062 ut
985 2005 1072 2078 aiunt,

70 2083 219 2145 cimicibus
234 2083 374 2144 admixtis.
398 2101 454 2144 ova
470 2084 569 2146 durata
584 2085 739 2146 inlinuntur
752 2087 866 2146 strumis
882 2096 911 2146 et
926 2087 1073 2147 ulceribus

68 2169 182 2245 frigore
197 2177 243 2226 aut
258 2169 409 2228 adustione
424 2169 519 2229 lactis.
542 2169 696 2228 sorbentur
710 2171 739 2228 in
757 2170 896 2231 stomachi
912 2170 1071 2232 doloribus.

69 2252 242 2312 blariuarum
256 2269 358 2316 carnes
368 2251 510 2312 admixtae
522 2271 654 2313 ranarum
669 2253 802 2314 carnibus
816 2264 915 2316 contra
930 2256 1068 2316 salaman·
1080 2263 1113 2318 35

70 2337 139 2397 dras
161 2335 314 2413 praeclare
336 2335 521 2414 auxiliantur,
545 2355 641 2415 neque
668 2339 813 2398 testudine
834 2339 911 2398 aliud
935 2340 1072 2400 salaman-

37 2419 143 2480 esdrae
165 2418 325 2480 adversius.
363 2421 501 2496 sanguine
528 2419 724 2499 alopeciarum
750 2423 872 2480 inanitas
898 2431 928 2480 et
952 2425 1072 2501 porrigo

72 2504 225 2580 omniaque
253 2503 355 2582 capitis
379 2503 478 2564 ulcera
502 2513 644 2564 curantur.
680 2506 849 2564 inarescere
871 2523 935 2564 eum
957 2513 1073 2583 oportet

71 2588 210 2665 lenteque
227 2586 314 2646 ablui.
340 2587 495 2646 instillatur
510 2596 539 2646 et
559 2588 654 2648 dolori
672 2589 780 2647 aurium
797 2606 860 2647 cum
881 2588 956 2648 lacte
971 2588 1071 2647 mulie·

69 2690 150 2747 rum,
175 2671 315 2731 adversus
337 2670 456 2732 morbos
479 2672 630 2731 comitialis
652 2670 794 2731 manditur
809 2689 872 2731 oum
888 2672 997 2749 polline
1014 2671 1072 2730 fru-

12 2816 16 2829 ,
69 2756 168 2832 menti,
184 2755 320 2814 miscetur
339 2763 435 2816 autem
451 2756 597 2832 sanguinis
612 2756 733 2816 beminis
749 2755 841 2814 tribus
856 2757 933 2814 aceti
950 2755 1072 2816 hemina.

37 2855 61 2896 ro
72 2841 155 2902 datur
171 2847 201 2898 et
215 2839 392 2916 suspiriosis,
418 2838 541 2911 sedtum
557 2838 670 2898 bemina
684 2839 743 2898 vini
759 2838 880 2914 additur,
902 2838 946 2898 bis
962 2849 991 2898 et
1006 2855 1069 2898 oum
1081 2849 1114 2904 36

69 2923 238 2984 hordeacea
251 2923 353 2999 larino,
370 2931 455 2983 aceto
475 2939 591 3000 quoque
607 2923 744 2997 admixto,
760 2931 790 2981 ut
804 2923 842 2981 sit
858 2923 934 2999 quod
950 2923 1072 2983 devore-

70 3017 116 3067 tur
126 3006 213 3067 fabae
227 3006 431 3083 magnitudine,
449 3015 478 3066 et
493 3006 566 3066 baec
583 3006 696 3082 singula
708 3015 737 3065 et
752 3007 888 3066 matutino
904 3016 933 3066 et
945 3023 1073 3086 vespera

70 3091 184 3168 dantur,
201 3089 267 3150 dein
286 3099 353 3168 post
369 3091 479 3188 aliquot
496 3089 558 3149 dies
574 3089 640 3150 bina
656 3107 792 3168 vespera.
824 3091 1014 3150 comitialibus
1032 3091 1072 3148 in·

70 3175 196 3236 stillatur
212 3192 264 3234 ore
279 3173 448 3249 diducto,''
429 3193 465 3234 us
480 3193 525 3251 qur
519 3174 653 3233 modice
670 3175 860 3251 corripiantur
878 3192 993 3252 spasmo
1011 3189 1074 3233 oum

37 3273 61 3314 as
71 3269 210 3321 castoreo
229 3258 357 3332 clystere
372 3258 535 3318 infunditur
564 3257 639 3337 quod
661 3257 806 3317 sidentes
828 3267 872 3317 ter
895 3275 969 3318 anno
991 3257 1069 3317 colu·
1082 3267 1114 3322 et

71 3354 155 3405 antur
169 3342 343 3404 testudinum
358 3344 513 3421 sanguiqe,
534 3343 663 3401 inmunes
682 3359 697 3400 a
714 3333 823 3401 dolore
835 3342 912 3400 liant.
940 3352 967 3402 et
987 3341 1073 3400 anbe-

72 3429 140 3489 litus
159 3427 276 3488 discutit
292 3445 421 3505 quasque
438 3427 636 3504 orthopnoeas
652 3435 766 3486 vocant
790 3425 825 3485 ad
840 3426 920 3486 bas
911 3445 939 3485 m
955 3425 1073 3504 polenta

73 3513 165 3574 datur.
188 3511 231 3572 iel
247 3509 417 3570 testudinum
430 3509 587 3571 claritatem
602 3510 750 3571 oculorum
766 3510 1060 3658 iacit,1gipatricese
