2396 3900
244 257 324 304 usu.
341 257 433 306 rursu.
448 258 532 306 xvrr.
550 253 668 310 15-18.
686 245 838 324 (ts-29.)
998 246 1037 308 67

62 409 190 470 bellorum
202 411 326 470 omnium
338 411 451 474 ducitur
462 412 605 491 platanus,
622 421 725 491 postea
737 411 837 486 robur,
850 430 948 471 rerum
960 421 1036 473 utra·

62 509 107 570 que
121 511 238 572 sapores
255 498 423 574 cenrnnptt.
452 495 591 574 quaedam
606 497 681 556 omni
696 513 807 573 genere
820 496 990 573 inseruntur,
1007 505 1037 556 ut

61 577 163 651 terqua
173 579 306 655 punicae.
323 580 389 642 ritis
401 597 458 640 non
466 580 571 658 recipit
582 579 747 658 emplastra,
758 597 813 640 nec
826 580 928 658 quibus
944 581 1036 640 tenuis

60 668 98 719 ιιι
112 660 233 722 caducus
248 663 431 740 rimosusque
450 672 569 739 cortex,
588 681 683 742 neque
698 663 920 724 inoculationem
938 665 1035 724 siccae

44 753 97 807 aaut
114 745 217 806 umoris
242 747 349 822 exigui.
389 747 565 808 fertilissima
587 749 710 808 omnium
736 746 909 822 inoculatio,
931 756 1035 825 postea

60 827 251 907 emplastratio,
267 830 321 890 sed
335 839 456 910 utraque
470 831 669 892 infirmissima.
696 839 811 910 atquae
824 833 933 893 cortice
945 832 1034 890 nitun-

58 920 93 970 ιιι
104 920 206 974 tautum
221 914 271 974 rel
287 913 346 974 leri
363 932 431 976 aura
449 915 586 977 ocissime
602 913 811 993 deplantantnr.
842 915 973 973 inserere
989 915 1034 974 lir-

57 997 193 1058 uissinum
212 1006 241 1058 et
256 997 407 1059 fecundius
424 1017 509 1078 quam
526 1017 636 1058 serere.

104 1082 147 1140 ιι.
174 1079 243 1140 Non
258 1091 303 1142 est
316 1083 472 1145 omittenda
487 1084 590 1144 raritas
605 1083 687 1142 unius
701 1082 836 1160 exempli.
869 1079 1013 1140 Corellius
1027 1092 1076 1144 122

35 1164 286 1242 oequesllomanus
299 1164 402 1226 Ateste
414 1167 526 1244 genitus
538 1167 644 1226 insevit
656 1175 818 1226 castaneam
831 1166 1035 1243 suometipsam

57 1248 154 1308 surculo
168 1251 200 1309 iu
215 1247 411 1328 Neapolitano
428 1267 508 1328 agro.
540 1252 582 1310 sic
601 1249 677 1310 iacta
696 1259 741 1310 est
757 1259 891 1310 castanea
909 1266 982 1326 quae
998 1247 1034 1308 ab

57 1347 86 1390 eo
101 1349 204 1393 nomen
225 1333 341 1410 accepit
361 1335 436 1395 inter
451 1333 590 1394 laudatas.
612 1344 728 1413 ‘postea
748 1331 883 1392 Etereius
906 1333 1033 1392 eiusdem

56 1413 157 1476 libertus
173 1413 372 1477 Corellianam
394 1419 496 1478 iterum
516 1419 630 1478 inserit.
659 1418 733 1478 haec
754 1427 799 1476 est
819 1418 892 1476 iuter
912 1435 962 1476 eas
981 1417 1033 1474 dii·

55 1495 175 1559 ierentia:
192 1499 243 1560 illa
260 1502 420 1578 copiosior,
436 1502 511 1561 haee
524 1501 680 1562 lltereiaua
693 1501 807 1562 melior.

33 1605 49 1644 u
101 1581 182 1662 (27.)
215 1582 341 1660 Reliqua
355 1602 465 1660 genera
481 1603 565 1644 casus
581 1586 697 1661 ingenio
717 1601 768 1644 suo
785 1585 962 1660 excogitavit
979 1601 1013 1642 ac
1025 1592 1077 1647 rua

55 1663 304 1726 detractos-serere
320 1685 416 1730 ramos
430 1669 537 1743 docuit,
554 1687 616 1727 cum
632 1669 689 1746 pali
705 1668 791 1728 delixi
806 1668 921 1728 radices
937 1668 1032 1745 cepis·

55 1757 113 1808 sert.
143 1751 235 1810 multa
252 1752 299 1810 sic
311 1761 445 1818 seruntur
459 1752 645 1829 inprimisque
660 1751 731 1810 ficus
747 1751 877 1812 omnibus
894 1751 956 1810 aliis
973 1767 1032 1808 mo·

54 1831 87 1890 dis
101 1851 223 1899 nascens
240 1843 444 1912 praeterquam
459 1835 552 1910 talea,
575 1844 691 1913 optume
707 1833 837 1912 quidem,
862 1835 887 1893 si
904 1834 1032 1894 vastiore

9 1957 11 1992 ,
52 1933 116 1976 rano
130 1917 191 1996 pali
207 1917 294 1977 modo
312 1927 438 1978 exacuto
454 1919 583 1995 adigatur
606 1918 680 1993 alte,
703 1920 809 1994 exiguo
823 1935 913 1996 super
928 1927 1032 1976 terram

9 1993 138 2156 ιιιιιιιιι
161 2001 260 2079 eapite
282 2019 379 2080 eoque
399 2003 464 2081 ipso
484 2003 591 2062 harena
613 2011 766 2081 cooperto.
799 2019 880 2061 ramo
899 2011 1033 2062 seruntur

52 2090 74 2140 et
86 2085 203 2161 punica,
226 2085 301 2162 palis
324 2084 421 2146 laxato
443 2087 522 2164 prius
544 2095 655 2160 meatu,
677 2087 745 2146 item
762 2095 886 2184 myrtus,
911 2087 1032 2145 omnium

51 2163 134 2228 lurum
146 2168 328 2244 longitudine
341 2171 424 2230 trium
436 2169 550 2248 pedum,
562 2169 752 2229 crassitudine
764 2171 855 2229 minus
863 2169 1031 2244 bracchiali,

52 2253 145 2311 cortice
160 2251 320 2328 diligenter
333 2262 462 2328 servato,
477 2261 577 2312 trunco
596 2261 729 2314 exacuto.

99 2335 182 2414 (28.)
215 2333 328 2410 Myrtus
353 2345 382 2395 et
409 2336 493 2396 taleis
519 2337 640 2410 seritur,
666 2353 764 2396 morus
788 2336 865 2396 talea
891 2310 1006 2411 tantum,
1023 2345 1074 2398 124

9 2413 168 2494 luquoniam
184 2421 211 2478 iu
228 2419 304 2478 ulmo
320 2438 384 2480 eam
402 2421 492 2482 insen
483 2419 611 2496 religio
627 2419 771 2498 fulgurum
785 2418 929 2498 probibet.
963 2437 1030 2498 qua·

9 2517 11 2550 ι
50 2511 157 2579 prepter
172 2501 210 2562 de
225 2502 366 2562 talearum
387 2512 450 2564 satu
466 2521 539 2562 nunc
555 2502 706 2563 dicendum
723 2512 778 2564 est
810 2502 1009 2562 Servandum'
1002 2521 1029 2560 ιιι

50 2599 78 2641 eo
98 2594 161 2646 ante
183 2587 279 2646 omnia
305 2595 335 2645 ut
356 2587 451 2650 taleae
480 2605 518 2646 ex
538 2585 685 2648 feracibus
708 2587 776 2648 fiant
799 2583 968 2660 arboribus,
995 2603 1031 2644 ne

9 2683 158 2746 cumae,
182 2687 258 2729 neve
277 2669 398 2730 scabrae
415 2679 463 2730 aut
482 2669 630 2746 bifurcae,
648 2689 723 2730 neve
738 2672 884 2730 tenuiores
902 2687 985 2747 quam
1001 2679 1031 2728 ut

9 2763 11 2842 ι
49 2767 146 2812 nanum
165 2753 311 2832 inpleant,
334 2773 371 2814 ne
393 2756 518 2814 minores
536 2715 703 2832 pedalibus,
725 2764 755 2813 ut
778 2754 896 2814 inlibato
920 2755 1030 2813 cortice

9 2844 124 2914 astque
136 2847 165 2897 ιιι
179 2845 298 2898 sectura
312 2837 433 2898 inierior
447 2847 570 2916 ponatur
585 2856 702 2916 semper
719 2846 749 2898 et
771 2839 847 2916 quod
865 2839 918 2897 erit
934 2837 970 2897 ab
985 2856 1029 2897 ra-

9 2917 102 2996 ιιιιι
110 2921 391 3001 ,adcumuleturque
410 2923 581 3000 germinatio
597 2930 692 2996 terra,
718 2922 813 2982 donec
827 2922 916 2982 robur
934 2916 1031 3001 pla'nta

9 3045 11 3052 ·
9 3006 138 3150 tepipt.

9 3111 10 3158 ι
100 3089 254 3169 (829.)
278 3089 361 3162 Quae
378 3089 590 3151 custodienda
582 3109 609 3149 un
625 3091 753 3150 olearum
769 3110 836 3151 eura
851 3089 923 3151 Cato
939 3093 1072 3154 iudi-125

9 3187 11 3260 ι
48 3173 165 3232 ιιιιιιι
156 3175 250 3253 ipsius
264 3173 365 3236 verbis
382 3183 498 3253 optume
515 3175 743 3253 praecipiemus:
766 3174 902 3234 'l'aleas
926 3175 1028 3234 olea·

9 3239 162 3362 ilagineas
189 3276 281 3338 quas
307 3259 341 3318 in
360 3257 498 3321 scrobe
518 3268 666 3318 saturus
687 3260 767 3318 eris
791 3259 1028 3337 tripedaneas

9 3335 151 3430 {facito
160 3343 469 3421 ,diligenterque
490 3351 672 3418 tractato,
689 3361 730 3402 ne
749 3341 1027 3418 liberlaboret,

9 3399 113 3490 lcum
135 3426 286 3488 dolabis
308 3436 369 3489 aut
396 3425 557 3486 secabis.
589 3445 678 3504 quas
699 3429 732 3487 in
752 3427 949 3488 seminario
971 3445 1026 3486 sa·

9 3499 534 3606 ιὶιιιιιιιιιριιιιιιιιιιιιο
567 3512 890 3570 cassicinserito:
919 3510 1026 3569 locus

817 3595 861 3652 5*
