2504 3930
167 214 228 275 244
500 229 532 277 c.
549 229 645 276 rcum
660 227 812 277 succursu

71 419 83 432 .
164 379 229 440 dam
249 379 404 458 adalligant
424 400 462 442 ex
483 382 538 443 hac
559 397 662 456 causa,
691 380 743 441 sed
765 383 932 442 continuare
959 398 1017 442 non
1037 379 1159 460 debent,

122 472 155 527 61
164 464 283 525 maciem
299 466 373 524 enim
386 463 464 542 iacit,
482 467 555 526 sistit
572 473 601 524 et
616 473 729 524 anatum
743 466 933 526 mascularum
950 466 1079 542 sanguis.
1110 465 1160 527 ln·

163 547 307 608 dationem
322 548 437 608 discutit
454 549 618 609 coclearum
630 547 723 625 cibus,
739 551 861 608 tormina
876 549 935 608 lien
951 551 1048 609 orium
1064 557 1161 610 tostus

163 638 250 709 atque
266 633 362 690 erico
379 641 474 710 potus,
490 631 640 710 palumbus
655 630 735 690 ierus
748 649 786 691 ex
800 649 892 711 posca
907 632 1056 710 decoctus,
1074 631 1160 710 adips

163 713 248 774 otidis
264 732 301 772 ex
317 717 402 788 vino,
420 717 491 775 cinis
505 715 590 774 ibidis
605 716 667 773 sine
683 715 774 794 pinnis
790 723 935 776 crematae
953 724 1048 794 potus.
1079 716 1183 796 quode

163 806 316 874 praeterea
334 798 453 858 traditur
473 801 502 857 in
518 797 686 858 torminibus
704 800 803 858 mirum
829 807 888 873 est,
916 809 1000 860 anate
1023 800 1161 880 adposita

120 889 155 944 62
165 881 258 940 ventri
274 882 397 942 mancine
414 882 543 942 morbum
559 890 728 959 anatemque
749 883 832 940 mori.
870 881 1004 942 Tormina
1020 893 1049 943 ct
1068 883 1160 943 melle

164 973 297 1024 curantur
312 967 342 1024 in
357 982 414 1044 quo
426 974 490 1026 sunt
504 983 575 1043 apes
594 974 740 1024 emortuae
760 965 895 1026 decocto.
928 966 987 1026 coli
1001 967 1100 1026 vitium
1117 967 1159 1026 ei·

43 1095 46 1104 r
161 1049 333 1108 licacissime
346 1059 462 1110 sanatur
476 1066 530 1108 ave
545 1047 668 1125 galerita
684 1065 750 1108 assa
765 1051 793 1109 in
811 1047 878 1108 cibo
894 1059 1017 1129 sumpta.
1042 1050 1159 1129 qnidam
1207 1057 1214 1064 “

161 1133 275 1197 invase
291 1149 368 1192 novo
388 1151 451 1192 cum
464 1132 568 1210 plumis
584 1132 672 1198 exuri,
681 1131 779 1192 iubent
796 1133 967 1213 conterique
983 1135 1013 1193 in
1028 1137 1158 1194 cinerem
1168 1151 1192 1194 ro

159 1214 277 1295 hibique
295 1233 332 1275 ex
347 1234 421 1295 aqua
439 1215 620 1276 coclearibus
635 1217 726 1274 ternis
747 1233 801 1295 per
825 1216 1020 1294 quatriduum,
1043 1217 1158 1296 quidam

161 1315 214 1359 eor
228 1300 291 1358 eius
307 1298 457 1376 adalligari
472 1299 580 1376 iemini,
597 1299 645 1358 alii
659 1316 764 1358 recens
779 1307 943 1379 tepensque
959 1299 1052 1362 adhuc
1066 1302 1156 1362 davo·

118 1382 227 1444 disrari.
260 1383 420 1443 consularis
434 1384 627 1460 Asprenatem
644 1381 743 1442 domus
759 1391 805 1442 est
820 1385 848 1442 in
863 1401 919 1461 qua
935 1384 1009 1444 alter
1027 1401 1044 1443 e
1059 1385 1155 1446 iratri-

158 1465 212 1525 bus
229 1465 296 1525 colc
311 1464 449 1527 liberatus
466 1476 581 1526 estare
597 1465 695 1526 bacin
710 1465 777 1525 cibo
800 1476 912 1544 sumpta
934 1477 964 1526 et
985 1467 1076 1528 corde
1092 1469 1155 1526 eins

159 1548 269 1608 armilla
292 1567 378 1610 aurea
394 1551 524 1627 incluso,
546 1551 620 1610 alter
640 1550 785 1610 saoriiicio
807 1549 932 1628 quodam
957 1551 1035 1610 lacto
1059 1550 1190 1610 crudisrc

158 1632 305 1693 laterculis
325 1633 360 1693 ad
378 1634 498 1694 formam
513 1635 615 1694 camini
633 1643 737 1712 atque,
762 1642 793 1693 nt
813 1635 986 1693 sacrificium
1007 1643 1157 1712 peractum

160 1725 233 1791 erat,
246 1715 396 1776 obstructo
408 1716 530 1778 sacello.
547 1717 639 1777 Unum
650 1726 696 1777 est
707 1717 854 1793 ossifrago
866 1719 1030 1778 intestinum
1040 1716 1156 1778 mirabi-

157 1799 179 1858 li
196 1807 295 1860 natcra
310 1803 402 1861 omnia
419 1801 558 1863 devorata
576 1801 749 1860 conficienti.
780 1800 862 1860 huius
875 1810 986 1880 partem
998 1811 1156 1862 extremam

115 1890 150 1946 64
161 1881 343 1960 adalligatam
358 1885 502 1962 prodesse
518 1895 618 1945 contra
639 1884 733 1944 colum
749 1893 871 1944 constat.
905 1885 976 1944 Sunt
992 1884 1100 1945 occulti
1115 1885 1154 1943 in·

158 1976 341 2028 teraneorum
360 1969 454 2028 morbi
475 1969 629 2046 dequibus
646 1971 745 2027 mirum
762 1967 900 2045 proditur.
920 1970 945 2027 si
961 1969 1046 2028 catuli
1062 1968 1190 2046 prius-ao

157 2065 239 2129 quam
249 2049 365 2110 rideant
376 2051 557 2130 adplicentur
571 2051 665 2111 triduo
683 2051 834 2110 stomacho
845 2067 1023 2112 maxumoac
1039 2053 1154 2130 pectori

157 2140 186 2192 et
204 2151 242 2191 ex
256 2151 308 2192 ore
323 2135 405 2210 aegri
421 2144 531 2194 suctum
548 2134 632 2194 lactis
654 2135 815 2214 accipiant,
836 2135 961 2194 transire
977 2137 1034 2194 vim
1048 2133 1154 2212 morbi,

156 2224 305 2294 postremo
329 2219 484 2276 exanimari
510 2217 704 2296 dissectisque
728 2217 823 2296 palam
849 2219 912 2278 lieni
942 2219 1024 2294 aegri
1050 2235 1154 2278 causas

154 2299 258 2374 morbi,
275 2308 305 2358 et
316 2298 424 2360 humari
440 2300 548 2362 debere
563 2318 616 2360 eos
628 2299 747 2362 obrutos
761 2311 850 2361 terra.
882 2301 960 2378 llagi
971 2301 1087 2382 quidem
1103 2317 1154 2360 ve-

155 2382 332 2461 spertilionis
347 2385 487 2460 sanguine
503 2393 639 2444 contacto
653 2395 757 2444 ventre
773 2387 802 2444 in
813 2395 874 2445 toto
891 2401 966 2445 anno
982 2385 1081 2445 careri
1096 2393 1187 2445 tra-rs

156 2467 234 2543 dunt,
248 2477 296 2528 ant
309 2468 338 2526 iu
353 2467 455 2528 dolore
472 2469 496 2527 si
513 2467 577 2546 quis
593 2485 695 2548 aquam
710 2487 764 2548 per
780 2469 873 2547 pedes
888 2468 1024 2529 liuentem
1036 2469 1153 2528 haurire

156 2553 303 2611 sustineat.

112 2644 145 2698 65
209 2635 238 2695 8.
254 2634 343 2714 (21.)
366 2635 477 2696 biurino
504 2636 571 2694 hmo
600 2644 701 2695 contra
722 2635 852 2696 calculos
879 2635 1001 2694 inlinere
1021 2644 1152 2694 ventrem

155 2717 285 2797 prodest.
309 2718 440 2778 irenacei
457 2737 573 2778 carnem
585 2719 735 2779 iucundam
751 2737 819 2778 esse
834 2721 922 2796 aiunt,
934 2721 959 2780 si
974 2720 1070 2797 capite
1085 2736 1151 2796 per·

155 2817 240 2861 cnsso
259 2819 314 2861 uno
331 2804 388 2860 ictu
409 2803 597 2863 interficiatur
612 2805 692 2881 prius
708 2819 791 2879 quam
808 2805 836 2862 in
857 2819 891 2862 se
910 2803 1020 2862 urinam
1040 2801 1185 2862 reddataa
1228 2832 1232 2844 ·

153 2884 227 2944 baec
240 2901 309 2944 caro
325 2884 361 2944 ad
377 2884 452 2945 hunc
463 2886 578 2946 modum
590 2887 682 2946 occisi
696 2885 842 2946 stillicidia
852 2887 992 2962 inhvesioa
1008 2885 1151 2962 emendat,

153 2971 219 3028 item
238 2967 349 3028 suilitus
363 2987 402 3028 ex
417 2969 531 3030 eodem.
563 2970 679 3047 quodsi
698 2970 807 3030 urinam
818 2972 847 3029 in
862 2987 895 3029 se
911 2968 1079 3045 reddiderit,
1098 2984 1152 3028 eos

154 3053 200 3132 qni
218 3067 334 3112 carnem
351 3053 530 3113 comederint
549 3055 728 3130 stranguriae
748 3053 878 3114 morbum
899 3053 1073 3113 contrahere
1095 3062 1150 3112 trs-

110 3147 145 3202 66
156 3136 240 3196 ditur.
272 3135 374 3195 lubent
396 3144 425 3196 ei
440 3138 548 3197 vermis
568 3146 702 3197 terrenos
718 3135 778 3196 bibi
804 3155 842 3196 ex
857 3137 924 3196 rino
946 3145 994 3196 aut
1009 3151 1099 3214 passo
1114 3135 1151 3196 ad

121 3219 379 3279 ‹soonrninuendos
401 3220 530 3283 calculos
546 3220 595 3280 vel
614 3220 732 3280 cocleas
750 3221 889 3280 decoctas
909 3229 940 3279 ut
960 3221 988 3278 in
1010 3220 1184 3298 suspirio-ou

158 3303 209 3379 sis,
223 3303 338 3364 easdem
356 3314 505 3382 exemptas
520 3307 604 3363 testis
619 3305 671 3362 tris
687 3307 828 3381 tritasque
843 3305 872 3362 in
883 3305 941 3363 vini
957 3304 1062 3378 cyatho
1079 3301 1150 3380 bibi,

153 3389 285 3464 sequenti
297 3389 343 3447 die
358 3387 437 3462 duas,
450 3387 534 3446 tertia
547 3386 593 3446 die
606 3404 698 3462 uuam,
711 3397 740 3446 ut
753 3388 928 3447 stillicidium
939 3388 1038 3446 urinae
1053 3403 1150 3446 ernen-

153 3467 234 3548 deut,
250 3479 387 3530 testarum
405 3487 477 3529 uero
491 3471 614 3530 inanium
632 3471 758 3531 cinerem
774 3472 809 3531 ad
830 3470 960 3531 calculos
985 3470 1149 3549 pellendos,
