2396 3900
271 207 350 254 nau.
366 206 455 255 rursu.
471 207 555 254 xvu.
572 204 675 257 a-ro.
709 195 828 272 (4-9.)
1014 194 1054 255 55

78 361 166 422 uiribus
186 361 214 420 in
232 359 374 438 quandam
398 361 481 420 etiam
501 363 622 438 gratiam
639 368 757 420 mutato.
790 378 884 438 nuper
906 371 1055 438 repertum

76 446 142 507 oleas
153 444 278 522 gaudere
295 461 427 504 maxume
444 445 542 504 cinere
559 464 576 504 e
593 445 726 504 calcariis
742 444 918 504 fornacibus.
955 443 1049 505 Varro
1062 455 1099 510 st

76 530 220 609 praeceptis
237 529 327 589 adicit
342 529 446 606 equino
461 528 538 607 quod
561 530 597 588 sit
612 529 789 588 levissimum
811 539 930 607 segetes
946 529 1053 607 alendi,

75 623 139 694 prata
152 631 221 674 vero
237 613 376 691 graviore
395 621 424 672 et
440 614 517 692 quod
533 631 571 672 ex
586 612 699 672 hordeo
712 613 761 674 liat
776 613 939 693 multasque
954 616 1054 692 gignat

56 699 168 758 clerbas.
201 697 318 776 quidam
341 698 425 757 etiam
444 697 553 758 bubulo
574 699 765 757 iumentorum
790 697 959 776 praeierunt
981 698 1053 760 ovil-

72 784 167 860 lumque
184 782 318 860 caprino,
340 782 470 841 omnibus
484 799 556 841 vero
575 783 724 857 asininum,
743 783 876 859 quoniam
894 782 1052 843 lentissime

70 867 192 926 mandant.
233 885 250 925 e
276 867 419 926 contrario
446 885 514 926 usus
536 867 676 927 adversus
702 875 854 944 utrumque
878 868 1052 944 pronuntiat.

69 954 128 1010 inter
146 951 237 1010 omnis
260 959 356 1010 autem
378 960 491 1011 constat
516 951 584 1011 nihil
614 969 683 1010 esse
710 950 808 1011 utilius
834 951 923 1028 lupini
949 960 1053 1028 segete

69 1036 216 1114 prinsquam
233 1034 386 1112 siliquetur
400 1043 496 1094 aratro
515 1034 564 1094 vel
579 1033 743 1095 bidentibus
761 1053 847 1095 versa
861 1035 1053 1113 manipulisve

46 1120 191 1179 udesectae
212 1120 293 1178 cirea
313 1118 427 1178 radices
452 1118 586 1178 arborum
612 1136 646 1179 ac
666 1119 765 1178 vitium
788 1118 908 1179 obrutis.
953 1128 983 1178 et
1004 1117 1055 1177 ubi

68 1220 113 1262 nou
125 1204 160 1262 sit
180 1221 293 1282 pecus,
317 1201 410 1262 culmo
432 1205 497 1281 ipso
517 1204 668 1264 ueletiam
690 1202 779 1262 felice
796 1213 961 1263 stercorare
976 1202 1053 1262 arbi·

68 1296 169 1346 tuantur.
201 1283 291 1347 (latoz
316 1286 470 1346 Stercus
486 1287 579 1347 unde
600 1287 737 1363 iacias,
757 1297 975 1364 stramenta,
993 1287 1096 1350 lu·55

67 1370 1052 1449 pinum,paleas,iabaliaacirondisiligneamquer·

68 1473 165 1515 neam.
197 1454 251 1514 Ex
279 1456 611 1533 segetelevellito
644 1454 804 1533 ebulum,
837 1457 993 1516 cicutam
1018 1465 1053 1515 et
1153 1457 1157 1468 '

46 1541 189 1599 acircum
206 1539 341 1599 salicta
357 1539 509 1601 berham
526 1540 634 1600 altam
651 1540 857 1618 ulvamque.
876 1557 951 1599 eam
968 1539 1059 1599 sub-‘

69 1623 960 1703 sternitooribus‚bubusquelrondemputidam.
988 1623 1051 1681 Vi·

68 1711 162 1768 reasi
193 1725 325 1768 macra.
351 1710 437 1783 erit,
470 1717 653 1769 sarmenta
685 1725 747 1768 sua
778 1705 985 1767 comburito
1016 1715 1053 1765 et

68 1792 185 1853 ibidem
210 1795 366 1852 inarato.
412 1793 562 1871 idemque:
593 1791 660 1852 Ubi
687 1801 838 1851 saturus
868 1793 945 1851 eris
977 1790 1052 1850 iru-

69 1876 609 1953 uentum,ovisibidelectato.

45 1977 63 2016 a
119 1965 176 2045 (7.)
208 1962 272 2024 Nec
297 1979 355 2022 nou
387 1971 416 2022 et
441 1963 512 2021 satis
543 1961 712 2040 quibusdam
739 1961 810 2038 ipsis
836 1961 918 2039 pasci
944 1968 1095 2022 terraneo

69 2047 132 2107 dicit.
174 2057 308 2126 segetem
340 2055 504 2107 stercorant
532 2046 649 2122 fruges,
685 2045 827 2123 lupinum,
853 2043 937 2120 laba,
965 2045 1051 2121 vicia,

70 2132 159 2192 sicute
176 2133 321 2192 contrario
339 2133 428 2208 cicer,
442 2132 508 2210 quia
526 2130 643 2190 vellitur
660 2139 689 2190 et
705 2131 772 2208 quia
787 2128 894 2189 salsum
911 2137 967 2203 est,
984 2127 1050 2188 hor·

69 2214 147 2292 deum,
165 2217 262 2276 lenum
279 2215 430 2293 Graecum,
447 2231 556 2274 ervom.
583 2216 657 2274 baec
673 2215 766 2274 omnia
782 2222 913 2291 segetem
930 2221 1052 2272 exurunt

70 2303 190 2360 etomnia
212 2318 288 2378 quae
309 2299 464 2361 velluntur.
494 2299 615 2360 nucleos
638 2299 666 2358 in
689 2307 821 2376 segetem
847 2316 883 2357 ne
903 2297 1050 2356 indideris.

45 2381 199 2460 olerqilius
216 2394 245 2444 et
261 2385 318 2445 lino
334 2395 468 2461 segetem
491 2385 573 2444 exuri
594 2393 625 2442 et
644 2401 735 2444 avena
757 2391 786 2442 et
806 2399 954 2461 papavere
977 2380 1051 2440 arbi·

69 2476 152 2529 ltalttr.
763 2504 769 2512 ,

120 2551 178 2634 (8.)
202 2552 313 2612 Fimeta
331 2551 385 2613 sub
401 2553 447 2614 diu
463 2569 593 2613 concavo
610 2553 677 2612 loco
700 2560 728 2612 et
743 2552 792 2630 qui
813 2566 942 2612 umorem
964 2547 1047 2608 colli·
1059 2557 1094 2614 st

68 2645 121 2712 gat,
142 2646 300 2698 stramento
317 2639 442 2713 intecta,
465 2655 502 2696 ne
519 2639 547 2696 in
564 2637 629 2697 sole
647 2644 797 2711 arescant,
823 2634 891 2715 palo
908 2652 924 2692 e
943 2632 1051 2694 robore

69 2719 179 2798 depacto
198 2722 261 2781 lieri
278 2721 387 2782 iubent.
417 2723 456 2782 ita
478 2722 542 2782 fore
565 2739 602 2781 ne
617 2723 800 2780 innascantur
825 2720 870 2778 bis
885 2727 1050 2797 serpentes.

44 2801 163 2866 clinum
178 2809 287 2867 inicere
303 2815 401 2866 terrae
416 2806 576 2884 plurumum
589 2806 680 2866 reiert
698 2804 814 2865 favonio
833 2803 919 2864 llante
935 2821 970 2864 ac
986 2803 1051 2862 luna

70 2889 177 2950 sitiente.
217 2891 246 2950 id
262 2890 395 2971 plerique
412 2908 502 2968 prave
519 2889 691 2968 intellegunt
706 2907 722 2948 a
739 2888 835 2949 favoni
858 2896 922 2948 ortu
943 2888 1051 2948 facien·

69 2971 122 3033 dan
136 2968 169 3034 a'c
183 2973 344 3035 Februario
360 2993 459 3034 mense
475 2983 600 3051 tantum,
625 2991 689 3033 cum
705 2972 733 3033 id
750 2973 892 3052 pleraque
909 2981 970 3032 sata
986 2971 1051 3031 aliis

70 3058 200 3132 postulent
216 3059 372 3119 mensibus.
403 3076 586 3138 quocumque
608 3067 740 3136 tempore
762 3059 862 3119 lacere
878 3057 983 3130 libeat,
1002 3073 1050 3114 cu·

40 3177 44 3182 -
69 3141 171 3202 nudum
185 3153 215 3204 ut
231 3143 268 3204 ab
286 3160 393 3204 occasu
416 3142 620 3222 aequinoctiali
641 3141 727 3202 llaute
747 3151 835 3203 vento
856 3142 904 3200 liat
926 3140 1051 3215 lunaque

45 3222 247 3288 adecrescente
261 3246 296 3288 ac
314 3229 401 3288 sicca.
432 3230 532 3287 mirum
547 3227 575 3286 in
589 3218 702 3286 mo'dum
719 3235 841 3303 augetur
851 3223 968 3284 ubertas
981 3221 1052 3281 elie·

71 3318 176 3389 ctusque
193 3315 258 3372 eius
274 3311 477 3384 observatione
493 3311 552 3371 tali.

122 3398 167 3458 10.
185 3396 249 3476 (9.)
266 3395 303 3455 Et
314 3394 426 3456 abunde
441 3395 590 3475 praedicta
606 3395 718 3454 ratione
728 3393 802 3454 caeli
818 3410 853 3454 ae
864 3400 961 3452 terrae
974 3407 1049 3449 nunc
1060 3397 1095 3452 58

72 3474 101 3536 de
112 3476 153 3539 bis
166 3479 320 3542 arboribus
336 3481 455 3544 dicimus
470 3498 546 3559 quae
562 3497 629 3539 cura
645 3478 789 3538 bominum
803 3485 889 3555 atque
906 3482 968 3534 arte
984 3490 1052 3553 pro·
