2430 3896
164 217 203 277 10
486 225 516 274 c.
532 226 630 274 rmus
646 225 797 276 mouson

159 392 320 464 praetenue
339 383 517 462 longumque
534 391 563 443 et
578 399 718 444 mucrone
738 381 911 442 amissum.
944 381 1027 460 pirrus
1042 380 1106 440 lert
1124 380 1185 438 mi-

117 484 172 528 ttat
185 486 298 528 numum
312 470 444 544 resinae,
468 467 610 529 interdum
628 475 659 527 et
676 465 799 526 nucibus
810 467 883 546 ipsis
892 465 931 526 de
943 464 1048 544 quibus
1060 465 1185 528 dictum

159 562 215 630 est,
231 555 341 632 vixque
356 563 387 613 ut
402 552 585 615 adscribatur
599 553 712 630 generi.

115 647 149 702 ³9
224 637 309 717 (17.)
337 637 468 698 Pinaster
483 637 553 698 nihil
569 645 616 697 est
633 636 710 698 aliud
725 653 809 714 quam
831 637 916 715 pinum
936 636 1083 696 silvestris
1100 634 1186 694 mira

158 723 308 783 altitudine
330 722 513 784 stamedio
534 738 649 784 ramosa
670 723 747 782 sieut
768 721 852 800 pinus
867 722 896 781 in
910 721 1033 782 vertice.
1065 719 1205 798 capio-n

115 807 292 874 saar-sionem
307 807 356 868 dat
372 807 446 868 haec
458 809 583 868 resinam
597 823 655 884 quo
676 806 807 868 dicemus
822 805 918 868 modo.
948 805 1078 883 gignitur
1096 813 1132 864 et
1153 805 1185 862 in

157 892 262 967 planis.
292 891 421 953 Easdem
437 891 561 952 urhunes
577 892 636 952 alio
656 892 772 951 nomine
798 909 867 952 esse
887 909 943 970 per
965 907 1045 950 oraru
1062 887 1185 950 Italiae

157 993 231 1055 quos
247 977 355 1037 tibulos
366 986 474 1037 vocant
485 977 621 1056 plerique
632 976 824 1052 arbitrantur,
846 975 899 1036 sed
920 975 1038 1052 gracilis
1051 975 1184 1035 succin-

157 1062 326 1140 ctioresque
343 1071 372 1122 et
388 1062 491 1123 enodis
506 1061 711 1122 liburnicarum
726 1060 763 1122 ad
775 1077 855 1135 usus,
869 1077 965 1139 paene
977 1060 1039 1120 sine
1054 1060 1182 1120 resina.

112 1155 149 1209 40
218 1145 303 1226 (18.)
330 1146 419 1206 Pieea
437 1149 542 1207 montis
565 1155 641 1207 amat
655 1155 742 1224 atque
757 1145 884 1222 irigora,
906 1144 1007 1204 feralis
1029 1143 1128 1204 arbor
1150 1152 1212 1203 etr

155 1230 269 1291 funebri
287 1231 393 1290 iudicio
410 1232 446 1292 ad
459 1232 540 1292 iores
555 1233 652 1310 posita
672 1248 707 1291 ac
722 1232 803 1308 rogis
818 1231 928 1307 virens,
951 1230 1006 1290 iam
1021 1238 1127 1290 tamen
1149 1236 1184 1288 et

155 1316 184 1374 in
200 1315 303 1376 domos
318 1326 440 1395 recepta
455 1317 553 1377 tonsili
566 1315 718 1376 facilitate.
744 1315 819 1376 haec
834 1315 995 1393 plurumum
1012 1313 1110 1374 luodit
1131 1314 1182 1374 iu-

155 1401 338 1461 tervenieote
355 1400 477 1462 candida
500 1419 630 1479 gemma,
651 1409 709 1461 tam
724 1401 810 1460 simili
830 1400 902 1460 turis
918 1408 950 1460 ut
963 1399 1052 1460 mixta
1069 1417 1086 1460 a
1101 1399 1182 1459 visu

111 1492 144 1548 41
155 1483 282 1546 discerni
296 1502 355 1546 uon
369 1494 468 1564 queat,
482 1485 558 1546 unde
573 1485 652 1547 fraus
665 1484 829 1564 Seplasiae.
860 1483 997 1544 Omnibus
1011 1483 1056 1544 his
1073 1501 1180 1561 gene·

153 1571 233 1630 ribus
252 1570 324 1631 lolia
348 1570 431 1631 brevi
454 1580 536 1632 saeta
558 1580 587 1632 et
603 1571 749 1632 crassiore
772 1570 902 1649 duraque
923 1588 979 1630 ceu
998 1570 1200 1648 cupressina

153 1657 258 1734 piceae
274 1657 346 1716 rami
358 1673 453 1734 paene
463 1657 558 1717 statim
566 1656 602 1717 ab
609 1656 709 1716 radice
725 1657 831 1716 modici
843 1655 925 1716 velut
936 1653 1075 1716 bracchia
1091 1653 1178 1716 late»

153 1739 232 1801 ribus
243 1740 407 1818 inhaerent,
422 1741 554 1802 similiter
565 1741 655 1802 abieti
668 1742 816 1819 expetitae
827 1740 961 1817 navigiis.
987 1741 1059 1800 situs
1071 1737 1104 1797 in
1120 1757 1180 1799 ex·

154 1826 237 1885 celso
255 1827 410 1906 montium,
433 1843 489 1886 ceu
506 1827 596 1885 maria
611 1825 729 1902 fugerit,
746 1843 802 1885 uec
818 1823 911 1886 forma
927 1823 993 1886 alia.
1024 1825 1180 1884 materies

109 1917 143 1972 tt
154 1924 226 1968 vero
243 1911 403 1988 praecipua
414 1909 546 1970 trabibus
559 1919 588 1970 et
601 1910 742 1988 plurumis
754 1910 832 1970 ritae
844 1908 993 1988 operibus.
1024 1909 1133 1970 resina
1148 1910 1180 1970 ei

151 1994 261 2070 vitium,
276 1992 354 2053 unde
366 1993 477 2054 fructus
489 1995 605 2074 piceae,
622 1994 817 2072 exiguumque
828 1993 912 2054 sudat
924 1992 1081 2072 aliquando
1095 2010 1179 2054 con·
1187 2007 1213 2050 at

151 2086 230 2138 tactu
245 2076 329 2137 solis.
366 2077 516 2140 ediverso
531 2079 680 2155 materies,
703 2097 778 2158 quae
794 2078 881 2139 abieti
898 2077 1110 2157 pulcherrirna,
1127 2081 1176 2158 pi·

151 2179 224 2222 oeae
240 2163 275 2222 ad
292 2163 390 2222 lissilis
406 2163 562 2224 scandulas
578 2181 727 2242 cupasque
743 2173 772 2223 et
786 2181 880 2242 pauca
895 2163 951 2224 alia
967 2172 1160 2225 secameuta.

107 2255 143 2310 43
217 2247 301 2327 (19.)
329 2247 436 2322 Quinto
449 2251 552 2327 generi
569 2250 641 2308 situs
657 2249 748 2325 idem,
764 2247 856 2308 iacies
872 2248 984 2308 eadem.
1016 2247 1093 2308 larix
1114 2266 1175 2308 vo·

152 2341 242 2392 catur.
269 2334 408 2394 materies
423 2334 620 2412 praestantior
632 2333 721 2409 longe
732 2335 950 2410 -iocorrupta
962 2333 990 2394 ei
1000 2334 1045 2392 vis
1058 2348 1176 2394 umore

150 2425 305 2478 contumax
318 2449 371 2494 —-,
397 2417 504 2478 rubens
522 2427 679 2497 praeterea
697 2426 727 2477 et
750 2417 843 2478 odore
861 2418 967 2478 acrior.
994 2417 1174 2496 plusculum
1185 2437 1212 2478 ιε

151 2502 219 2563 huic
235 2503 360 2582 erumpit
377 2502 500 2582 liquoris
514 2502 623 2562 melleo
639 2502 742 2563 colore
758 2511 845 2580 atque
858 2503 989 2578 lentore,
1007 2519 1176 2582 numquam

108 2593 143 2650 tt
152 2587 343 2647 durescentis.
361 2587 482 2647 Sextum
489 2604 582 2665 genus
592 2597 639 2647 est
647 2587 731 2648 taeda
739 2587 859 2666 proprie
871 2587 959 2664 dicta,
969 2586 1175 2650 abundantior

149 2689 221 2731 suco
237 2667 322 2751 quum
336 2671 460 2749 reliqua,
477 2673 595 2752 parcior
608 2671 803 2750 liquidiorque
819 2690 905 2752 quam
922 2674 1019 2751 picea,
1037 2671 1173 2734 flammis

149 2772 185 2815 ao
198 2755 296 2815 lumini
311 2773 464 2816 sacrorum
476 2757 563 2817 etiam
578 2766 672 2834 grato.
701 2757 768 2833 hae,
784 2775 879 2818 mares
891 2757 1048 2838 dumtaxat,
1064 2756 1175 2820 ierunt

149 2848 178 2899 et
194 2857 259 2899 eam
275 2857 359 2918 quam
376 2839 480 2902 Graeci
496 2859 588 2917 sycen
603 2851 718 2918 vocant,
739 2843 840 2910 odoris
854 2841 1027 2920 gravissimi.
1061 2841 1172 2904 laricis
1183 2856 1212 2898 su

104 2923 269 2988 45morbos
291 2934 380 2986 estut
397 2927 482 2987 taeda
504 2927 563 2987 liat.
591 2925 692 2986 Omnia
714 2936 810 2988 autem
823 2927 1173 3005 haecgeneraaecerrsa

149 3008 260 3086 fulgine
277 3010 420 3072 inmodica
437 3012 595 3073 carbonem
610 3021 734 3090 repente
754 3021 898 3091 exspuunt
915 3029 981 3072 cum
996 3013 1171 3090 eruptionis

148 3095 262 3172 crepitu
278 3094 516 3176 eiaculanturque
540 3096 630 3174 longe
653 3105 779 3176 excepta
802 3097 894 3159 larice
909 3113 985 3175 quae
1001 3114 1058 3157 uec
1075 3098 1172 3159 ardet

146 3196 202 3238 neo
217 3179 374 3240 carbonem
394 3180 465 3242 facit
486 3200 542 3242 nee
558 3182 616 3242 alio
633 3181 721 3242 modo
736 3183 812 3260 ignis
833 3184 862 3242 vi
880 3183 1059 3244 consumitur
1072 3201 1172 3264 quam

147 3263 271 3342 lapides.
303 3263 404 3326 Omnia
418 3283 455 3327 ea
469 3277 614 3347 perpetuo
629 3269 725 3328 virent
739 3283 796 3326 neo
807 3266 896 3328 facile
912 3265 1122 3330 discernuntur
1137 3274 1211 3332 inse

103 3355 138 3410 to
148 3347 253 3409 honde
269 3349 354 3410 etiam
371 3370 386 3411 a
401 3352 514 3430 peritis,
531 3361 608 3413 tanta
625 3353 761 3414 natalium
776 3353 900 3415 mixtura
916 3362 971 3414 est.
1002 3354 1057 3415 sed
1072 3357 1171 3434 picea

146 3433 238 3492 minus
255 3435 313 3495 alta
325 3453 412 3514 quarn
435 3437 523 3516 larix,
546 3437 596 3498 illa
614 3439 742 3498 crassior
763 3437 918 3518 leviorque
935 3440 1062 3516 cortice,
1082 3439 1169 3501 folio

144 3515 288 3596 villosior,
304 3521 440 3600 pinguior
455 3531 485 3582 et
500 3522 619 3583 densior
632 3522 748 3584 mollius
763 3523 855 3601 llexo,
876 3541 912 3584 ac
925 3524 1030 3602 piceae
1045 3526 1170 3586 rariora
