2396 3922
158 249 216 310 166
501 259 641 308 c.1³u1u1
657 259 806 329 aucupor

154 416 293 476 linearum
312 415 527 493 vaporationem
550 424 579 474 et
597 422 700 493 postea
719 412 840 490 frigida,
863 409 1067 472 saluberrimum
1084 413 1115 470 in·
1149 476 1150 482 χ

154 498 318 576 tellegitur,
340 501 409 557 item
424 515 611 576 praesumere
626 507 655 556 et
670 497 741 562 cibis
759 507 788 557 et
809 498 993 573 interponere
1007 493 1118 572 frigidam

155 582 341 660 eiusdemque
358 590 429 659 potu
444 599 561 640 somnos
577 581 750 641 antecedere
766 589 810 656 et,
831 582 856 638 si
871 579 976 654 libeat,
991 581 1117 637 interran-

156 683 239 743 pere.
275 665 427 724 notandum
452 666 558 726 nullum
582 664 684 724 animal
709 663 784 724 aliud
810 662 920 723 calidos
947 671 1029 742 potua
1054 662 1117 740 sequi

116 758 150 814 56
160 749 284 825 ideoque
303 765 360 807 non
381 767 447 808 esse
468 747 613 808 naturalis.
642 764 723 807 mero
739 757 803 806 ante
819 764 936 806 somnos
950 746 1065 806 coluere
1081 762 1132 805 oras

155 841 277 910 propter
293 830 412 908 halitus,
426 832 530 908 frigida
546 832 688 891 matutinis
703 832 794 909 inpari
809 847 927 889 numero
943 829 981 889 ad
997 827 1120 887 cavendos

155 914 280 974 dentium
294 913 422 991 dolores,
434 917 502 974 item
514 932 604 994 posca
619 914 833 974 oculoscontra
847 913 1043 991 lippitudines,
1059 920 1123 970 certa

155 1001 353 1075 experimenta
368 1007 447 1072 sunt,
469 999 497 1057 5.
513 1000 586 1058 sicut
603 1000 688 1057 totius
705 991 836 1076 o'orporis
851 996 1037 1056 valitudinem
1049 993 1123 1054 iuvari

154 1083 293 1141 varietate
314 1083 406 1141 victus
433 1080 626 1152 inobservata.
659 1080 851 1159 Hippocrates
873 1079 957 1138 tradit
981 1096 1037 1137 non
1056 1095 1123 1156 prau-

155 1163 279 1224 dentium
294 1182 451 1224 senescere
466 1165 590 1224 celerius
606 1174 682 1225 exta.
711 1181 810 1223 verum
824 1163 852 1222 id
873 1162 1012 1222 remediis
1027 1159 1147 1235 cecinit,o

156 1265 215 1307 non
229 1248 339 1326 epulis,
357 1250 464 1327 quippe
479 1247 568 1307 multo
584 1248 731 1308 utilissima
746 1256 791 1306 cst
810 1247 999 1322 temperantia
1018 1246 1046 1304 in
1059 1242 1126 1303 cibis.

154 1331 186 1392 L.
202 1331 336 1390 Lucullus
350 1329 425 1390 hanc
441 1331 477 1390 de
493 1349 525 1390 se
541 1330 752 1408 praefecturam
768 1347 854 1408 servo
870 1328 1009 1403 dederat,
1031 1327 1126 1388 ultimo

157 1430 212 1491 que
230 1412 337 1492 probro
351 1433 450 1473 manus
465 1415 494 1474 iu
516 1413 587 1472 cibis
603 1412 763 1492 triumphali
778 1415 840 1472 seni
858 1411 1040 1471 deiciebatur
1052 1409 1128 1468 velia

71 1512 74 1517 ·
156 1496 300 1575 Capitolio
322 1498 464 1578 epulanti,
491 1497 623 1576 pudenda
647 1515 681 1558 re
704 1513 790 1558 servo
820 1512 873 1554 suo
896 1494 1013 1556 facilius
1039 1509 1128 1574 parere

196 1598 240 1640 am
259 1580 322 1640 sibi.
1134 1592 1150 1633 a

114 1599 194 1730 5iqu
211 1665 239 1725 6.
264 1662 346 1743 (15.)
368 1663 565 1724 Sternumenta
582 1663 666 1743 pinna
681 1662 866 1740 gravedinem
881 1661 1050 1738 emendant,
1073 1659 1130 1720 etsi

157 1749 220 1826 quis
235 1747 327 1808 mulae
342 1765 444 1822 nares,
460 1757 489 1806 ut
504 1747 631 1824 tradunt,
647 1747 747 1806 osculo
764 1747 896 1823 attingat,
919 1751 1131 1804 sternutamenta

156 1840 185 1890 et
211 1832 374 1907 singultum.
408 1831 444 1892 ad
468 1831 524 1891 hoc
545 1833 639 1891 Varro
660 1830 761 1890 suadet
784 1830 904 1908 palmam
926 1828 1039 1888 alterna
1061 1841 1131 1885 mauu

157 1913 307 1992 scalpere,
327 1915 459 1992 plerique
476 1914 588 1974 anulum
603 1932 619 1972 e
636 1915 751 1973 sinistra
763 1915 792 1972 in
809 1913 1010 1989 longissimum
1026 1911 1131 1969 dextrae
1188 1985 1189 1992 ἵ

156 1996 274 2072 digitum
298 1997 470 2072 transferre,
500 1999 528 2056 in
558 2014 659 2074 aquam
685 1997 844 2056 ferventem
871 2013 970 2055 manus
999 2009 1155 2072 mergerem
1187 1999 1189 2006 ”

158 2079 374 2156 Theophrastus
391 2097 477 2140 senes
493 2078 666 2140 laboriosius
682 2089 831 2139 sternuere
845 2079 922 2138 dicit.

116 2173 150 2228 58
214 2163 295 2240 (16.)
318 2165 463 2223 Venerem
478 2163 808 2223 damnavitDemocritus
819 2172 849 2222 ut
861 2165 888 2221 in
902 2180 957 2241 qua
969 2161 1058 2220 homo
1072 2158 1132 2218 alius

157 2246 287 2306 exsiliret
303 2264 341 2305 ex
359 2245 481 2323 homine,
500 2256 539 2332 et,
556 2247 710 2324 Hercules,-
721 2248 822 2308 raritas
838 2247 898 2304 eius
914 2245 1023 2304 utilior.
1055 2241 1132 2304 athle

156 2338 203 2388 tae
220 2337 314 2388 tamen
331 2338 479 2408 torpentes
494 2331 677 2391 restituuntur
688 2347 804 2406 venere,
819 2347 879 2388 vox
895 2337 1066 2403 revocatur,
1080 2341 1132 2384 cun

159 2411 309 2472 ecandida
324 2413 448 2472 declinat
468 2416 496 2473 in
513 2413 632 2474 fuscam.
664 2412 795 2472 medetur
817 2420 846 2471 et
859 2412 1021 2470 lumborum
1037 2409 1155 2484 doloris

158 2496 306 2556 oculorum
319 2495 505 2573 hebetationi,
520 2506 614 2557 mente
624 2499 724 2576 captis
740 2515 775 2556 uc
790 2495 1018 2555 melancholicis.

116 2591 150 2646 59
214 2582 296 2659 (17.)
317 2580 459 2642 Adsidere
473 2581 616 2658 gravidis,
637 2580 685 2640 vel
706 2597 769 2639 cum
781 2580 908 2638 remedia
918 2577 1010 2638 alicui
1028 2574 1133 2636 adhibe·

158 2674 249 2738 antur,
267 2665 362 2741 digitis
379 2666 542 2742 pectinatim
556 2665 630 2723 inter
646 2681 678 2722 se
693 2663 818 2740 inplexis
835 2662 1003 2721 veneficium
1020 2668 1080 2735 est,
1101 2657 1134 2717 id·

159 2766 215 2826 que
235 2758 402 2825 conpertum
425 2747 536 2806 tradunt
554 2747 693 2806 Alcmena
706 2745 861 2806 Herculem
878 2746 1018 2823 pariente.
1050 2743 1134 2821 peius,

159 2833 183 2888 si
200 2831 278 2890 circa
292 2849 376 2889 unum
392 2831 512 2891 ambove
537 2849 644 2907 genua,
665 2831 733 2889 item
754 2830 881 2908 poplites
904 2828 1001 2886 alteris
1022 2825 1158 2904 genibusa

159 2913 266 2990 inponi.
297 2913 363 2972 ideo
378 2914 451 2974 haec
465 2917 494 2974 in
511 2914 638 2975 consiliis
652 2912 754 2972 ducum
770 2913 992 2991 potestatiumve
1016 2910 1079 2993 lieri
1093 2924 1134 2967 re

159 3003 242 3056 tuere
256 2996 379 3054 maiores
394 2999 473 3058 velut
491 3015 602 3058 omnem
617 3007 711 3056 actum
726 2996 917 3074 inpedientia,
933 3003 1058 3054 vetuere
1072 3006 1134 3051 vero

118 3086 192 3144 poet
206 3079 295 3136 sacris
313 3081 424 3138 votisve
440 3082 523 3141 simili
538 3080 624 3141 modo
642 3081 800 3154 iuteresse,
817 3080 911 3157 capita
929 3087 1024 3138 autem
1039 3072 1135 3155 aperiri

159 3161 300 3238 adspectu
314 3162 526 3236 magistratuum
541 3181 598 3222 non
611 3164 804 3222 venerationis
821 3179 907 3220 causa
925 3162 1056 3237 iussere,
1079 3153 1136 3228 sed„

159 3253 190 3303 ut
205 3245 297 3303 Varro
314 3251 413 3304 auctor
428 3255 482 3321 est,
497 3245 676 3321 valitudinis,
699 3247 831 3324 quoniam
847 3247 973 3304 firmiora
990 3249 1158 3303 consuetu-tt

160 3327 226 3384 dine
242 3345 275 3385 ea
287 3327 398 3386 tierent.
436 3327 506 3387 Cum
519 3330 586 3406 quid
597 3331 683 3390 oculo
698 3329 844 3404 inciderit,
867 3329 986 3388 alterum
1002 3319 1134 3403 conprimi
1150 3383 1157 3404 ι

160 3408 298 3482 prodest,
322 3425 385 3466 cum
408 3426 480 3485 aqua
496 3411 615 3472 dextrae
630 3414 791 3486 auriculae,
818 3413 933 3471 sinistro
949 3411 1024 3488 pede
1046 3403 1133 3467 exsul·

97 3557 100 3568 γ
159 3489 213 3546 tari
234 3491 328 3565 capite
346 3490 374 3548 in
395 3490 524 3550 dextrum
545 3514 671 3556 umerum
690 3495 821 3574 devexo,
847 3495 972 3554 invicem
995 3511 1012 3554 e
1029 3492 1134 3553 diversa
