2504 3930
344 223 436 308 ’nnn
452 259 542 310 rursu.
561 258 657 308 xxtx.
676 259 703 312 o.
725 250 785 326 (38.
800 255 860 329 39.)
975 211 978 220 Δ
1037 251 1101 314 231

105 416 237 477 detrama
258 415 338 493 pelle
367 415 566 494 intestinisque
592 418 735 497 exemptis
761 415 941 495 discoquitur
964 415 1051 478 melle
1075 421 1104 478 iu

106 519 179 562 vase
195 515 284 558 novo.
313 499 419 559 medici
433 500 540 560 malunt
556 519 572 560 e
591 501 681 561 nardo
701 501 824 579 decoqui
842 501 982 578 usquead
1003 503 1103 562 tertias

106 585 197 663 partis
213 593 299 661 atque
313 585 352 644 ita
368 583 527 660 adservari,
541 585 656 660 deinde,
672 603 735 644 cum
751 601 826 661 opus
838 586 884 662 sit,
902 585 1007 662 strigili
1021 593 1103 664 tepe-

1 649 2 698 l
106 670 183 728 facta
198 665 358 726 infundere·
394 677 507 728 constat
524 669 675 747 deplorata
698 669 806 730 aurium
826 657 896 729 vitia
910 685 947 728 eo
971 669 1102 728 remedio

82 748 202 814 asanari
219 760 268 813 aut
281 752 306 810 si
320 753 429 810 terreni
439 769 554 812 vermes
570 771 633 812 cum
649 752 734 831 adipe
751 753 864 812 auseris
881 752 998 812 decocti
1012 753 1103 812 infun·

106 837 218 911 dautur,
239 835 308 894 item
325 853 363 894 ex
377 834 529 896 arboribus
545 836 624 896 rubri
641 853 706 896 cum
718 835 786 895 oleo
804 836 863 895 triti
879 835 1056 896 exulceratis
1073 846 1103 896 et

54 975 57 980 ,
103 921 197 998 nuptis
209 919 324 978 auribus
337 920 489 996 praeclare
503 920 663 980 medeatur.
694 921 808 982 lacerti
822 921 991 996 inveterati,
1008 921 1037 978 in
1047 935 1083 979 os
1095 931 1147 986 136

105 1003 292 1082 pendentium
308 1003 405 1063 addito
427 1003 505 1081 salo,
526 1013 682 1064 contunsas
701 1002 781 1062 stab
802 1005 860 1063 ictu
883 1004 1004 1062 miseras
1026 1004 1104 1064 auris

1 1138 2 1152 ,
106 1095 218 1162 sanant,
240 1087 444 1148 efficacissime
471 1097 565 1148 autem
591 1088 773 1163 ferrugineas
801 1087 929 1146 maculas
950 1084 1102 1162 habentes,

72 1187 98 1230 ro
107 1171 182 1229 liniis
197 1171 281 1230 etiam
298 1189 352 1248 per
370 1170 488 1230 caudam
503 1172 638 1232 distincti.
664 1171 803 1248 Milipeda
818 1170 853 1230 ab
869 1170 933 1230 aliis
949 1170 1104 1248 centipeda

107 1263 156 1314 aut
174 1253 330 1332 multipeda
355 1253 430 1313 dicta
452 1256 556 1316 animal
576 1264 621 1315 est
642 1273 658 1314 e
678 1253 824 1314 vermibus
849 1263 946 1314 terrae
969 1254 1103 1333 pilosum,

0 1373 1 1386 2
105 1336 201 1396 multis
214 1336 341 1416 pedibus
359 1339 500 1404 arcuatim,
510 1356 618 1416 repens
632 1348 769 1417 tactuque
785 1337 963 1420 contrahens
976 1355 1024 1415 se,
1044 1340 1103 1398 oni·

104 1438 178 1480 scon
196 1419 301 1480 Graeci
315 1430 432 1497 vocant,
452 1423 499 1482 alii
513 1423 604 1497 tylon.
635 1424 789 1482 efficacem
805 1430 922 1481 narrant
944 1421 980 1482 ad
993 1423 1103 1481 aurium

0 1513 1 1526 ¹
104 1504 226 1567 dolores
241 1506 270 1565 in
286 1507 398 1566 cortica
413 1505 513 1566 Punici
527 1507 593 1566 mali
610 1507 763 1567 decoctum
787 1514 816 1564 et
830 1507 912 1584 porri
934 1521 1017 1564 suco.
1053 1505 1102 1566 nd-

1 1625 2 1628 =
66 1591 176 1650 ¹1tdunt
193 1599 222 1649 et
236 1607 389 1650 rosaceum
411 1599 441 1648 et
458 1592 487 1650 in
504 1591 622 1650 alteram
645 1607 744 1651 aurem
765 1589 924 1648 infundunt.
960 1589 1038 1648 illam
1053 1606 1102 1648 au-

103 1683 163 1734 tem
187 1691 263 1752 quac
277 1691 334 1732 non
351 1683 485 1734 arcuatur
507 1693 579 1752 sepa
604 1673 708 1735 Graeci
728 1683 851 1748 vocant,
875 1673 924 1732 alii
947 1673 1102 1751 scolopen-

102 1759 200 1834 dram,
218 1759 357 1818 minorem
375 1759 635 1837 perniciosamque.
670 1756 799 1817 Cocleae
816 1775 889 1836 quae
908 1765 973 1815 sunt
986 1758 1015 1814 in
1030 1773 1083 1814 usu
1096 1766 1146 1821 137
1220 1801 1223 1806 -

103 1841 161 1902 cibi
177 1859 241 1902 cum
257 1859 352 1900 murra
367 1850 415 1900 aut
428 1844 498 1902 turis
514 1841 624 1920 polline
644 1842 809 1920 adpositae,
832 1844 899 1900 item
915 1841 1039 1900 minutae
1062 1840 1103 1898 la·
1131 1861 1133 1868 ’

101 1934 149 1985 tae
164 1925 300 1985 fracturis
315 1927 423 1984 aurium
438 1925 593 1984 inlinuntur
610 1943 674 1984 cum
691 1925 788 1984 melle.
826 1925 967 1984 Senectus
983 1941 1102 2001 serpen-

66 2011 170 2070 aotium
186 2009 320 2068 fervente
338 2017 413 2068 testa
433 2018 495 2068 usta
510 2008 662 2068 instillatur
682 2027 808 2068 rosaceo
831 2007 973 2085 admixto,
1002 2017 1102 2066 contra

102 2095 199 2153 omnia
215 2092 328 2171 quidem
342 2093 412 2151 vitia
429 2092 553 2168 efficax,
572 2093 625 2152 sed
646 2102 745 2153 contra
766 2091 996 2170 graveolentiam
1019 2109 1102 2169 prae-

102 2170 206 2255 cipue,
229 2185 258 2234 et
269 2177 300 2234 -si
315 2175 484 2252 purulentae
507 2177 578 2253 siut,
602 2195 640 2236 ex
654 2185 748 2253 aceto,
763 2176 866 2236 melius
881 2193 945 2246 cum
966 2175 1039 2234 felle
1054 2191 1101 2234 ca·

102 2262 187 2338 prino
209 2260 257 2318 vel
271 2259 380 2318 ,bubulo
396 2268 444 2320 aut
458 2260 609 2320 testudinis
632 2262 768 2320 marinae.
795 2261 938 2336 vetustior
958 2276 1033 2318 anno
1055 2275 1102 2318 ea·

17 2362 19 2367 ·
104 2343 170 2402 dem
182 2343 347 2404 membrana
361 2361 419 2403 non
434 2345 565 2421 prodest,
580 2361 637 2402 nec
649 2343 739 2402 imbre
755 2343 884 2421 perfusa,
900 2351 931 2401 ut
947 2342 1035 2418 aliqui
1051 2359 1102 2420 pu·

66 2440 93 2484 aa
103 2435 173 2504 tant,
199 2427 307 2486 Aranei
323 2427 419 2486 sanies
435 2445 499 2486 cum
513 2444 637 2486 rosaceo
650 2435 697 2486 aut
711 2445 765 2504 per
780 2444 813 2485 se
828 2428 857 2484 in
873 2426 938 2484 lana
953 2425 1001 2484 vel
1016 2441 1080 2484 cum
1095 2435 1147 2490 138
1235 2499 1239 2510 ,

82 2528 194 2586 ,croco
212 2509 327 2570 auribus
344 2510 476 2589 prodest,
491 2509 604 2586 gryllus
626 2527 689 2568 cum
704 2527 754 2570 sua
775 2517 852 2568 terra
867 2509 993 2566 effossus
1017 2515 1046 2564 et
1061 2508 1102 2566 in-

99 2595 180 2654 litus.
217 2610 349 2670 magnato
364 2595 564 2674 auctoritatem
585 2593 652 2652 huic
673 2592 784 2651 animali
808 2590 942 2668 perhibet
956 2589 1101 2667 Nigidius,

98 2680 241 2738 maiorem
257 2677 352 2753 lifagi,
378 2679 513 2756 quoniam
535 2685 614 2736 retro
630 2675 756 2736 ambulet
772 2683 937 2749 terramque
959 2672 1102 2749 terebret,

99 2761 203 2822 stridat
218 2760 360 2821 noctibus.
404 2770 543 2820 venantur
559 2779 621 2818 eum
638 2759 758 2820 formica
773 2755 972 2831 circumligata
993 2756 1102 2832 capillo

64 2847 130 2904 acin
146 2861 300 2904 cavernam
316 2845 378 2902 eius
394 2845 522 2920 coiecta,
546 2843 644 2903 efflato
660 2843 739 2920 prius
754 2839 876 2918 pulvere
891 2856 928 2897 nc
943 2856 1012 2897 sese
1031 2857 1101 2899 con·

100 2928 160 3003 dat,
178 2930 217 2986 ita
230 2927 370 2988 formicae
382 2928 527 3006 conplexu
540 2926 705 2987 extrahitur.
724 2924 841 2985 Ventris
852 2921 1082 2998 gallinaceorum
1093 2935 1145 2992 139

98 3010 267 3071 membrana
282 3028 356 3089 quae
371 3010 447 3070 abici
462 3010 539 3070 solet
556 3013 716 3068 inveterata
733 3016 763 3065 et
777 3007 806 3064 in
817 3007 885 3089 vino
900 3006 966 3065 trita
983 3006 1101 3067 auribus

0 3119 1 3122 ¹
99 3095 261 3174 purulentis
277 3094 368 3153 calida
382 3094 546 3170 infunditur,
558 3094 856 3170 gallinarumquoque
872 3088 954 3166 adips
971 3097 1000 3147 et
1012 3104 1100 3166 quae·

99 3179 166 3238 dam
182 3177 353 3256 pinguitudo
369 3177 492 3254 blattae,
514 3179 537 3235 si
558 3184 645 3256 caput
664 3174 815 3234 avellatur.
847 3174 921 3232 banc
935 3173 1030 3231 tritam
1044 3193 1102 3236 una

64 3277 167 3322 ascum
181 3278 306 3321 rosaceo
323 3261 438 3320 auribus
458 3263 529 3320 mire
553 3259 694 3339 prodesse
717 3257 830 3332 dicunt,
855 3255 907 3314 sed
928 3255 1023 3314 lanam
1045 3276 1102 3336 qua

98 3345 271 3406 incluserint
287 3353 354 3422 post
369 3345 482 3422 paulurn
498 3341 711 3404 extrahendam.
739 3340 891 3400 celerrime
905 3339 978 3397 enim
993 3339 1023 3398 id
1039 3344 1102 3419 pin·
1122 3380 1128 3393 .

0 3469 1 3482 r
98 3444 158 3508 gne
172 3429 296 3488 transire
307 3429 336 3486 iu
348 3428 449 3488 animal
462 3427 582 3506 fierique
594 3423 791 3486 vermiculum.
807 3423 855 3482 alii
867 3421 949 3481 binas
960 3430 1101 3487 ternasve
1118 3433 1122 3440 '

98 3517 128 3574 in
139 3513 209 3574 oleo
222 3510 361 3572 decoctas
372 3513 573 3572 efficacissime
585 3510 701 3574 auribus
709 3506 819 3567 mederi
831 3505 961 3566 scribunt
975 3513 1000 3564 et
