2504 3930
77 257 85 280 a
174 229 237 294 234
513 279 515 286 ,
544 243 854 294 c.1³n1n1sncuuo1

173 399 246 458 isset
262 399 299 459 ad
314 396 470 458 Thessalas
484 405 607 473 matres,
627 415 744 475 quarum
761 415 922 477 cognomen
937 401 985 462 diu
1003 401 1126 478 optinuit
1140 403 1169 462 in

81 547 84 552 ,
143 491 272 546 'inostro
295 481 385 558 orbe,
407 480 500 540 aliena
521 489 619 556 gente.
651 482 780 544 Troianis
798 487 894 562 utique
910 483 1088 564 temporibus
1103 483 1167 548 (lhi-

173 567 253 626 ronis
267 565 416 624 medicinis
432 571 566 624 contenta
583 581 620 626 ea
643 575 673 624 et
693 567 759 627 solo
776 568 868 628 Marte
888 567 1054 628 fulminante
1078 568 1166 628 miror

173 650 308 726 equidem
329 648 452 710 Achillis
479 647 595 726 populis
619 648 723 710 famam
746 653 807 711 eius
828 653 856 710 iu
870 660 976 711 tantum
997 650 1165 712 adhaesisse

173 743 204 792 ut
218 732 375 793 Menander
391 748 505 810 quoque
516 732 674 792 litterarum
685 734 833 794 subtilitati
851 735 912 794 sine
927 734 1039 796 aemulo
1052 735 1188 811 genituse

174 816 345 876 Thessalam
362 817 581 892 cognominaret
599 816 725 876 fabulam
745 817 916 896 conplexam
932 817 1070 894 ambages
1084 819 1167 878 femi·

172 918 271 960 narum
284 900 490 960 detrahentium
501 898 604 960 lunam.
629 899 745 979 Drphea
756 911 887 980 putarem
898 919 914 960 e
926 901 1092 979 propinquo
1103 919 1169 962 eam

100 1029 101 1034 1
172 985 293 1061 primum
311 983 466 1062 pertulisse
481 982 519 1042 ad
532 983 626 1044 vicina
641 1003 732 1062 usque
747 985 1008 1062 superstitionema
1024 984 1170 1044 medicina

173 1077 358 1145 provectum,
382 1068 406 1125 si
430 1084 487 1126 non
509 1083 617 1144 expers
640 1069 725 1130 sedes
746 1071 808 1128 eius
829 1077 889 1130 tota
909 1067 1021 1128 Thrace
1036 1069 1170 1144 magices

140 1151 283 1221 sinisset.
320 1153 437 1231 primus,
454 1151 531 1229 quod
549 1160 658 1228 exstet,
675 1161 705 1211 ut
719 1152 852 1230 equidem
866 1152 997 1226 invenio,
1021 1169 1167 1212 commen-
1180 1171 1200 1212 ro

172 1245 247 1295 tatus
261 1243 306 1294 est
324 1235 360 1294 de
373 1253 408 1294 ea
422 1233 566 1294 Osthanes
573 1234 698 1295 Xerxen
712 1237 813 1312 regem
825 1236 976 1298 Persarum
990 1234 1071 1295 bello
1091 1234 1171 1313 quod

171 1321 196 1378 is
219 1318 360 1379 Graeciae
383 1319 476 1378 intulit
507 1319 673 1396 comitatus,
705 1337 739 1379 ae
760 1320 839 1380 velut
866 1320 975 1379 somine
1000 1321 1071 1378 artis
1099 1337 1169 1396 pcr-

171 1412 305 1463 tentosae
335 1404 443 1479 sparsit
477 1401 571 1462 obiter
599 1403 706 1462 iniecto
735 1420 912 1481 quecumque
936 1403 1169 1462 'commeaverant

171 1487 284 1546 mundo.
308 1485 507 1562 diligentiores
519 1486 606 1564 paulo
615 1497 680 1546 ante
691 1487 767 1546 hunc
776 1488 885 1565 ponunt
894 1485 1068 1546 Zoroastren
1080 1487 1170 1546 alium

170 1571 408 1631 Proconnesium.
442 1569 519 1647 quod
541 1579 727 1647 certamem,
747 1571 796 1632 hic
818 1587 948 1631 maxume
962 1568 1107 1633 Osthanes
1131 1571 1200 1630 adra

170 1653 289 1730 rabiem,
304 1671 361 1713 non
373 1653 537 1714 aviditatem
552 1653 637 1714 modo
650 1656 788 1716 scientiae
800 1655 873 1730 eius,
886 1653 1061 1714 Graecorum
1071 1670 1166 1732 popu·

170 1740 217 1799 los
232 1740 302 1814 egit,
317 1755 487 1816 quamquam
507 1738 703 1798 animadverto
721 1756 854 1798 summam
873 1735 1029 1798 litterarum
1051 1735 1167 1801 clarita-

170 1832 227 1882 tem
241 1821 421 1899 gloriamque
437 1839 474 1880 ex
489 1839 523 1881 ea
536 1823 656 1882 seientia
666 1824 818 1901 antiquitus
832 1830 860 1880 et
875 1839 968 1898 paene
980 1838 1099 1896 semper
1114 1839 1166 1898 pc·

141 1908 256 1970 tititam.
290 1913 370 1963 certe
384 1903 575 1982 Pythagoras,
591 1906 801 1984 Empedocles,
816 1905 1013 1980 Democritus,
1030 1902 1115 1963 Plato
1131 1903 1168 1964 ad
1210 1933 1214 1938 ·

169 1989 245 2049 hanc
259 1987 424 2047 discendam
438 1990 615 2064 navigavere
627 1990 736 2050 exsiliis
747 1991 842 2050 verius
858 2006 941 2067 quam
951 1988 1165 2065 peregrinatio·
1175 2005 1200 2048 ao

169 2072 253 2146 nibus
269 2072 423 2148 susceptis.
454 2070 528 2130 haue
538 2077 657 2133 reversi
673 2073 895 2150 praedicavere,
915 2071 989 2132 hano
1002 2071 1031 2130 in
1048 2071 1167 2130 areanis

170 2154 307 2215 habuere.
343 2153 527 2213 Democritus
548 2151 775 2234 Apollobechen
795 2155 930 2234 Coptiten
950 2163 978 2214 et
999 2153 1168 2214 Dardanum

170 2246 200 2297 et
216 2237 391 2297 Phoenicem
406 2237 568 2299 inlustravit
586 2239 777 2300 voluminibus
793 2239 917 2300 Dardani
935 2239 962 2297 in
977 2236 1168 2314 sepulchrum

169 2322 232 2382 eius
243 2322 351 2398 petitis,
364 2323 422 2380 suis
434 2339 557 2381 vero‘ex
569 2323 719 2402 disciplina
730 2340 832 2383 eorum
843 2323 937 2396 editis,
952 2338 1025 2400 quae
1041 2330 1167 2398 recepta

169 2405 205 2465 ab
222 2405 439 2465 ullishominum
453 2413 539 2484 atque
555 2409 703 2468 transiisse
717 2426 771 2487 per
782 2407 944 2467 memoriam
960 2421 1053 2482 aeque
1067 2421 1106 2464 ¹ac
1123 2405 1165 2464 ni·
1175 2423 1198 2467 rt

128 2488 211 2554 lohil
234 2491 263 2547 in
284 2491 342 2548 vita
366 2491 521 2550 mirandum
541 2500 596 2550 est.
627 2493 657 2550 in
672 2501 778 2551 tanturn
792 2490 863 2550 fides
878 2491 941 2549 istis
954 2489 1058 2565 fasque
1077 2504 1167 2548 omne

169 2571 271 2647 deest,
296 2572 371 2632 adeo
391 2581 422 2632 ut
442 2574 489 2650 qui
505 2583 603 2635 cetera
624 2575 654 2634 in
673 2577 735 2654 viro
751 2575 874 2654 probant
889 2573 962 2633 haec
982 2588 1075 2650 opera
1099 2572 1166 2630 eius

170 2673 237 2715 esse
256 2657 426 2716 inhcieutnr.
456 2656 508 2715 sed
534 2658 649 2718 irnstru.
680 2659 754 2718 hunc
778 2659 852 2718 enim
870 2673 1001 2716 maxume
1024 2653 1167 2720 adfixisse

168 2740 268 2798 animis
283 2757 345 2799 eam
360 2740 539 2800 dulcedinem
561 2750 683 2802 constat.
714 2742 886 2820 plenumque
902 2738 1032 2798 miraculi
1047 2747 1078 2796 et
1093 2737 1166 2815 hoc,

168 2823 278 2900 pariter
286 2832 420 2901 utrasque
433 2826 502 2884 artis
514 2825 686 2901 effloruisse,
702 2826 869 2886 medicinam
881 2825 945 2884 dico
956 2822 1165 2899 magioenqae‚
1175 2846 1199 2890 m

167 2904 268 2964 eadem
289 2915 383 2966 aetate
402 2907 480 2967 illam
496 2907 691 2986 Hippocrate,
713 2909 788 2968 hanc
802 2908 969 2968 Democrito
984 2903 1164 2965 inlustranti·

167 2986 237 3063 bus,
261 2989 339 3048 circa
360 2989 638 3068 Peloponnesiacum
656 2991 796 3054 Graeciae
817 2992 923 3051 bellum
944 2987 1021 3068 quod
1043 2997 1166 3063 gestum

125 3083 158 3137 11
171 3080 216 3130 est
237 3089 253 3130 a
269 3069 352 3131 000.
368 3073 450 3132 urbis
469 3085 586 3134 nostrae
601 3093 684 3135 anno.
716 3075 769 3135 Est
791 3085 820 3136 et
841 3076 896 3135 alia
915 3076 1044 3151 magices
1068 3071 1164 3133 factio

136 3207 139 3215 .
167 3155 279 3215 ablose
294 3163 323 3214 et
334 3156 425 3215 Janne
441 3167 471 3216 et
481 3158 591 3237 Lotape
603 3158 759 3219 aeludaeis
775 3159 914 3237 pendeus,
930 3159 982 3217 sed
994 3154 1094 3214 multis
1110 3157 1164 3214 rni-

167 3237 242 3296 libus
255 3255 402 3298 ¹annorum
424 3249 492 3317 post
507 3242 692 3302 zoroastren.
722 3252 800 3304 tanto
815 3243 958 3302 recentior
974 3251 1019 3300 est
1035 3236 1162 3315 Cypria.
1172 3260 1198 3302 at

166 3335 225 3378 non
243 3321 337 3380 levem
358 3331 387 3381 et
402 3322 560 3383 Alexandri
574 3325 670 3402 Magni
687 3326 865 3405 temporibus
885 3327 1086 3386 auctoritatem
1111 3321 1164 3382 ad·

167 3399 236 3460 didit
254 3405 430 3480 professioni
445 3408 589 3466 secundus
605 3407 746 3468 Osthanes
762 3411 895 3468 comitatu
911 3411 972 3468 eius
987 3414 1164 3484 exornatus,

166 3483 320 3564 planeque,
340 3487 418 3567 quod
431 3507 515 3548 nemo
530 3490 650 3564 dubitet,
667 3492 767 3556 orbern
780 3502 918 3554 terrarum
933 3497 1116 3572 peragravit.
