2396 3900
154 260 214 320 114
478 269 508 317 e.
526 270 623 318 curru
639 267 787 318 succum

151 426 185 486 ln
201 425 303 488 eadem
324 425 481 506 peculiaris
505 425 628 503 religio,
651 443 774 503 namque
797 422 892 484 labam
913 441 1013 503 ntique
1034 422 1156 502 efrugi·

152 511 207 571 bns
223 509 336 572 relerre
351 527 414 570 mos
431 519 477 570 est
492 510 604 588 auspici
623 527 719 586 causa,
740 525 814 588 quae
829 507 897 568 ideo
912 508 1043 568 referiva
1058 508 1157 586 appel·

153 595 236 656 latur.
272 604 302 655 et
325 595 510 656 auctionibus
529 592 669 654 adbibere
691 612 755 655 eam
781 593 927 654 lucrosum
948 601 1058 672 putant.
1094 592 1157 654 sola

154 688 235 740 certe
261 676 375 758 frugum
400 681 485 740 etiam
512 696 603 739 exesa
628 678 761 756 repletur
783 687 937 738 crescente
965 677 1043 740 luna.
1083 694 1158 755 aqua

111 764 280 829 ltomarina
298 764 392 825 aliave
408 765 487 826 salsa
501 781 558 824 non
581 764 779 842 percoquitur.
807 762 919 823 Seritur
940 771 1005 823 ante
1020 762 1182 838 vergilia-s

152 866 213 908 rum
230 866 367 909 occasum
384 849 560 926 leguminum
575 848 677 926 prima,
699 856 729 907 nt
746 847 901 908 antecedat
916 847 1051 906 hiemem,
1084 845 1157 905 ller-

151 934 238 1012 gilios
256 951 320 992 eam
335 951 390 1014 per
405 952 458 993 ver
473 935 532 996 seri
547 931 629 993 iubet
644 931 883 1012 circumpadanae
899 931 1002 992 ltaliae
1017 931 1086 1008 ritu,
1105 930 1159 992 sed

151 1018 242 1078 maior
257 1035 325 1096 pars
340 1017 448 1078 malunt
462 1017 569 1079 labalia
591 1025 719 1079 maturae
735 1017 855 1077 sationis
876 1034 960 1094 qnam
983 1016 1158 1076 trimestrem

150 1102 284 1162 lructurn.
314 1103 376 1162 eius
393 1120 516 1182 namque
532 1103 656 1182 siliquae
672 1100 830 1179 caulesque
846 1100 1011 1178 gratissimo
1027 1108 1094 1160 sunt
1108 1117 1157 1178 pa·

151 1187 221 1247 bulo
237 1188 349 1264 pecori.
380 1185 482 1266 Aquae
497 1189 526 1246 in
542 1186 617 1246 llore
634 1204 765 1246 maxume
782 1186 980 1263 concupiscit,
1005 1202 1069 1244 cum
1085 1200 1156 1244 vero
1167 1196 1193 1240 rc

152 1270 301 1348 defloruit,
326 1272 447 1350 exiguas
469 1270 626 1332 desiderat.
663 1271 757 1330 solum
783 1271 891 1348 inquo
919 1277 982 1329 sata
1003 1278 1051 1328 est
1075 1269 1156 1329 lacti-

151 1355 220 1416 llcat
235 1357 374 1416 stercoris
391 1357 467 1416 vice.
499 1356 566 1416 ideo
592 1356 670 1416 circa
689 1353 888 1415 Macedoniam
903 1352 1156 1432 Thessaliamque,

110 1449 158 1505 ltl
173 1458 236 1501 curn
260 1439 368 1502 llorere
394 1443 509 1520 coepit,
531 1448 647 1501 vertunt
666 1458 744 1500 arva.
782 1437 918 1499 Nascitur
939 1445 968 1496 et
982 1457 1036 1498 sua
1052 1446 1157 1517 sponte

152 1524 302 1605 plerisque
317 1527 346 1586 in
361 1525 453 1602 locis,
476 1527 551 1586 sicut
570 1523 805 1604 septentrionalis
821 1523 923 1584 oceani
939 1521 1060 1598 insulis,
1086 1539 1157 1600 quas

152 1609 190 1671 ob
206 1610 234 1671 id
251 1612 341 1670 nostri
356 1609 495 1670 Fabarias
512 1608 672 1690 appellant,
690 1610 758 1667 item
773 1609 801 1667 in
818 1607 995 1668 Mauretania
1010 1607 1188 1668 silvestristt

151 1695 275 1774 passim,
299 1695 351 1756 scd
367 1695 512 1774 praedura
527 1704 557 1754 et
582 1711 658 1772 quae
676 1693 817 1771 percoqui
839 1709 897 1752 non
920 1693 1024 1769 possit.
1064 1691 1156 1752 nasci·

151 1789 196 1839 tur
212 1780 240 1838 in
255 1778 392 1860 Aegypto
409 1781 528 1856 spinoso
546 1778 647 1853 caule,
672 1777 778 1856 quade
796 1795 882 1837 causa
903 1775 1047 1837 crocodili
1063 1774 1157 1836 oculis

110 1874 160 1927 122
171 1863 304 1923 timentes
329 1863 485 1940 refugiunt.
531 1861 681 1939 longitudo
713 1879 803 1940 scapo
830 1869 966 1941 quattuor
993 1860 1157 1921 cubitorum

151 1945 405 2024 estamplissima,
427 1945 589 2007 crassitudo
607 1945 703 2025 digiti,
725 1948 754 2006 in
771 1955 878 2022 totum,
902 1946 930 2005 ni
952 1945 1092 2022 genicula
1106 1943 1155 2005 ab·

152 2039 266 2104 essent,
287 2030 367 2090 molli
384 2031 495 2090 calamo
509 2030 627 2106 similis,
651 2040 738 2110 caput
753 2031 910 2109 papaveri,
934 2029 1040 2090 colore
1055 2043 1193 2105 roseo,2o

151 2115 179 2174 in
203 2132 238 2174 eo
260 2113 346 2175 labae
369 2132 427 2174 non
451 2133 539 2194 supra
565 2117 707 2190 tricenas,
729 2114 800 2176 iolia
827 2114 937 2194 ampla,
960 2113 1075 2174 fructus
1091 2115 1156 2192 ipse

151 2216 263 2259 amarus
278 2207 307 2258 et
325 2198 436 2278 odore,
456 2200 509 2260 sed
530 2199 613 2260 radix
633 2216 771 2279 perquam
791 2199 867 2259 lauta
894 2198 1055 2259 incolarum
1072 2197 1156 2274 cibis,

152 2283 240 2344 cruda
269 2292 298 2342 et
327 2284 511 2344 omnimodo
540 2292 642 2359 cocta,
671 2283 858 2344 harundinum
881 2283 1026 2344 radicibus
1044 2282 1155 2348 similis.

150 2367 277 2428 nascitur
310 2376 339 2427 et
365 2368 504 2446 insyria
530 2365 690 2446 Ciliciaque
721 2377 750 2428 et
783 2370 810 2428 in
840 2367 976 2429 Toronae
1008 2365 1157 2428 Chalcidis

150 2452 225 2513 lacu.
1164 2463 1193 2506 tt

110 2547 159 2600 123
232 2537 316 2618 (31.)
338 2535 384 2598 Ex
400 2535 591 2614 leguminibus
613 2546 746 2597 autumno
762 2555 872 2598 vereve
888 2547 1024 2598 seruntur
1044 2536 1157 2598 lenset

150 2623 178 2681 in
194 2620 316 2682 Graecia
330 2623 432 2701 pisum.
467 2620 542 2680 Lens
564 2629 638 2681 amat
655 2622 748 2681 solum
769 2629 856 2683 tenue
875 2625 1072 2702 magis-quam
1094 2621 1156 2700 pin·

149 2723 225 2782 gue,
248 2707 359 2766 caelum
376 2706 476 2784 utique
499 2706 618 2765 siccum.
649 2706 706 2766 dno
728 2722 837 2784 genera
857 2709 919 2768 eius
934 2706 1093 2787 Aegypto,
1115 2705 1157 2766 al·

150 2798 242 2849 terum
260 2790 408 2850 rotundius
424 2791 609 2869 nigriusque,
635 2790 756 2852 alterum
774 2809 826 2851 sua
848 2791 956 2870 ligura,
979 2791 1057 2852 unde
1074 2791 1156 2852 vario

150 2891 202 2934 usu
219 2875 386 2935 translatum
404 2884 449 2935 est
466 2876 495 2934 in
509 2874 663 2934 lenticulas
677 2891 792 2936 nornen.
824 2877 940 2936 invenio
959 2877 1037 2956 apud
1056 2883 1193 2936 aucto-³⁰¹

149 2975 198 3018 res
220 2959 469 3038 aequanimitatem
494 2959 557 3020 lieri
583 2960 769 3020 vescentibus
798 2978 841 3021 ea.
873 2961 969 3021 Pisum
991 2963 1021 3021 in
1046 2960 1155 3040 apricis

150 3045 208 3104 seri
225 3043 313 3104 debet
338 3045 479 3122 frigorum
506 3044 781 3123 inpatientissimum.
824 3046 891 3107 ideo
919 3048 948 3105 in
967 3044 1052 3107 ltalia
1077 3053 1108 3105 et
1129 3044 1156 3106 in

150 3130 311 3190 austeriore
329 3129 412 3190 caelo
430 3147 487 3188 non
502 3129 557 3188 uisi
570 3146 662 3188 verno
679 3139 811 3208 tempore
827 3139 904 3191 terra
919 3129 1011 3205 facili,
1033 3129 1140 3190 soluta.

108 3223 158 3276 124
234 3214 317 3294 (32.)
343 3213 453 3274 Ciceris
469 3223 568 3276 natura
584 3223 629 3273 est
643 3215 723 3293 gigni
739 3232 802 3274 cum
817 3214 997 3293 salsilagine,
1019 3215 1087 3276 ideo
1108 3229 1154 3272 so

148 3297 206 3358 lum
223 3301 280 3361 urit
292 3318 348 3360 nce
363 3299 417 3358 nisi
436 3297 627 3360 madefactum
642 3295 738 3378 pridie
760 3300 820 3359 seri
841 3298 938 3360 debet.
970 3299 1194 3360 differentiaets

148 3382 265 3460 plures,
289 3383 503 3460 magnitudine,
535 3383 647 3460 ligura,
685 3384 805 3459 colore,
840 3402 958 3463 sapore.
1003 3394 1050 3444 est
1081 3383 1153 3444 enim

148 3467 270 3528 arietino
287 3469 373 3546 capiti
391 3467 499 3543 simile,
521 3469 596 3528 unde
614 3469 653 3528 ita
670 3468 834 3548 appellant,
859 3469 954 3529 album
968 3469 1151 3548 nigrumque,

148 3558 193 3609 est
210 3561 239 3611 et
255 3551 448 3613 columbinum
468 3552 545 3630 quod
562 3551 609 3610 alii
623 3551 780 3613 Venerium
798 3552 963 3632 appellant,
989 3553 1151 3625 candidum,
