2396 3900
146 186 186 252 88
480 199 784 250 crnrrusnounnn

146 364 252 415 tautum
269 356 347 432 dunt,
362 365 394 418 ut
408 357 633 435 amygdalae-
647 373 686 416 ex
699 355 831 418 dulcibus
850 357 925 416 enim
939 356 1160 434 transmutari-

146 448 191 499 tur
206 441 234 499 in
249 459 360 502 amaras
375 475 427 516 -,
448 441 544 520 aliqua
559 456 631 499 vero
654 441 738 500 etiam
753 440 885 518 utiliora,
909 450 940 501 ut
960 440 1037 520 apud
1055 437 1154 501 Chios

105 523 169 607 1253,
179 525 257 603 pirus
279 542 363 604 quam
385 525 510 603 phocida
532 523 690 605 appellant.
736 542 800 585 nam
821 524 1000 585 detruncatio
1022 525 1154 584 diximus

104 617 156 672 ²38
168 607 272 686 quibus
288 610 454 688 prodesset.
485 607 632 668 lutereunt
648 607 789 687 pleraque
806 618 835 668 et
851 609 919 670 lissa
937 611 1038 688 stirpe,
1057 627 1152 668 exce·

146 695 204 771 ptis
217 693 288 770 uite,
306 693 393 770 malo,
410 693 478 770 lico,
495 694 608 772 punica.
640 692 779 771 quaedam
794 692 843 752 uel
857 692 894 753 ab
909 693 1010 753 ulcere
1025 702 1177 754 tanturms

147 775 219 836 dous
235 777 309 837 hanc
330 779 458 838 iniuriam
479 778 591 857 spernit
609 785 638 836 et
662 776 755 836 omnia
776 795 851 856 quae
865 773 990 837 resinam
1011 779 1151 854 gignunt.

146 858 303 922 Radicibns
318 863 470 940 amputatis
485 863 558 921 mori
577 861 698 921 minume
716 862 816 921 mirum
838 871 891 922 est.
925 860 1087 941 pleraeque
1107 871 1152 921 ta-

145 963 211 1004 nnen
223 963 280 1005 non
292 946 422 1005 omnibus
433 945 485 1005 sed
499 946 636 1006 maxumis
652 953 700 1005 aut
712 955 862 1024 quaesunt
876 947 950 1005 inter
961 944 1027 1005 illas
1039 946 1154 1006 vitales

104 1035 155 1093 239
169 1028 291 1090 abscisis
310 1031 476 1090 moriuntur.
510 1029 568 1108 [10]
591 1028 704 1090 Necant
718 1031 842 1090 inuicem
863 1031 936 1090 inter
958 1048 1026 1090 sese
1044 1029 1152 1094 umbra

146 1113 195 1173 vel
207 1114 349 1174 densitate
363 1123 450 1193 atque
466 1113 590 1173 alimenti
601 1114 712 1194 rapina.
738 1123 824 1174 necat
837 1123 866 1174 et
876 1112 987 1175 hedera
1000 1115 1149 1174 vinciens.
1160 1139 1187 1180 ιο

146 1215 201 1256 nec
215 1198 325 1258 viscum
341 1198 477 1276 prodest,
501 1207 531 1256 et
547 1199 656 1273 cytisus
671 1207 792 1258 necatur
806 1215 842 1258 eo
858 1199 935 1276 quod
951 1197 1078 1258 halimon
1093 1215 1149 1258 vo·

146 1289 213 1341 caut
227 1278 341 1341 Graeci.
367 1281 552 1356 Quorundam
565 1290 665 1342 natura
677 1299 735 1342 non
749 1291 835 1342 necat
849 1281 974 1361 quidem,
986 1281 1039 1342 sed
1056 1282 1150 1343 laedit

147 1363 238 1425 odore
256 1374 303 1425 aut
319 1368 382 1426 suci
396 1367 534 1442 mixtura,
558 1375 588 1426 ut
609 1365 753 1446 raphanus
780 1375 808 1426 et
824 1367 920 1426 laurus
936 1368 1032 1426 vitem.
1072 1367 1149 1426 olia-

146 1451 250 1510 ctatrix
265 1453 339 1510 euim
351 1449 530 1527 intellegitur
545 1459 575 1510 et
586 1469 652 1528 angi
664 1451 755 1512 odore
767 1452 866 1510 mirum
879 1451 908 1510 in
919 1450 1042 1510 modum.
1063 1450 1147 1527 ideo,

145 1552 209 1593 cum
221 1535 298 1595 iuxta
311 1536 358 1612 sit,
368 1536 460 1596 averti
470 1544 499 1594 ct
510 1535 652 1595 recedere
665 1552 858 1614 saporemque
872 1535 1013 1595 inimicum
1025 1535 1145 1613 fugere.
1156 1557 1185 1598 rs

103 1618 232 1682 abhinc
253 1621 375 1698 sumpsit
395 1617 588 1695 Androcydes
602 1619 771 1680 medicinam
791 1627 892 1680 contra
910 1618 1080 1696 ebrietates,
1100 1638 1146 1679 ra·

145 1702 268 1781 phanum
282 1703 377 1765 mandi
389 1704 582 1783 praecipiens.
610 1703 670 1764 odit
685 1713 714 1764 et
730 1703 841 1764 caulem
854 1713 883 1763 et
896 1701 961 1764 olus
974 1721 1070 1778 omne,
1083 1704 1147 1764 odit

147 1796 177 1846 et
198 1787 344 1863 corylum,
372 1789 401 1848 ni
427 1787 530 1866 procul
553 1785 663 1864 absint,
684 1789 774 1848 tristis
798 1796 885 1867 atque
906 1804 1005 1865 aegra.
1040 1789 1147 1848 nitrum

146 1871 260 1950 quidem
277 1881 306 1931 et
319 1871 442 1946 alumen,
464 1871 570 1932 marina
587 1888 660 1950 aqua
681 1872 772 1932 calida
789 1882 817 1931 et
833 1871 917 1933 labae
934 1872 1079 1950 putamina
1095 1872 1146 1931 vel

145 1955 207 2013 ervi
219 1954 317 2015 ultima
332 1948 444 2014 venena
461 1963 534 2014 sunt.
1153 1978 1182 2018 so

101 2048 152 2102 241
218 2037 267 2098 25.
300 2037 384 2118 (38.)
413 2034 492 2098 luter
511 2039 579 2099 vitia
603 2038 738 2099 arborum
758 2048 803 2099 est
823 2048 852 2099 et
876 2040 1019 2119 prodigiis
1048 2039 1144 2100 locus.

144 2123 302 2182 invenimus
325 2122 398 2183 ficos
424 2121 478 2182 sub
500 2122 579 2183 loliis
602 2131 701 2198 natas,
723 2124 810 2183 vitem
832 2133 860 2184 et
884 2123 988 2184 malum
1010 2126 1145 2203 punicam

144 2205 235 2285 stirpe
251 2206 375 2266 fructum
389 2205 501 2284 tulisse,
519 2223 577 2267 ιιοιι
589 2207 705 2286 palmite
720 2217 768 2266 aut
782 2209 878 2283 ramis,
894 2209 982 2268 vitem
994 2227 1067 2269 uuas
1080 2211 1145 2269 siue

143 2288 239 2365 loliis,
267 2290 350 2351 oleas
370 2308 487 2371 quoque
510 2293 641 2352 amisisse
663 2291 733 2350 lolia
753 2290 832 2352 bacis
849 2291 1046 2354 haerentibus.
1078 2302 1146 2354 sunt

142 2373 280 2435 miracula
298 2375 425 2435 fortuita.
455 2393 518 2435 nam
537 2385 565 2435 et
581 2374 657 2434 oliva
672 2376 700 2434 lu
720 2383 808 2436 totum
826 2376 956 2438 ambusta
972 2379 1094 2455 revixit,
1115 2387 1179 2442 elsa

101 2460 189 2523 bitin
202 2457 324 2520 boeotia
344 2459 470 2520 derosae
496 2459 616 2518 locustis
637 2459 708 2518 dous
727 2479 760 2519 re
787 2461 999 2538 germinavere.
1031 2472 1144 2523 mutau-

144 2553 189 2604 tur
210 2543 331 2604 arbores
349 2552 379 2603 et
401 2541 502 2603 colore
515 2541 643 2623 fiuntque
660 2561 698 2603 ex
716 2545 806 2622 nigris
819 2545 968 2622 candidae,
989 2564 1048 2606 non
1067 2566 1145 2607 sem-

142 2644 197 2705 per
212 2627 393 2705 prodigiose,
413 2645 466 2686 eae
481 2644 611 2686 maxume
627 2644 702 2706 quae
717 2647 755 2688 ex
777 2631 885 2688 semine
903 2640 1070 2691 nascuntur.
1115 2641 1147 2692 et

143 2709 267 2788 populus
282 2710 349 2771 alba
365 2712 392 2770 in
406 2713 517 2788 nigram
531 2711 641 2770 transit.
671 2713 784 2791 quidam
799 2723 828 2773 et
843 2713 970 2791 sorhum,
987 2717 1012 2774 si
1027 2717 1055 2774 in
1073 2715 1144 2776 cali·

142 2793 224 2854 diora
241 2794 307 2854 loca
323 2796 446 2869 venerit,
462 2794 652 2866 sterilescere
670 2805 779 2874 putant.
809 2799 943 2876 prodigio
960 2808 1056 2860 autem
1072 2800 1176 2860 duntao

142 2897 179 2938 ex
193 2877 324 2938 dulcibus
341 2877 447 2938 acerba
463 2896 547 2958 poma
569 2888 617 2940 aut
634 2879 730 2941 dulcia
751 2899 789 2941 ex
805 2881 936 2959 acerbis,
961 2902 978 2942 e
1001 2884 1143 2963 caprilico

142 2960 189 3022 lici
205 2971 253 3022 aut
269 2971 379 3038 contra,
395 2965 478 3040 gravi
494 2972 621 3040 ostento,
644 2983 707 3025 cum
723 2966 751 3024 in
765 2966 910 3027 deteriora
930 2975 1085 3044 mutantur,
1105 2987 1144 3028 ex

141 3046 208 3108 olea
223 3047 252 3106 in
268 3045 441 3123 oleastrum,
460 3066 498 3107 ex
515 3048 635 3109 candida
653 3065 708 3108 nua
730 3059 759 3109 et
780 3051 836 3110 boo
856 3052 884 3110 in
905 3052 1021 3130 nigras,
1041 3061 1090 3113 aut
1112 3062 1143 3114 ut

98 3129 324 3194 bldbaodiceae
340 3129 446 3190 Xerxis
462 3130 585 3192 adventu
604 3132 721 3211 platano
740 3134 767 3192 iu
789 3134 883 3195 oleam
900 3145 1017 3196 mutata.
1048 3137 1141 3216 quali-

140 3213 194 3274 bus
210 3216 331 3276 ostentis
346 3214 506 3276 Aristandri
521 3216 596 3295 apud
613 3213 742 3277 Graecos
759 3219 894 3278 volumen
914 3227 1026 3297 scatet,
1051 3240 1088 3282 ne
1113 3223 1174 3282 tua

140 3299 276 3360 irrlinitum
292 3299 443 3374 abeamus,
467 3301 543 3378 apud
558 3318 612 3362 nos
629 3317 701 3360 vero
719 3297 751 3358 (l.
771 3300 857 3382 Epidi
874 3307 1088 3382 commentarii,
1112 3307 1142 3365 in

141 3383 244 3460 quibus
269 3383 390 3443 arbores
418 3383 534 3444 locutae
559 3401 676 3464 quoque
708 3387 898 3464 reperiuntur.
945 3387 1086 3451 Subsedit
1113 3391 1141 3450 in

140 3462 269 3527 Cumano
291 3467 379 3528 arbor
399 3467 481 3545 graui
496 3476 611 3529 ostento
628 3468 715 3547 paulo
732 3479 797 3530 ante
813 3469 931 3549 Pompei
946 3471 1042 3552 blagni
1059 3473 1139 3535 bella
