2458 3906
302 225 384 273 nur.
402 223 493 274 aaron.
511 226 568 273 xx.
584 221 669 278 8-9.
688 213 841 291 (nr-34.)
998 213 1055 278 not

60 377 133 456 lipini
158 379 432 459 scintillationiqne,
454 380 538 456 lieni,
561 373 726 458 stomacho,
748 380 930 461 praecordiis
946 381 1060 442 crudam

61 482 92 523 er
112 473 198 524 aceto
214 472 245 525 et
261 463 367 540 melle,
390 464 559 541 coriandro,
579 474 662 542 ruta,
682 475 794 541 menta,
812 465 916 526 laseris
931 465 1060 527 radicula

61 557 194 627 sumptam
211 547 372 610 acetabulis
389 548 501 609 dnobus
518 552 667 627 matutino,
683 559 846 630 tantamque
863 567 931 611 esse
953 550 1009 609 vim
1030 558 1060 609 nt

61 633 101 730 qui
120 641 197 694 terat
217 632 293 694 baec
317 632 487 695 validiorem
507 634 569 694 lieri
592 653 624 694 se
641 635 753 695 sentiat
788 651 861 712 ergo
876 635 924 696 vel
938 652 1000 696 cum
1013 634 1056 695 luis
1067 645 1100 700 81

42 716 143 778 stritam
161 716 350 794 sorbendam,
366 717 416 779 vel
432 736 469 778 ex
487 717 544 779 boe
562 719 681 779 intinctu
706 718 880 782 sumendam
911 719 1060 798 podagrae

6 831 8 878 3
62 809 145 860 autern
160 801 332 881 morbisque
349 802 520 863 articulariis
536 803 615 863 inlini
631 821 695 863 cum
707 811 799 879 rutae,
816 803 958 866 coriandri
970 813 999 863 et
1015 821 1059 864 sa·

6 881 91 944 lis
109 887 202 963 mica,
231 885 335 947 hordei
354 887 462 964 lariua,
485 903 560 986 aqua
584 903 702 967 quoqne
724 887 787 947 cius
810 887 932 947 decocto
952 904 1060 948 nervos

6 957 8 976 '
61 969 253 1050 articulosque
268 971 339 1031 mire
356 971 456 1032 iuvari
490 990 515 1031 sr
508 971 682 1032 foveantur
698 971 819 1032 volnera
840 980 870 1031 et
885 973 1015 1032 recentia
1032 981 1061 1031 et

61 1062 170 1131 uetera,
187 1057 276 1116 etiarn
296 1055 490 1115 carcinomata
511 1073 588 1134 qnae
604 1056 690 1117 nullis
706 1055 771 1117 aliis
786 1055 1001 1116 medicamentis
1016 1074 1061 1116 sa-

6 1139 113 1252 ,sonari
128 1141 245 1240 possint
260 1137 356 1199 ioveri
372 1141 452 1218 prins
469 1139 562 1202 calida
578 1157 652 1219 aqua
669 1141 750 1202 iubet
772 1157 807 1200 ac
829 1139 874 1200 bis
897 1140 943 1202 die
965 1141 1060 1200 tritam

6 1211 160 1308 liuponi.
204 1225 250 1284 sic
266 1225 351 1284 etiam
363 1224 474 1285 listulas
487 1234 516 1284 et
534 1224 630 1285 luxata
647 1234 677 1284 et
693 1241 809 1286 umores
823 1226 951 1301 evocari,
971 1243 1058 1304 quae·
1067 1233 1104 1288 82

6 1333 9 1402 q
62 1323 109 1386 que
129 1306 238 1368 discuti
247 1325 331 1408 opus
352 1309 399 1368 sit
434 1308 573 1369 insomnia
589 1309 674 1369 etiam
689 1308 863 1388 uigiliasque
886 1309 993 1370 tollere
1010 1308 1059 1369 de·

6 1403 7 1406 ’
61 1399 178 1470 coctam,
205 1393 331 1452 siieiuni
349 1393 427 1453 edint
444 1392 700 1473 quamplurumam
716 1392 837 1454 exoleo
855 1401 884 1454 et
900 1394 978 1470 sale,
1002 1402 1061 1454 tor·

61 1475 134 1553 mina,
157 1476 184 1536 si
210 1477 336 1538 decocta
357 1478 458 1538 iterum
482 1477 662 1555 decoquatur
685 1477 782 1538 addito
805 1478 889 1554 oleo,
914 1476 993 1554 sale,
1012 1495 1060 1536 cu·

36 1561 137 1638 rumino,
154 1560 288 1640 polenta.
322 1561 345 1622 si
366 1563 404 1622 ita
420 1569 549 1622 sumatur
565 1563 626 1622 sine
644 1580 736 1642 pane,
758 1563 850 1639 magis
872 1561 1058 1642 profuturum,

61 1645 125 1704 iuter
136 1645 256 1724 reliqna
272 1644 360 1706 bilem
378 1645 490 1706 detrahi
512 1663 567 1724 per
585 1647 680 1706 viuum
701 1647 813 1724 nigrum
833 1655 911 1724 pota.
945 1645 1012 1725 quin
1028 1653 1105 1708 etna

60 1731 160 1790 urinam
179 1731 245 1789 eius
270 1731 318 1809 qni
339 1729 498 1791 brassicam
521 1729 670 1791 esitaverit
695 1729 844 1791 adservari
864 1730 960 1806 iubet,
984 1729 1059 1790 cale·

60 1813 219 1893 laetamque
242 1815 340 1874 nervis
362 1815 492 1876 remedio
514 1832 594 1874 esse.
622 1813 714 1876 rerba
741 1816 831 1892 ipsius
859 1815 998 1875 subiciam
1024 1813 1061 1874 'ad

62 1899 274 1977 exprimendam
292 1900 480 1960 sententiam:
496 1916 634 1977 pueros
657 1899 816 1978 pusillos
841 1901 871 1958 si
892 1899 998 1960 laves
1022 1916 1061 1959 ea

34 1985 179 2059 2⁰urina,
211 2001 401 2062 numquam
431 1980 573 2043 debilis
601 1983 700 2043 lieri.
739 1983 855 2044 auribus
883 1999 999 2063 quoqne
1024 2000 1062 2042 ex

62 2068 119 2127 rino
136 2085 240 2128 sucum
257 2066 408 2128 brassicae
423 2067 549 2146 tepidum
572 2066 704 2127 instillari
725 2067 845 2144 suadet,
867 2067 953 2146 idque
977 2068 1061 2128 etiam

62 2151 182 2212 tarditati
194 2151 368 2212 audientium
383 2151 528 2230 prodesse
541 2150 706 2228 adseverat,
723 2160 752 2212 et
765 2152 949 2230 impetigines
961 2151 1061 2212 eadem

63 2237 148 2296 sanari
164 2235 231 2296 sine
247 2235 369 2296 ulcere.-

116 2320 204 2401 (34.)
226 2317 403 2382 Graecorum
419 2336 536 2400 quoqne
553 2320 704 2398 opiniones
720 2321 774 2380 iam
791 2327 820 2379 ct
837 2317 955 2380 Catonis
973 2337 1059 2380 causa
1070 2327 1107 2382 84

34 2405 124 2483 sspoui
140 2405 291 2482 convenit,
305 2406 333 2464 in
349 2405 383 2464 iis
400 2405 545 2465 dumtaxat
560 2421 635 2483 quae
652 2403 703 2466 ille
724 2403 963 2482 praetermiserit.
996 2402 1061 2463 bilis

62 2489 172 2550 trabere
188 2506 247 2549 non
262 2497 429 2568 percoctam
445 2496 555 2567 putant,
572 2489 640 2548 item
657 2487 752 2548 alvom
768 2487 902 2563 solvere,
928 2486 1062 2546 eandem·

62 2590 112 2651 que
126 2573 173 2634 bis
191 2583 307 2634 coctam
325 2574 438 2634 sistere.
476 2573 543 2631 uino
559 2571 710 2633 adversari
734 2580 764 2632 ut
782 2572 924 2632 inimicam
944 2569 1061 2644 vitibus,

61 2657 250 2719 antecedente
272 2659 300 2717 in
322 2656 394 2718 cibis
416 2657 515 2718 careri
538 2657 725 2733 ebrietatem,
750 2664 854 2736 postea
870 2662 982 2732 sumpta
1000 2671 1062 2714 cra·

61 2742 150 2820 palam
171 2741 288 2803 discuti.
328 2741 403 2802 bunc
427 2740 521 2812 cibum
542 2749 571 2801 et
598 2739 749 2801 oculorum
776 2739 898 2800 claritati
925 2739 1107 2802 conterreat>

34 2827 189 2902 tumultum,
213 2843 314 2887 sucum
338 2842 410 2886 vero
432 2824 538 2886 crudae
560 2825 609 2884 vel
631 2825 744 2902 angulis
767 2833 873 2884 tantum
894 2823 978 2884 tactis
1000 2840 1063 2883 cnm

63 2909 152 2972 Attico
169 2909 258 2971 melle
275 2909 444 2990 plurumum.
475 2909 613 2970 facillime
631 2908 786 2987 concoqui,
804 2906 929 2990 ciboque
946 2925 981 2968 co
998 2925 1063 2968 sen·

63 3013 105 3054 sus
120 2995 250 3074 pnrgari.
280 2993 449 3056 Erasistrati
467 2993 568 3054 schola
585 2994 688 3054 clamat
703 2992 771 3052 nibil
794 3010 862 3052 esse
882 2991 980 3053 utilius
1003 3000 1061 3053 sto·

63 3079 158 3140 nacho
180 3080 356 3158 nervisque,
376 3077 444 3138 ideo
466 3077 634 3157 paralyticis
656 3085 685 3137 et
706 3077 835 3138 tremulis
858 3075 919 3137 dari
939 3076 1020 3137 iubet
1034 3085 1065 3136 et

16 3206 21 3220 .
62 3165 224 3242 sanguinem
244 3161 477 3224 exscreantibns.
508 3161 702 3242 llippocrates
723 3160 862 3222 coeliacis
884 3170 913 3220 et
937 3160 1063 3237 dysinte·
1071 3167 1107 3222 86

7 3275 8 3280 κ
34 3247 126 3308 scricis
137 3247 183 3308 bis
196 3257 310 3310 coctam
323 3265 387 3309 cunt
400 3245 472 3322 sale,
488 3247 557 3306 item
569 3246 605 3307 ad
620 3256 770 3307 tenesmon
784 3246 933 3306 streniam
950 3261 1063 3319 causas,

63 3331 143 3392 lactis
158 3349 275 3412 quoque
289 3332 452 3392 ubertatem
468 3331 623 3411 puerperis
639 3330 697 3391 boc
712 3329 778 3390 cibo
800 3330 863 3390 lieri
885 3329 1013 3392 iudicans
1035 3335 1065 3386 et

64 3418 256 3496 purgationem
271 3415 398 3478 lerninis.
428 3413 532 3476 crudus
548 3415 662 3494 quidem
681 3413 771 3475 caulis
786 3415 810 3474 si
823 3413 981 3488 mandatur,
998 3427 1064 3490 par·

64 3507 104 3560 tus
121 3520 234 3583 quoqne
252 3508 403 3565 emortuos
420 3499 513 3578 pellit.
546 3499 745 3578 Apollodorus
758 3498 898 3560 adversus
909 3497 1062 3573 fungorum
