2504 3930
190 205 253 266 254
525 217 669 268 crnrur
685 218 833 266 succum

190 370 381 432 terebinthina
397 379 427 432 et
440 369 581 449 sinopide.
611 371 711 430 eadem
733 371 879 430 utilissima
896 379 962 432 sunt
976 369 1004 430 in
1018 370 1062 430 his
1077 369 1182 430 ulceri-

149 467 201 520 115
213 454 267 514 bus
283 472 358 533 quae
373 453 519 514 vermibus
530 453 739 532 periclitentur.
768 456 842 530 Quin
857 465 886 514 et
901 455 1039 514 vermium
1053 455 1183 531 ipsorum

191 555 300 615 genera
315 538 459 598 mirandos
475 557 543 598 usus
560 537 675 597 habent.
706 555 809 598 cosses
825 539 873 617 qui
890 539 918 598 in
933 537 1012 614 liguo
1028 546 1182 596 nascuntur

97 628 99 638 ’
191 631 290 680 sanant
304 621 404 682 ulcere
420 623 523 698 omnia,
537 639 636 681 nomas
650 639 723 682 vero
739 623 881 684 combusti
897 639 960 682 cum
976 621 1038 698 pari
1052 619 1182 699 pondere

192 707 272 764 anesi
294 723 331 764 ex
351 705 420 764 oleo
441 705 521 764 inliti.
558 704 680 766 volnera
703 708 833 765 recentia
857 705 1054 782 conglutinant
1074 703 1202 762 terrenis

191 786 264 846 adeo
281 797 311 848 ut
331 805 438 847 nervos
453 783 570 866 'quoque
591 786 722 848 abscisos
742 791 830 849 inlitis
852 787 971 848 solidari
991 789 1064 847 intra
1086 795 1182 864 septu·

189 889 262 930 mum
278 871 352 932 diem
368 873 519 949 persuasio
535 873 586 947 sit,
606 873 702 950 itaque
723 873 752 932 in
767 872 855 932 melle
877 869 1036 932 servandos
1052 878 1182 931 censent.

191 955 261 1014 cinis
277 973 377 1015 eorum
393 956 538 1032 margines
555 955 682 1014 ulcerum
698 955 830 1016 duriores
848 955 969 1015 absumit
988 973 1050 1014 cum
1067 954 1137 1031 pice
1152 953 1183 1013 li-

148 1047 198 1100 116
210 1037 295 1114 quida
318 1039 366 1098 vel
382 1039 535 1116 symphyto
554 1047 582 1098 et
598 1039 694 1098 melle.
726 1040 838 1118 quidam
853 1039 988 1098 arefactis
1011 1039 1040 1096 iu
1061 1036 1129 1097 sole
1149 1035 1183 1096 ad

190 1120 308 1181 volnera
331 1140 368 1182 ex
389 1131 473 1182 aceto
488 1130 603 1182 utuntur
622 1141 679 1182 nec
701 1123 817 1183 solvont
830 1124 883 1182 nisi
899 1120 987 1181 biduo
1006 1121 1181 1181 intermisso.
1191 1140 1213 1181 ro

190 1205 290 1263 eadem
300 1207 413 1264 ratione
424 1215 454 1266 et
466 1205 628 1266 coclearum
640 1215 774 1266 terrenae
785 1215 917 1286 prosunt,
933 1214 1072 1283 totaeque
1085 1221 1182 1264 exem·

190 1296 256 1365 ptae
271 1290 398 1348 recentia
417 1289 537 1349 volnera
552 1298 653 1349 tunsae
667 1291 810 1368 inpositae
826 1289 1021 1366 conglutinant
1038 1296 1068 1347 et
1082 1303 1184 1346 nomas

189 1372 301 1430 sistunt.
332 1371 440 1450 herpes
460 1389 576 1450 quoque
593 1372 697 1431 animal
715 1389 731 1432 a
750 1372 869 1434 Graccis
885 1381 1008 1432 vocatur
1023 1387 1081 1450 quo
1098 1388 1182 1448 prae·

190 1455 274 1532 cipue
291 1464 425 1515 sanantur
440 1471 636 1534 quaecumque
654 1464 782 1534 serpunt.
808 1455 929 1516 cocleae
942 1463 1063 1533 prosunt
1078 1463 1183 1514 etcum

188 1539 272 1597 testis
289 1539 350 1598 suis
364 1547 476 1615 tunsae,
497 1557 560 1598 cum
573 1557 667 1598 murra
682 1540 796 1618 quidem
810 1547 840 1599 et
853 1548 916 1598 ture
932 1540 1015 1599 etiam
1030 1538 1182 1616 praecisos
1191 1555 1214 1596 ra

147 1628 196 1682 117
208 1639 314 1682 nervos
330 1637 432 1682 sanare
449 1621 588 1682 dicuntur.
610 1623 765 1683 draconum
783 1639 899 1701 quoque
915 1621 997 1700 adips
1012 1623 1140 1682 siccatus
1155 1621 1183 1679 in

189 1704 253 1764 sole
265 1721 445 1784 magnopere
460 1704 590 1784 prodest,
606 1706 673 1764 item
687 1706 840 1783 gallinacei
854 1705 1005 1765 cerebrum
1015 1703 1182 1765 recentibus

189 1788 295 1866 plagis.
317 1788 379 1848 sale
394 1791 524 1868 viperino
540 1792 568 1849 in
584 1787 651 1848 cibo
663 1798 776 1867 sumpto
791 1788 904 1848 tradunt
920 1797 948 1848 et
963 1789 1063 1848 ulcera
1079 1796 1181 1848 tracta-

188 1870 293 1932 biliora
308 1873 369 1932 lieri
384 1890 419 1932 ac
434 1873 559 1932 celerius
568 1873 671 1932 sanari.
695 1872 836 1932 Antonius
849 1872 963 1950 quidem
977 1872 1108 1931 medicus
1121 1889 1182 1932 cum
1244 1937 1245 1946 χ

188 1954 338 2016 incidisset
353 1955 521 2016 insanabilia
536 1956 652 2031 ulcera,
670 1957 786 2034 viperas
806 1955 932 2016 edendas
953 1955 1039 2016 dabat
1053 1957 1214 2034 miraqneao

190 2038 341 2097 celeritate
369 2037 552 2117 perennabat.
593 2039 765 2098 trixallidum
791 2041 861 2098 cinis
882 2040 1027 2116 margines
1053 2037 1184 2097 ulcerum

188 2119 276 2179 duros
292 2121 385 2180 aufert
401 2139 464 2180 cum
475 2122 572 2198 melle,
589 2123 656 2180 item
672 2123 728 2182 limi
746 2122 870 2182 columbi
892 2124 975 2188 scum
986 2121 1140 2182 arrhenico
1153 2128 1184 2180 et

146 2208 198 2267 118
209 2203 296 2262 melle
314 2221 349 2262 ea
364 2221 438 2281 quae
455 2204 602 2264 erodendo
617 2213 689 2265 sunt.
714 2205 838 2266 bubonis
853 2141 1003 2368 *trun
1018 2223 1082 2264 cum
1097 2203 1183 2282 adipe

188 2287 323 2346 anserino
345 2287 415 2346 mire
436 2288 556 2348 volnera
576 2287 680 2348 dicitur
699 2289 859 2367 glutinare,
923 2307 958 2350 ae
971 2298 1113 2348 vocentur
1136 2305 1182 2347 ca·

189 2369 292 2429 coethe
312 2371 383 2440 cinis
397 2371 532 2432 feminum
555 2373 652 2432 arietis
675 2389 738 2433 oum
760 2373 835 2433 lacte
857 2372 1005 2448 muliebri,
1026 2373 1214 2448 diligenteras

186 2455 267 2533 prius
283 2453 366 2514 elutis
382 2454 520 2532 linteolis,
537 2455 613 2515 ulula
629 2459 692 2516 avis
702 2467 787 2517 cocta
802 2457 830 2516 iu
846 2457 927 2533 oleo,
943 2455 988 2516 cui
1003 2456 1113 2533 liquato
1130 2457 1182 2514 mi·

187 2546 286 2597 seetur
304 2537 434 2613 buturum
449 2539 566 2599 ovillum
582 2549 612 2599 et
631 2541 698 2602 mel.
730 2541 857 2600 ulcerum
872 2540 952 2600 labra
973 2540 1088 2599 dudora
1110 2557 1184 2618 apes

186 2623 215 2680 in
229 2622 316 2682 melle
334 2632 463 2684 munuae
477 2623 635 2699 emolliunt,
652 2633 681 2684 et
696 2623 913 2702 elephantiasim
929 2623 1046 2700 sanguis
1062 2629 1093 2682 et
1109 2622 1184 2682 cinis

186 2706 337 2765 mustelae.
368 2706 521 2766 verberum
544 2707 661 2767 volnera
688 2716 773 2785 atque
794 2706 906 2768 vibices
934 2706 1061 2786 pellibus
1083 2708 1183 2768 ovium

186 2789 351 2849 recentibus
364 2791 496 2869 inpositis
510 2790 719 2850 oblitterantur.
940 2829 943 2841 s
1088 2823 1092 2830 ·
1190 2807 1216 2850 so

145 2881 196 2936 119
259 2872 342 2951 (40.)
365 2873 559 2934 Articulorum
574 2874 708 2934 fracturis
725 2875 796 2934 ciuis
807 2875 941 2933 seminum
955 2873 1075 2952 pecudis
1091 2891 1182 2952 pecu-

186 2955 294 3016 liariter
310 2957 440 3017 medetur
456 2977 517 3018 cunr
534 2975 611 3033 cera,
627 2991 669 3004 -
686 2957 833 3019 efficacius
852 2958 926 3017 idem
941 2957 1182 3016 medicamentum

186 3040 217 3100 lit
232 3039 452 3100 maxillissimul
467 3043 539 3102 ustis
551 3059 696 3120 cornuque
711 3043 828 3103 cervino
844 3051 873 3102 et
889 3059 957 3102 cera
971 3040 1080 3100 mollita
1098 3058 1181 3101 rosa·

188 3141 258 3196 ceo,
280 3155 323 3168 -—
356 3124 472 3184 ossibus
492 3125 593 3186 fractis
617 3127 746 3185 caninum
766 3124 916 3186 cerebrum
941 3124 1062 3185 linteolo
1084 3124 1181 3200 inlito,

186 3209 377 3285 superpositis
392 3207 464 3268 lanis
482 3227 556 3286 quae
571 3207 690 3269 subinde
706 3208 926 3286 sublundantur,
942 3210 1006 3269 iere
1021 3206 1104 3267 Xllll
1120 3207 1218 3267 die-as

186 3289 239 3348 bus
254 3291 375 3366 solidat,
394 3309 449 3350 nec
472 3291 580 3352 tardius
596 3294 667 3352 cinis
685 3292 828 3352 silvestris
846 3295 932 3352 muris
949 3311 1011 3352 cunr
1025 3291 1116 3352 melle
1133 3300 1184 3350 aut

185 3375 324 3433 vermium
340 3383 528 3453 terrenorum,
550 3378 599 3455 qui
613 3385 642 3435 et
658 3393 724 3436 ossa
739 3375 873 3437 extrahit.
889 3393 890 3396 ’

144 3463 196 3517 120
259 3459 343 3537 (41.)
374 3456 532 3518 Cicatrices
557 3461 593 3520 ad
621 3459 748 3520 colorem
773 3460 885 3522 reducit
904 3458 1045 3539 pecudum
1067 3459 1183 3538 pulmo,
