2370 3922
163 239 204 300 52
499 251 804 300 caminiecensem

161 423 252 484 quare
269 405 381 482 quidam
398 403 541 465 Creticam
556 423 726 483 cupressum
740 405 883 466 dixerunt
917 406 1064 466 annuitis
1056 426 1086 466 ιιι
1101 407 1153 468 sul·

102 551 107 571 ,
162 489 229 548 litus
251 505 306 565 pro
333 497 398 548 ture
423 481 628 564 adsumitur,
620 507 649 547 sn
669 488 884 548 medicamentis
913 507 987 548 vero
1011 489 1153 568 duplicato

162 570 294 650 pondere
323 565 443 632 eosdem
472 571 593 632 edoctus
620 571 729 630 babere
754 589 827 648 quos
845 574 1004 632 cinnamum
1026 573 1151 632 traditur

161 654 355 716 collectiones
371 658 471 714 minuit
494 664 524 714 et
553 673 651 714 rromns
675 657 844 732 conpescit,
876 655 956 714 inlita
979 655 1079 715 ulcera
1094 674 1153 733 pur·

161 747 230 816 gnt,
255 747 355 815 partus
378 747 526 798 emortuos
547 739 681 815 adposita
703 737 828 797 extrahit
845 747 874 798 et
897 739 999 798 suilita.
1029 739 1173 799 inliniturs

159 823 221 898 igni
253 839 337 881 sacro
367 830 396 880 ct
420 821 620 897 carbunculis,
646 839 709 880 cnm
733 819 820 880 melle
842 829 873 882 et
895 825 964 880 vino
981 831 1052 898 pota
1074 825 1154 898 regio

161 905 265 964 morbo
282 904 422 964 medetur.
453 904 605 981 gallinacei
629 905 749 980 generis
769 906 886 980 pituitas
908 907 987 966 fumo
1012 907 1076 964 eius
1095 905 1154 964 her·

161 988 217 1047 bae
233 989 328 1046 sanari
344 987 464 1046 tradunt.

34 1096 39 1110 ·
118 1084 172 1137 10³
243 1071 325 1149 (62.)
353 1070 459 1130 Similis
476 1069 584 1130 herbae
600 1070 666 1130 huic
681 1069 805 1147 Sabinae
821 1079 867 1130 est
885 1071 989 1147 selago
1004 1071 1151 1149 appellata.

160 1157 268 1232 legitur
283 1157 346 1213 sine
361 1155 441 1214 ferro
457 1153 558 1212 dextra
572 1171 654 1213 manu
665 1171 720 1230 per
735 1155 856 1213 tunicam
872 1171 928 1231 qua
942 1157 1060 1232 sinistra
1078 1157 1174 1215 exui-n

160 1249 208 1298 tur
221 1238 301 1297 velut
316 1255 332 1296 a
347 1238 478 1311 iurante,
492 1237 609 1296 candida
628 1244 712 1296 veste
727 1239 836 1298 vestito
851 1253 983 1314 pureque
999 1237 1084 1296 lautis
1109 1257 1152 1296 nu·

151 1319 204 1382 di‘s
221 1321 361 1398 pedibus,
380 1337 464 1379 sacro
488 1321 565 1379 iacto
584 1321 765 1397 priusquam
786 1320 900 1396 legatur
923 1339 998 1399 pane
1021 1323 1151 1398 vinoque.

162 1407 256 1465 fertur
274 1405 304 1462 iu
321 1420 423 1481 mappa
438 1421 520 1462 nova.
553 1403 625 1463 banc
639 1411 740 1462 contra
755 1405 913 1480 perniciem
926 1421 1040 1463 omnem
1052 1404 1153 1464 baben·

159 1489 221 1548 dnm
237 1487 394 1564 prodidere
410 1485 535 1546 Druidae
554 1485 701 1546 Gallorum
723 1495 752 1546 et
772 1495 873 1546 contra
892 1489 986 1546 omnia
1008 1487 1151 1548 oculorum

161 1572 232 1630 vitia
249 1571 354 1630 lumum
372 1572 436 1629 eius
452 1570 604 1647 prodesse.
1157 1589 1174 1632 ιι

119 1667 173 1722 104
235 1653 316 1732 (63.)
347 1653 438 1713 Iidem
453 1652 589 1712 sarnolum
604 1652 723 1712 herbam
738 1654 924 1713 nominavere
942 1662 1112 1726 nascendam
1125 1656 1149 1711 in

159 1737 273 1811 umidis,
288 1745 320 1796 et
342 1737 415 1797 hanc
434 1739 551 1796 sinistra
566 1754 648 1796 mauu
670 1736 730 1812 legi
750 1754 766 1796 a
787 1737 892 1796 ieiunis
913 1745 1015 1796 contra
1037 1737 1147 1809 morbos

159 1839 240 1881 suum
260 1821 421 1897 boumque,
443 1839 498 1880 uec
518 1822 667 1898 respicere
693 1819 851 1895 legentem,
869 1837 964 1896 neque
986 1819 1057 1879 alibi
1073 1838 1146 1897 quan

158 1907 188 1964 in
204 1903 295 1962 canali
312 1903 475 1980 deponere,
489 1903 530 1963 ibi
545 1905 696 1963 continere
712 1904 836 2000 poturis,

117 2001 212 2054 105-
207 1986 316 2062 (64.)
353 1985 508 2047 Commium
529 2005 638 2066 genera
659 1986 789 2044 diximus.
827 1987 857 2046 iu
878 1986 923 2045 his
941 1987 1174 2058 maioresedewf

117 2071 146 2112 ¹³,
158 2070 180 2104 ⁸⁸
200 2077 263 2126 ctus
274 2068 404 2127 melioris
420 2073 558 2147 cuiusque
571 2078 663 2130 erunt.
699 2068 832 2130 dentibus
851 2069 970 2130 inutiles
988 2079 1070 2148 sunt,
1090 2089 1144 2130 san-

137 2118 275 2229 guinem
297 2151 452 2227 coagulant
473 2163 503 2212 et
523 2154 591 2212 ideo
617 2153 805 2212 reicientibus
829 2155 1001 2230 sanguinem
1021 2163 1143 2232 prosunt,

156 2239 226 2294 item
237 2233 387 2310 ambustis,
399 2238 524 2304 arteriae
539 2237 617 2296 vitiis
629 2235 757 2312 inutiles,
769 2237 877 2296 urinam
890 2239 981 2312 cient,
993 2238 1143 2296 amaritudi-

157 2337 210 2378 nes
224 2316 364 2378 hebetant
379 2319 526 2378 adstrictis
540 2321 660 2380 ceteris.
691 2336 764 2397 quae
776 2337 815 2378 ex
829 2319 979 2396 amygdala
992 2339 1086 2380 amara
1103 2328 1142 2379 est

158 2401 377 2480 spissandisque
400 2403 574 2462 visceribus*
587 2403 733 2464 efficacior
752 2402 840 2462 babet
863 2402 1085 2467 excalfactorias
1107 2405 1165 2462 vta

117 2497 168 2552 106
179 2487 229 2546 ris.
259 2494 475 2563 praeponuntur
490 2503 646 2564 prunorum
660 2494 754 2545 autem
770 2493 800 2544 et
815 2503 984 2546 cerasorum
994 2505 1029 2546 ac
1043 2489 1137 2546 vitium.

160 2572 269 2630 siccant
283 2569 382 2630 inlitae
400 2579 431 2628 et
445 2569 643 2646 adstringunt,
660 2587 698 2628 ex
713 2577 797 2630 aceto
813 2587 885 2630 vero
901 2569 1052 2628 infantium
1062 2569 1138 2628 liclre-

155 2665 209 2713 nas
226 2661 337 2730 sanant,
353 2662 474 2730 prosunt
489 2661 519 2712 et
534 2655 605 2712 tussi
622 2653 716 2712 veteri
738 2660 873 2729 quattuor
892 2651 989 2712 obolis
1012 2654 1042 2712 in
1055 2661 1135 2710 musto

152 2739 246 2814 potis.
279 2737 435 2796 creduntur
461 2745 490 2796 et
512 2736 642 2795 colorem
661 2737 820 2812 gratiorem
841 2735 939 2796 iacere
960 2736 1135 2812 ciborumque

153 2819 368 2896 adpetentiam,
382 2829 412 2880 et
429 2819 582 2880 calculosis
598 2819 741 2896 prodesse
759 2837 822 2878 cunr
836 2837 925 2896 passo
949 2828 1047 2896 potae.
1078 2825 1161 2876 ocu-tt

154 2901 248 2960 lorum
263 2909 293 2959 et
308 2903 458 2963 voluerum
472 2902 641 2963 utilitatibus
656 2919 786 2964 maxume
804 2904 988 2964 conveniunt.

114 2991 163 3049 107
229 2985 274 3045 12
288 2985 369 3064 (65.)
395 2987 500 3064 Spirae
514 2987 679 3064 Aegyptiae
692 2988 755 3045 sive
767 2985 909 3046 Arabicae
923 2985 1023 3044 landes
1036 2982 1131 3044 inodo

112 3068 142 3106 ¹⁸·
155 3067 178 3102 ⁶⁸
201 3083 261 3126 rum
277 3069 344 3126 loco
359 3069 491 3146 diximus,
507 3079 536 3130 et
547 3072 611 3147 ipsa
623 3071 730 3146 spissat
741 3071 915 3146 stringitque
930 3067 1130 3128 destillationes

156 3153 246 3210 omnis
275 3159 304 3212 et
319 3155 464 3227 sanguinis
489 3155 706 3212 exscreationes
720 3171 906 3229 mensumque
935 3151 1140 3222 abundantiam,

154 3237 306 3293 etiamnum
322 3233 419 3294 radice
434 3237 583 3296 valentior.
1134 3242 1153 3283 ³⁵

112 3329 164 3381 108
234 3317 314 3396 (66.)
342 3317 447 3393 Spirae
465 3318 547 3378 albae
564 3337 662 3379 semen
678 3327 778 3380 contra
791 3321 965 3396 ¹scorpiones
982 3319 1125 3380 auxiliatur·

154 3417 262 3458 corona
281 3418 366 3460 exea
383 3403 509 3476 inposita
520 3405 621 3478 eapitis
638 3402 756 3462 dolores
772 3405 879 3462 minuit.
917 3410 963 3462 est
985 3403 1049 3462 huie
1064 3399 1125 3460 sirni-

154 3482 190 3539 lis
215 3501 296 3558 quarn
322 3481 423 3540 Graeci
450 3484 600 3544 acanthion
617 3495 739 3562 vocant,
763 3487 921 3546 rninoribus
944 3487 1032 3546 multo
1048 3483 1123 3556 loliis,
