2396 3922
291 277 372 325 aar.
387 277 477 327 ursa.
493 277 572 324 xxv.
587 273 614 329 8.
630 275 657 330 a.
669 265 825 344 (ee—63.)
995 259 1049 324 87·

51 429 106 490 tuln
128 431 253 510 viperae
276 430 377 492 similia
400 440 480 508 sunt,
502 431 574 491 haec
598 447 636 490 ex
658 433 727 492 vino
748 441 778 492 et
800 441 903 493 aceto.¹
924 431 1036 510 quidam

53 514 151 574 echion
167 523 358 592 personatam
371 524 476 575 vocant
488 517 567 574 cuius
580 514 652 575 lolio
667 515 772 575 nullum
783 525 829 575 eet
843 517 939 593 latius,
951 533 1038 591 gran·

51 596 93 656 dis
112 597 217 676 lappas
235 598 387 658 ferentem.
418 598 500 658 huius
516 597 641 658 radicem
656 597 804 658 decoctam
818 618 857 659 ex
871 607 955 658 aceto
970 599 1038 658 dant
1058 597 1064 608 '

51 682 137 758 potui.
171 679 385 758 llyoscqamnm
410 691 580 742 contunsnm
606 699 672 743 cum
692 681 770 742 loliis
797 701 836 742 ex
861 685 928 742 vino
954 681 1039 741 datar

30 764 239 842 sperationem
253 773 354 837 comba
370 765 492 844 aspidas.

109 847 192 926 (59.)
210 847 297 907 Nulla
312 855 407 908 tamen
418 847 564 908 Romanae
578 848 736 908 nobilitatis
752 847 817 926 plus
832 847 918 908 habet
933 866 1017 927 quarn
1029 860 1081 914 1⁰5

53 929 248 991 hierabotane.
277 931 365 1010 aliqui
382 934 579 1010 peristeram,
603 933 696 992 nostri
713 930 904 992 verbenacam
923 939 1036 992 vocant.

53 1011 117 1072 haec
129 1023 177 1073 est
189 1032 275 1093 quam
286 1015 402 1092 legatos
413 1016 493 1075 ierre
506 1015 540 1078 ad
551 1015 644 1076 hostis
657 1013 848 1075 indicavimus.
874 1015 926 1074 hac
938 1014 1016 1074 lovis
1028 1035 1081 1075 aas

2 1102 3 1169 ἦ
53 1113 143 1156 mensa
156 1099 299 1174 verritur,
313 1098 414 1158 domus
430 1107 588 1176 purgantur
602 1097 826 1176 lustranturque.
849 1117 958 1175 genera
973 1101 1037 1157 eius
1154 1125 1158 1134 ·

26 1177 118 1238 ttduo:
135 1179 248 1240 ioliosa
263 1198 347 1257 qnam
372 1182 504 1241 feminam
530 1190 646 1259 putant,
675 1199 735 1239 mas
760 1182 920 1241 rarioribus
947 1180 1036 1240 loliis.

2 1272 3 1358 q
53 1262 145 1322 ramuli
163 1266 318 1341 utriusque
342 1264 452 1344 plnres,
471 1274 587 1340 tennes,
601 1263 764 1339 cubitales,
782 1265 924 1342 angulosi,
947 1263 1016 1326 lolia
1029 1273 1082 1332 loo

2 1365 4 1404 t
18 1411 20 1418 ¹
53 1346 155 1406 minora
171 1365 258 1425 quam
269 1365 393 1426 quercus
407 1350 642 1428 angustioraqne,
655 1348 789 1407 divisuris
801 1343 968 1425 maioribus,
983 1349 1038 1410 llos

2 1430 3 1469 ἒ
53 1426 176 1505 glaucus,
195 1431 281 1490 radix
296 1431 394 1508 longa,
411 1429 515 1492 tenuis.
539 1433 665 1490 nascitur
679 1430 786 1508 ubique
801 1435 829 1490 in
843 1433 934 1510 planis
949 1451 1038 1510 aquo·

2 1534 5 1568 t
54 1512 97 1568 sis.
128 1511 244 1590 qnidam
262 1501 320 1574 non
337 1513 495 1592 distinguat
515 1523 546 1574 et
565 1532 649 1573 unum
671 1517 785 1574 omnino
807 1534 899 1592 genus
918 1516 1038 1590 iaciunt,

2 1630 4 1644 ·
27 1597 180 1669 aequoniam
202 1605 325 1676 utraque
345 1596 465 1658 eosdem
486 1597 608 1658 ellectns
629 1596 741 1657 habeat.
772 1606 893 1677 utraque
915 1600 1040 1658 sortiun-

2 1698 5 1734 :
56 1682 95 1734 tur
106 1676 180 1738 Galli
196 1688 228 1738 et
245 1673 415 1758 praecindnt
432 1698 585 1760 responsa,
601 1680 654 1741 sed
668 1679 745 1756 hlagi
761 1682 861 1759 utique
875 1683 952 1741 eirca
966 1680 1039 1741 hane

2 1785 3 1816 3
54 1757 199 1822 insaniunt.
233 1762 287 1823 hac
303 1772 460 1842 perunctos
478 1767 634 1841 impetrare
651 1781 724 1842 quae
739 1764 848 1839 velint,
869 1764 962 1823 febris
978 1763 1039 1823 abi-

1 1866 6 1903 u
55 1857 131 1919 gere,
147 1847 289 1906 amicitias
304 1846 461 1908 conciliare
475 1847 604 1926 nullique
620 1865 677 1907 non
692 1847 794 1906 morbo
810 1847 927 1906 mederi.
958 1847 1018 1920 eol·
1030 1855 1082 1910 lui

2 1963 3 1978 r
56 1922 100 2000 ligi
116 1927 229 1989 debere
247 1933 323 1990 eirca
341 1931 419 1990 canis
436 1937 529 1990 ortum
547 1932 636 1990 itane
652 1930 717 1990 luna
735 1939 783 1990 aut
803 1929 849 1989 sol
866 1931 1038 2008 conspiciat,
1154 1985 1157 1993 .

3 2006 120 2066 r‘colaris
141 2020 210 2072 ante
234 2021 264 2072 et
279 2013 367 2074 melle
390 2022 486 2074 terrae
509 2013 544 2074 ad
560 2015 733 2091 piamentum
755 2014 838 2090 datis,
862 2014 1040 2073 circumseri·

3 2121 5 2134 ι
58 2098 125 2165 ptam
137 2094 219 2155 ierro
231 2095 325 2155 'effodi
341 2098 457 2156 sinistra
470 2115 553 2156 manu
569 2105 599 2156 et
614 2099 643 2156 in
659 2095 780 2156 sublime
796 2095 876 2173 tolli,
892 2097 994 2157 siccari
1008 2098 1039 2156 in

3 2201 5 2234 ι
58 2173 147 2234 umbra
164 2181 321 2256 separatim
336 2179 417 2256 lolia,
431 2180 550 2257 caulem,
568 2179 700 2240 radicem.
723 2182 811 2255 aiunt,
829 2181 853 2238 si
868 2197 942 2258 aqua
957 2198 1039 2258 spar-

2 2283 6 2320 t
59 2265 133 2330 gutur
152 2261 309 2321 triclinium
323 2281 379 2342 qua
393 2263 549 2340 maduerit,
570 2263 709 2323 laetiores
725 2265 873 2322 conuictus
889 2263 961 2322 beri.
990 2261 1038 2323 ad·

3 2365 5 2400 i
60 2355 151 2401 uersus
167 2347 317 2423 serpentis
335 2348 496 2406 conteritur
513 2365 551 2406 ex
567 2348 644 2405 rino.
917 2415 919 2422 Α

3 2453 4 2462 ¹
30 2433 53 2474 Ἀ
112 2423 192 2506 (60.)
211 2427 267 2487 Est
285 2429 386 2488 similis
409 2429 552 2489 verbasco
570 2428 660 2488 herba
676 2445 750 2507 quae
766 2445 855 2505 saepe
874 2427 947 2487 lallit
964 2439 1083 2506 prolthl

60 2519 90 2562 ea
99 2518 190 2586 capta,
202 2511 283 2571 loliis
294 2515 386 2571 minus
400 2511 538 2588 candidis,
548 2510 694 2572 cauliculis
707 2511 848 2588 pluribus,
861 2509 934 2569 hore
947 2509 1037 2569 luteo.

58 2583 121 2682 haee
140 2593 255 2654 abiecta
277 2593 381 2655 blattas
402 2597 432 2654 in
452 2614 485 2654 se
507 2595 649 2656 contrahit
669 2593 795 2672 ideoque
809 2591 918 2652 Romae
936 2592 1039 2652 blatta·

60 2685 96 2728 na
109 2685 237 2738 uocatur.

114 2756 192 2839 (61.)
219 2759 424 2822 hlolemonium
439 2779 535 2821 sucum
551 2761 673 2820 lacteum
694 2761 780 2820 mittit
800 2765 1039 2820 concrescentem

33 2841 166 2900 ttcnnmts
182 2845 268 2904 modo
285 2843 386 2905 umidis
404 2846 498 2905 loeis.¹
517 2844 599 2903 datur
615 2844 712 2904 denari
729 2843 840 2921 pondus
856 2843 885 2900 in
898 2843 975 2900 uino.
1007 2911 1009 2916 ,
1111 2911 1113 2916 ¹

115 2924 193 3004 (62.)
210 2923 447 3007 Quinqueiolium
463 2928 532 2987 nulli
545 2929 674 3004 ignotum
686 2934 741 3001 est,
757 2925 917 2986 corneliam
930 2924 1012 3001 fraga
1028 2934 1081 2990 1⁰9
1159 2969 1166 2986 .

64 3003 197 3080 amenio
216 3011 442 3087 commendetur,
465 3009 566 3071 Graeci
589 3019 762 3090 pentapetes
784 3011 847 3068 siue
867 3007 1039 3086 pentaphyl-

65 3081 106 3145 lon
124 3101 171 3150 aut
192 3092 529 3155 chamaezelon-uocant,
562 3107 625 3153 cnm
649 3092 794 3168 effoditur,
814 3091 929 3151 rubram
950 3090 1040 3150 habet

64 3169 186 3236 radicem.
217 3176 289 3237 haec
308 3178 476 3238 inarescens
497 3179 638 3253 nigrescit
657 3185 687 3237 et
707 3177 846 3254 angulosa
864 3175 903 3234 lit.
932 3190 1039 3233 nomen

37 3255 79 3308 Μ
91 3269 202 3320 humero
216 3260 362 3321 loliorum.
384 3269 414 3320 et
428 3261 491 3338 ipsa
507 3259 597 3321 herba
611 3261 711 3340 incipit
726 3269 756 3321 et
769 3259 875 3320 desinit
890 3275 953 3316 enm
966 3257 1037 3316 vite.

66 3333 205 3403 adhibetur
220 3353 250 3404 et
265 3344 420 3423 purgandis
436 3343 575 3404 domibus.

120 3424 197 3506 (63.)
215 3427 365 3488 Adversus
381 3427 527 3508 serpentis
543 3425 651 3486 bibitur
663 3434 694 3487 et
706 3428 768 3488 eius
780 3425 862 3486 radix
872 3441 946 3503 quae
958 3440 1039 3504 spar-

16 3545 21 3556 ,
67 3506 161 3574 ganion
176 3520 296 3572 vocatur
310 3529 349 3572 ex
366 3514 434 3572 vino
451 3509 526 3571 albo.
542 3510 545 3516 ’
