2430 3896
293 246 373 293 nar.
389 243 479 292 nuso.
491 243 562 290 xvr.
582 240 667 292 1—5.
681 229 800 307 (Η.)
1043 229 1062 288 5

84 404 262 485 pronuntiatur.
297 399 364 461 inde
384 407 478 459 uatum
493 407 523 458 ut
546 398 631 458 etiam
654 395 869 474 triumphaturis
892 394 1062 456 conferren-

83 499 118 550 tur
131 490 154 547 iu
168 485 278 565 templis
295 485 454 560 dicandae,
476 499 545 542 mox
567 491 598 541 ut
620 491 648 542 et
669 480 743 542 ludis
760 479 906 541 darentur.
946 480 1063 558 longum

83 583 117 634 est
132 591 179 632 neo
192 571 310 630 instituti
333 569 434 648 operis
455 566 604 627 disserere
626 567 690 644 quis
708 582 852 644 quamque
868 563 1063 625 Romanorum

82 659 167 737 primus
184 655 342 734 acceperit.
376 671 473 733 neque
490 651 565 712 enirn
581 651 654 712 alias
669 659 809 711 noverant
824 667 909 728 quam
926 648 1061 724 bellicas,
1138 657 1139 660 ’

24 747 26 852 Ι
64 742 141 820 spuod
155 750 260 800 eertum
277 747 332 799 est.
367 740 414 797 uni
431 737 560 815 gentium
574 735 641 797 huie
659 735 742 814 plura
765 743 831 794 suut
852 751 963 811 genera
979 751 1063 812 quam

24 853 25 872 ι
81 827 179 885 annuus.

24 873 26 980 ἶ
128 909 185 988 (5.)
234 907 377 968 Romulus
405 905 528 966 lroudea
556 904 708 966 coronavit
738 901 860 964 llostum
890 901 1054 976 llostilium,
1073 911 1104 964 ll

24 985 26 1050 l
79 993 138 1072 quod
151 991 286 1054 Fidenam
301 992 411 1070 primus
424 991 591 1069 inrupisset.
620 1007 691 1050 avos
708 987 755 1048 hic
771 985 847 1048 Tulli
862 985 968 1048 Hostili
982 986 1062 1063 regis

24 1057 26 1144 i
78 1078 124 1137 luit.
162 1077 191 1138 P.
211 1077 336 1137 Decium
364 1084 476 1154 patrem
496 1073 640 1135 tribunum
661 1072 781 1134 militum
802 1071 925 1132 frondea
946 1070 1063 1132 donavit

24 1145 26 1180 ³
55 1165 202 1222 ruerernitus
226 1161 262 1222 ab
289 1178 327 1221 eo
353 1169 485 1221 servatus
508 1159 685 1238 imperatore
708 1154 847 1217 Cornelio
874 1154 968 1216 Cosso
994 1172 1062 1215 oon·

78 1245 126 1306 sule
139 1247 302 1306 Samnitium
319 1244 410 1305 bello.
440 1242 540 1305 (linita
554 1243 644 1321 iligna
660 1242 753 1321 primo
770 1241 833 1316 luit,
853 1249 957 1319 postea
970 1241 1062 1316 magis

77 1330 163 1406 placuit
177 1349 213 1390 ex
226 1330 352 1390 aesoulo
367 1329 429 1389 lovi
445 1345 540 1404 saura,
555 1328 755 1404 variatumque
769 1334 798 1385 et
811 1343 875 1385 num
888 1343 998 1405 quercu
1018 1333 1063 1383 est

77 1429 103 1473 aa
113 1413 170 1474 data
184 1415 293 1494 ubique
312 1432 387 1494 quae
402 1414 497 1473 luerat
514 1412 660 1472 custodito
677 1419 784 1478 tanturn
804 1410 916 1472 honore
935 1409 1060 1487 glandis.

77 1497 179 1558 Additae
189 1498 274 1576 leges
289 1507 372 1559 artae
389 1507 417 1557 et
432 1497 500 1558 ideo
515 1496 661 1576 superbae
674 1513 804 1576 quasque
818 1495 955 1555 conferre
970 1493 1061 1554 libeat
1073 1502 1105 1556 12

55 1598 126 1640 ruaun
142 1583 188 1642 illa
204 1582 386 1644 Graecorum
404 1599 511 1642 summa
529 1598 603 1659 quae
620 1580 672 1641 suh
688 1583 753 1660 ipso
770 1579 841 1641 love
858 1580 941 1640 datur
957 1579 1061 1658 cuique

76 1683 153 1726 noros
165 1668 257 1744 patria
273 1667 408 1745 gaudens
424 1666 547 1744 rumpit:
579 1667 672 1726 civem
688 1683 825 1739 servare,
851 1664 965 1728 hostem
981 1667 1061 1725 naai-

76 1748 145 1823 dere,
168 1759 198 1810 ut
223 1769 260 1811 ne
288 1769 355 1810 eum
375 1751 471 1811 locum
487 1752 516 1810 in
529 1768 587 1830 quo
605 1751 641 1809 sit
657 1760 751 1810 autum
765 1749 860 1811 hostis
878 1751 1009 1829 optineat
1025 1766 1062 1809 eo

77 1832 293 1908 die‚utservatus
306 1835 431 1895 fateatur
441 1867 483 1878 —
499 1834 571 1895 alias
584 1843 676 1895 testes
690 1834 761 1895 nilril
777 1844 897 1914 prosunt
913 1865 963 1910 -‚
978 1842 1007 1893 ut
1022 1835 1060 1892 ci·

76 1917 108 1975 vis
120 1918 209 1978 luerit.
241 1919 351 1979 auxilia
367 1920 496 1998 quamvis
505 1937 578 1997 rege
589 1928 705 1980 servato
714 1919 805 1980 decus
821 1936 878 1979 non
892 1919 976 1994 dant,
1002 1936 1058 1978 neu
1073 1927 1106 1982 13

54 2003 164 2061 durescit
177 2002 270 2064 honos
288 2003 367 2063 idern
381 2004 559 2082 imperatore
576 2013 762 2080 conservato,
779 2006 913 2084 quoniam
931 2002 1061 2063 condito·

76 2101 112 2143 res
125 2087 149 2144 in
163 2103 347 2168 quocumque
359 2089 453 2148 civem
464 2106 602 2148 summum
616 2105 684 2148 esse
697 2088 829 2148 voluere.
856 2096 980 2166 aocepta
992 2087 1062 2147 licet

76 2168 105 2226 uti
117 2181 263 2248 perpetuo.
309 2171 394 2231 ludos
409 2173 519 2231 ineunti
535 2189 653 2251 semper
668 2173 786 2249 adsurgi
803 2175 889 2235 etiam
905 2171 941 2232 ab
960 2181 1062 2232 senatu

76 2252 179 2314 innure
194 2265 248 2316 est.
282 2255 406 2316 sedendi
422 2258 467 2316 ius
484 2258 513 2316 in
528 2271 671 2335 proxumo
686 2258 808 2318 senatui.
836 2258 951 2318 uacatio
963 2274 1061 2316 mune·

25 2387 27 2421 r
75 2353 122 2396 rum
132 2341 250 2400 omnium
265 2341 325 2419 ipsi
341 2341 473 2419 putrique
487 2349 516 2400 et
530 2358 585 2401 auo
598 2350 730 2420 paterno.
757 2339 995 2415 Quattuordeoim
1013 2358 1062 2401 eas
1071 2348 1105 2403 14

26 2465 28 2502 :
54 2424 169 2505 tamspit
202 2424 319 2486 Siooius
350 2424 508 2501 Dentatus,
540 2434 570 2485 ut
596 2426 747 2486 retulimus
775 2443 829 2486 suo
852 2427 937 2501 loco,
969 2444 1025 2486 sex
1047 2449 1104 2492 ans

26 2557 27 2560 ,
77 2500 252 2585 Capitolinus,
282 2509 307 2568 is
324 2509 439 2587 quidem
463 2518 493 2570 et
510 2509 547 2570 de
571 2509 645 2570 duce
669 2510 806 2571 Servilio.
853 2511 1007 2571 Africanus
1023 2511 1060 2571 de

26 2605 27 2692 p
76 2597 139 2664 putre
153 2594 290 2671 aooipere
307 2593 398 2654 noluit
412 2593 487 2672 apud
504 2592 649 2655 Trebiam.
692 2613 710 2656 o
729 2612 828 2656 mores
852 2604 990 2656 aeternos
1013 2595 1061 2672 qui

26 2695 27 2768 p
76 2679 136 2734 nuta
149 2693 237 2754 opera
250 2677 365 2738 lronore
381 2679 447 2738 solo
464 2677 635 2740 donaverint
652 2687 692 2756 et,
709 2697 773 2740 uum
788 2679 917 2758 reliquas
935 2695 1061 2740 coronas

26 2813 27 2820 ,
77 2771 131 2816 auro
145 2759 394 2842 commendarent,
418 2762 541 2822 salutem
563 2763 635 2822 oivis
657 2764 685 2823 in
708 2765 802 2843 pretio
819 2782 887 2824 esse
902 2764 1060 2838 noluerint,

55 2837 139 2900 ustae
154 2845 290 2968 'professi
315 2864 352 2905 ne
378 2847 490 2907 servari
516 2847 631 2926 quidem
656 2847 800 2908 hominem
825 2847 869 2908 ias
897 2866 966 2908 esse
987 2848 1061 2908 lueri

27 2937 28 2976 ς
78 2939 159 2987 nausa.

27 3017 29 3092 p
102 3010 149 3103 Ι5.
177 3013 240 3092 (6.)
287 3012 397 3075 Glande
420 3031 494 3094 opes
523 3033 598 3076 nuno
619 3033 737 3095 quoque
758 3015 909 3078 multarum
930 3016 1059 3093 gentium
1069 3023 1101 3078 15

79 3098 145 3153 etun
158 3115 230 3195 pane
247 3097 433 3197 gaudentium
449 3109 590 3198 onustant.
632 3118 687 3161 neo
700 3119 758 3162 non
774 3110 804 3161 et
824 3103 922 3180 inopia
943 3101 1058 3176 frugum

27 3223 29 3298 l
57 3175 1058 3349 „illitatiltltttttulitstultitiatottii?

28 3337 29 3376 ³
81 3341 128 3402 aior
142 3350 237 3425 eadem
251 3353 281 3410 iu
297 3352 395 3412 uiuere
409 3360 494 3413 tosta.
535 3361 649 3414 tautum
674 3365 719 3416 est
743 3364 899 3435 praeterea
917 3354 986 3430 lege
1004 3350 1059 3412 Xll

28 3389 30 3548 i
82 3425 215 3494 ltbulamm
229 3444 260 3496 ut
276 3434 412 3514 glandem
428 3437 456 3496 in
473 3438 597 3498 alienum
611 3439 729 3500 fundum
741 3439 941 3520 procidentem
953 3439 1058 3498 lioeret

82 3511 209 3592 colligere.
228 3519 344 3580 Genera
361 3538 457 3581 earum
472 3522 569 3583 multa.
598 3523 703 3584 distant
714 3524 818 3600 fructu,
831 3525 897 3602 situ,
911 3541 994 3598 sexu,
1012 3538 1056 3581 sa·
1068 3527 1100 3582 16
