2396 3922
190 257 249 321 162
505 269 536 319 o.
557 269 655 320 rnmr
673 269 823 321 sncunor

186 423 282 504 lapide
296 417 343 484 vel
357 423 456 484 missili
478 443 516 485 ex
529 425 573 484 bis
588 427 635 504 qui
650 427 704 486 tria
717 424 846 486 animalia
862 423 983 501 singulis
1005 421 1100 482 ictibus
1115 422 1147 480 ia

144 509 372 583 alteriacerint,
396 508 553 586 bominem,
574 525 691 587 aprum,
713 529 819 570 ursum.
851 507 1031 587 probabilius
1050 505 1076 564 id
1093 504 1149 564 iacit

185 592 267 652 basta
283 590 410 650 velitaris
426 592 527 652 evolsa
543 595 658 670 corpori
675 592 812 668 bominis,
833 593 857 651 si
875 600 981 650 terram
994 605 1053 648 non
1068 589 1147 664 attiqe

185 675 230 735 rit.
257 673 376 734 eosdem
390 677 463 734 enim
479 675 565 736 inlata
579 675 700 736 effectus
718 675 815 736 babet.
850 676 894 734 sic
916 681 945 732 et
971 673 1089 748 sagittas
1101 687 1145 730 cor·

185 759 249 836 pori
264 753 398 834 eductas,
424 760 448 819 si
469 768 573 817 terram
588 776 644 818 non
659 761 821 836 attigerint,
836 757 985 816 subiectas
1004 754 1163 815 cubmtitnt

185 842 349 901 amatorium
364 861 430 901 esse
445 841 577 920 Orpbeus
593 851 622 901 et
637 841 799 902 Archelaus
814 840 958 915 scribunt,
983 839 1051 916 quin
1069 845 1096 895 et
1113 853 1148 895 co

184 925 298 984 mitialis
318 923 434 984 morbos
454 927 549 985 sanari
574 924 639 985 cibo
664 945 681 984 e
704 944 791 984 carne
817 924 898 983 ierac
927 923 1049 981 occisae
1069 919 1151 978 colen

183 1008 263 1067 ierro
280 1025 336 1086 quo
351 1007 436 1068 homo
451 1008 618 1068 interiectus
632 1010 677 1068 sit.
705 1007 885 1082 Quorundam
898 1014 1001 1085 partes
1014 1003 1151 1062 medicinae

164 1111 182 1151 v.
192 1111 217 1146 ιο
228 1101 302 1167 sunt,
318 1093 401 1150 sicuti
417 1091 536 1150 diximus
551 1092 587 1151 de
602 1092 703 1166 Pyrrhi
718 1093 798 1166 regis
813 1091 931 1169 pollice,
949 1097 981 1148 et
995 1087 1080 1147 Elide
1093 1086 1151 1146 sole

184 1173 233 1233 bat
245 1174 355 1233 ostendi
363 1174 481 1253 Pelopis
489 1191 533 1251 os,
546 1174 631 1234 ulnae
644 1175 705 1233 eius
713 1193 796 1253 quam
804 1173 958 1232 eburneam
972 1169 1171 1231 adfirmabantu

185 1256 302 1316 Naevos
317 1259 343 1316 iu
359 1257 435 1316 lacie
451 1257 571 1316 tondere
587 1258 755 1334 religiosum
770 1257 876 1316 babent
890 1258 978 1316 etiarn
994 1271 1069 1314 nuuc
1084 1251 1153 1312 multi.

143 1351 176 1406 35
251 1340 312 1417 (7.)
335 1339 463 1399 Omnium
481 1359 552 1400 vero
568 1343 595 1399 in
610 1343 708 1419 primis
723 1342 845 1400 ieiunam
862 1339 983 1400 salivam
1001 1347 1153 1398 contrascr-

165 1446 181 1484 τ,
194 1442 216 1476 ss
228 1425 320 1501 pentis
336 1424 480 1502 praesidio
496 1443 563 1483 esse
578 1423 742 1499 docuimus,
759 1424 811 1483 sed
827 1432 856 1482 et
872 1423 945 1482 alios
962 1421 1094 1482 efficacis
1109 1419 1154 1477 eius

185 1524 251 1565 usus
265 1516 460 1584 recognoscat
473 1509 539 1567 vita.
571 1506 734 1586 despuimus
748 1507 897 1566 comitialis
913 1505 1047 1580 morbos,
1061 1504 1113 1563 boc
1123 1508 1154 1559 cst

185 1591 317 1666 contagia
334 1592 504 1667 regerimus.
535 1590 618 1650 simili
633 1591 718 1650 modo
734 1599 763 1650 et
783 1589 992 1650 fascinationes
1015 1584 1172 1665 repercuti-u

184 1689 245 1732 mus
262 1672 438 1751 dextraeque
456 1674 615 1734 clauditatis
633 1691 792 1737 occursum.
814 1675 927 1732 veniam
942 1690 1064 1754 quoque
1079 1687 1094 1730 a
1108 1667 1154 1726 dcis

143 1758 253 1833 36spei
278 1755 395 1815 alieuius
416 1757 575 1817 audacioris
598 1759 719 1836 petinnus
739 1759 766 1816 in
786 1757 876 1816 sinum
897 1756 1044 1834 spuendo.
1073 1751 1155 1812 eaden

185 1840 296 1897 ratione
314 1848 394 1898 terna
412 1841 555 1918 despuere
572 1840 786 1918 praedicatione
810 1842 837 1898 in
860 1841 936 1898 omni
950 1838 1095 1898 medicina
1107 1849 1154 1892 mas

86 1955 94 1963 -
185 1931 244 1995 est,
272 1930 357 1999 atque
383 1924 421 1982 ita
444 1923 563 1983 effectus
579 1923 729 1999 adiuvare,
752 1923 914 2002 incipientis
935 1920 1155 1982 furunculoster

185 2004 369 2083 praesignare
384 2006 478 2065 ieiuna
496 2006 595 2065 saliva.
626 2007 724 2064 mirum
738 2005 873 2081 dicimus,
896 2004 947 2064 sed
970 2005 1176 2082 experimentato

184 2086 285 2146 iacile:
310 2087 334 2146 si
349 2106 433 2165 quem
447 2092 592 2166 paeniteat
606 2090 679 2148 ictus
698 2090 806 2148 eminus
825 2089 1024 2148 comminusve
1042 2085 1117 2145 inlati
1134 2089 1156 2140 ct

183 2171 277 2229 statim
293 2180 414 2248 exspuat
424 2174 453 2230 in
468 2171 715 2232 mediam'manum
732 2190 787 2251 qua
803 2172 956 2251 percussit,
974 2171 1091 2231 levatur
1102 2166 1155 2225 ilico

183 2255 211 2311 in
223 2263 368 2331 'percusso
386 2255 479 2332 culpa.
510 2255 567 2314 boc
590 2274 679 2335 saepe
693 2254 854 2315 delumbata
872 2253 1055 2333 quadripedo
1070 2251 1154 2329 adpro

143 2344 174 2400 at
184 2335 269 2396 batur
286 2339 380 2396 statim
395 2356 411 2398 a
428 2337 476 2398 tali
490 2338 619 2398 remedio
636 2341 769 2399 correcto
786 2339 914 2398 animalis
927 2341 1077 2414 ingressu.
1109 2332 1154 2410 qui·

183 2420 247 2479 dam
260 2437 330 2480 vero
347 2421 503 2498 adgravant
520 2424 675 2483 ictusante
689 2421 917 2481 conatum'simili
932 2421 1023 2480 modo
1039 2419 1123 2480 saliva
1134 2416 1172 2474 inu

183 2521 292 2563 manum
307 2505 428 2581 ingesta.
451 2505 599 2564 credamus
611 2523 683 2582 ergo
699 2514 728 2564 et
743 2505 871 2565 lichenas
882 2504 1044 2582 leprasque
1061 2503 1153 2562 ieiunae

183 2588 262 2647 inlitu
278 2587 395 2648 adsiduo
410 2589 517 2664 arceri,
539 2591 605 2648 item
619 2588 804 2668 lippitudines
819 2590 954 2648 matutina
970 2587 1079 2647 cotidie
1092 2581 1154 2642 velut

183 2671 356 2749 inunctione,
373 2673 562 2732 carcinomata
578 2673 653 2731 malo
669 2681 765 2731 terrae
779 2670 916 2750 subacto,
941 2672 1070 2731 cervicis
1090 2665 1152 2727 dolo

182 2772 231 2812 res
256 2755 345 2814 saliva
370 2757 456 2815 ieiuni
475 2755 575 2816 dextra
596 2773 680 2815 manu
694 2756 735 2815 -ad
756 2755 885 2814 dextrum
906 2755 1050 2833 poplitem
1070 2750 1153 2821 relata

182 2837 264 2895 laeva
283 2838 318 2897 ud
337 2840 488 2914 sinistrum,
504 2840 528 2898 si
544 2839 620 2916 quod
635 2839 737 2899 animal
748 2857 845 2898 aurern
854 2838 1005 2897 intraverit
1014 2845 1045 2897 et
1054 2835 1173 2912 inspic-³·

59 2915 68 2928 ‘
142 2929 175 2983 38
184 2927 237 2992 tur,
250 2920 340 2979 exire.
365 2924 439 2980 inter
450 2922 570 2982 amuleta
583 2930 627 2980 est
642 2921 736 2982 editae
752 2939 894 3000 quemque
907 2921 1008 2980 urinae
1020 2923 1152 2996 inspuere,

183 2999 312 3060 similiter
329 3004 357 3059 in
381 3004 597 3065 calciamentum
618 3004 711 3064 dextri
731 3004 814 3082 pedis
838 3005 1004 3083 priusquam
1027 3002 1152 3069 induatur,

182 3084 250 3142 item
265 3100 328 3140 cum
343 3087 406 3161 quis
420 3096 548 3148 transeat
562 3088 657 3146 locum
673 3091 701 3146 in
717 3105 773 3165 quc
789 3087 905 3164 aliquod
916 3086 1078 3166 periculum
1091 3080 1152 3142 adia

182 3167 228 3225 rlt.
260 3164 388 3225 Marcion
403 3169 592 3248 Zmyrnaeus,
615 3172 662 3249 qui
680 3171 716 3230 de
731 3170 908 3249 simplicibus
925 3169 1077 3230 effectibus
1095 3161 1149 3224 scri

182 3251 250 3326 psit,
264 3249 355 3326 rumpi
371 3251 579 3328 scolopendras
593 3255 714 3314 marinas
731 3262 815 3332 sputo
837 3252 937 3330 tradit,
961 3256 1028 3312 item
1049 3249 1172 3310 rubetastt

183 3331 309 3407 aliasque
321 3348 414 3405 ranas,
432 3331 542 3410 Opilius
557 3338 710 3415 serpentis,
726 3339 751 3396 si
768 3339 831 3415 quis
847 3338 874 3395 in
889 3336 994 3397 hiatum
1006 3351 1099 3395 earum
1111 3345 1149 3388 ex·

182 3419 278 3494 spuat,
295 3412 383 3488 Salpe
401 3421 548 3491 torporem
568 3419 662 3479 sedari
677 3437 859 3497 quocumque
871 3419 998 3478 membro
1021 3420 1148 3494 stupente,

182 3493 207 3550 si
222 3494 285 3568 quis
299 3496 327 3552 in
340 3494 430 3554 sinum
445 3509 565 3575 exspuat
580 3511 627 3612 arpt
644 3504 668 3562 si
690 3505 823 3582 superior
843 3503 983 3584 palpebra
998 3501 1085 3564 saliva
1099 3504 1147 3558 tau·
