2396 3922
39 266 44 275 .
153 239 214 304 tte
462 253 784 304 c.1²unrrsncorrn1

149 407 286 468 subvenit
314 407 459 484 agaricum
488 409 633 468 victoriati
663 409 794 488 pondere
823 407 919 466 tritam
945 413 975 466 et
1002 406 1121 466 mmulsi

82 543 85 552 ,
108 493 280 570 &quinque
296 489 406 566 cyathis
421 490 525 551 datum.
555 493 629 552 idem
646 501 675 551 et
690 507 820 550 amomon
835 490 915 549 facit.
942 489 1062 550 lociueri
1074 491 1121 567 pri-

151 577 238 634 vatim
253 575 375 635 Teucria
389 572 495 633 bibitur
508 591 613 634 recens
623 575 765 634 drachmis
779 573 833 632 llll
848 574 876 631 in
890 590 999 650 poscae
1014 573 1121 646 hemina,

155 657 326 718 vettonicae
342 656 479 716 drachma
500 676 555 718 uua
569 660 597 716 in
613 676 705 736 aquae
721 656 832 717 calidae
848 656 959 729 cyathis
974 654 1078 730 trihus,
1095 655 1124 714 ud
1176 667 1177 672 ’

153 741 250 800 cordis
264 741 332 800 vitia
354 742 383 798 in
398 740 521 816 trigidae
540 741 651 815 cyathis
675 739 796 801 duobus.
838 739 1028 817 Quinqueioli
1052 755 1159 802 sucnsu

151 825 290 884 iocineris
317 831 347 884 et
377 823 520 900 pulmonis
544 825 619 883 uitiis
642 825 869 901 sanguinemque
898 820 1082 881 reicientibus
1103 828 1127 879 et

152 907 322 986 cuicumque
335 907 481 986 sanguinis
496 907 565 966 uitio
578 908 653 966 intus
667 908 802 968 occurrit.
824 907 946 965 iocineri
961 903 1128 982 anagallides

150 991 222 1048 mire
239 997 368 1067 prosunt.
384 1006 496 1067 capnon
506 990 625 1050 herbam
634 993 682 1068 qui
694 990 783 1066 edere
795 989 882 1048 bilem
895 1006 948 1067 per
956 991 1063 1047 urinam
1075 985 1128 1045 red
1179 1007 1180 1014 ¹

152 1072 230 1147 dunt,
245 1090 355 1132 acoron
368 1072 489 1131 iocineri
501 1073 640 1150 medetur,
656 1074 769 1133 thoraci
778 1080 807 1131 et
817 1072 1000 1150 praecordiis
1014 1070 1128 1131 daucum.

109 1166 144 1221 36
218 1156 301 1234 (20.)
323 1154 460 1232 Ephedra
481 1155 517 1214 ab
535 1157 600 1216 aliis
614 1155 746 1216 anabasis
759 1163 863 1215 vocata
878 1157 1008 1216 nascitur
1022 1163 1154 1215 ventosus
1178 1180 1179 1183 ¹

151 1239 214 1298 lere
231 1247 322 1298 tractu
338 1238 479 1298 scandens
495 1239 628 1299 arborem
644 1249 673 1299 et
687 1257 726 1298 ex
743 1241 829 1298 rumis
842 1239 1050 1317 propendens,
1070 1236 1131 1297 lolio
1178 1256 1180 1261 ·

152 1321 247 1398 nullo,
271 1322 351 1381 cirris
365 1339 518 1382 numerosa
540 1324 587 1401 qui
602 1324 657 1382 sint
671 1323 747 1383 iunci
760 1321 936 1398 geniculati,
965 1321 1066 1381 radice
1082 1319 1132 1397 pal·

152 1405 217 1464 lida.
247 1405 330 1464 datur
349 1422 388 1465 ex
408 1406 476 1463 vino
496 1407 580 1482 nigro
596 1415 711 1464 austero
732 1406 798 1464 trita
814 1403 850 1464 ad
863 1407 982 1481 tussim,
1009 1404 1133 1482 suspiria,
1181 1417 1182 1420 ’

152 1488 272 1548 tormina
298 1495 329 1547 et
353 1486 512 1548 sorbitione
531 1489 608 1548 iacta
630 1490 658 1548 in
684 1505 767 1566 quam
787 1489 883 1546 vinum
903 1487 970 1548 addi
1000 1486 1133 1548 conuenit.

149 1574 217 1630 item
245 1573 379 1647 gentiana
404 1571 563 1631 madefacta
589 1571 682 1650 pridie
707 1571 828 1631 coutrita
852 1571 951 1630 denari
968 1569 1159 1656 ponderejut

150 1654 262 1728 cyathis
280 1655 338 1712 riui
353 1652 454 1714 tribum.

107 1747 141 1804 37
215 1736 298 1815 (21.)
319 1734 408 1796 ileum
423 1737 566 1797 radiculas
582 1738 677 1796 tenuis
696 1737 783 1796 habet
798 1739 912 1814 nigras,
933 1735 1014 1796 bene
1029 1735 1134 1795 olentis.

150 1821 281 1880 medetur
295 1837 352 1878 non
368 1819 453 1879 modo
469 1821 597 1900 pectoris
613 1819 762 1880 doloribus
777 1829 825 1880 ant
845 1819 944 1880 lateris
960 1819 1016 1880 sed
1034 1826 1064 1878 et
1082 1835 1136 1878 cru·
1185 1871 1187 1880 ε

150 1903 254 1964 ditatas
275 1902 391 1962 discutit
416 1904 540 1964 iucundo
567 1919 683 1980 sapore.
729 1903 892 1963 verbenaca
914 1921 989 1962 vero
1014 1901 1137 1963 omnibns

149 1985 311 2046 visceribus
326 1985 466 2063 medetur,
482 1986 638 2064 lateribus,
660 1985 858 2065 pulmonibus,
873 1986 1068 2062 iocineribus,
1083 1985 1137 2044 tho·

107 2071 227 2145 asrael,
252 2068 438 2146 peculiariter
454 2079 546 2130 autem
563 2070 743 2148 pulmonibus
764 2079 793 2130 et
810 2085 883 2148 quos
898 2068 934 2128 ab
956 2069 1001 2129 his
1020 2069 1137 2148 phthisis
1187 2137 1188 2140 Ἴ

149 2160 271 2229 temptet
302 2151 384 2210 radix
412 2151 521 2212 herbae
550 2155 727 2231 consiliginis
752 2169 836 2231 quam
869 2170 962 2231 nuper
995 2155 1138 2213 inventam
1183 2171 1187 2187 ¹

107 2257 138 2298 ss.
148 2255 174 2290 ss
192 2234 322 2295 diximus.
344 2251 424 2294 suum
436 2237 550 2315 quidem
559 2246 589 2297 et
604 2240 720 2316 pecoris
732 2237 822 2296 omnis
835 2237 990 2296 remedium
1000 2251 1138 2316 praesens

149 2328 195 2378 est
211 2319 373 2396 pulmonum
389 2319 459 2378 vitio
475 2320 522 2379 rel
538 2321 658 2380 traiecta
672 2328 777 2379 tantum
798 2321 827 2378 in
842 2319 979 2378 auricula.
1011 2319 1074 2379 bibi
1093 2318 1136 2376 de·
1186 2311 1188 2380 l

150 2403 199 2462 bet
224 2419 260 2461 ex
286 2419 360 2480 aqua
379 2401 537 2482 haberique
560 2405 595 2462 in·
609 2421 660 2463 ore
681 2402 798 2463 adsidue
819 2401 872 2462 snb
894 2403 1000 2478 lingua.
1044 2415 1163 2481 snper-a
1186 2397 1188 2400 ’

124 2543 132 2548 .
150 2487 233 2546 ficies
248 2487 310 2545 eius
330 2485 439 2546 herbae
461 2505 496 2546 an
516 2487 599 2546 sitin
623 2487 718 2565 aliquo
739 2505 790 2545 usu
813 2484 906 2544 adhuc
926 2487 1072 2545 incertum
1091 2491 1138 2543 est

150 2570 266 2630 renibus
279 2569 399 2649 prodest
414 2570 587 2648 plantaginis
599 2570 690 2644 cibus,
702 2569 873 2629 vettonicae
886 2577 981 2648 potus,
997 2569 1138 2647 agaricum

117 2672 142 2708 sa
154 2663 251 2733 potum
266 2663 296 2714 ut
313 2655 341 2712 in
354 2654 435 2712 tussi.

106 2747 141 2802 39
215 2737 300 2813 (22.)
321 2736 470 2815 l'ripolion
500 2738 528 2795 in
554 2735 700 2794 maritimis
720 2737 846 2794 nascitur
865 2736 943 2794 saxis
964 2733 1014 2793 ubi
1038 2731 1141 2794 adludit

149 2819 240 2893 unda,
262 2837 357 2895 aeque
379 2822 406 2878 iu
420 2807 489 2879 mari
505 2835 600 2897 neque
622 2818 766 2894 insieco,
786 2818 858 2878 lolio
880 2819 961 2878 isatis
983 2819 1165 2890 crassiorem

151 2900 241 2962 caula
254 2901 376 2978 palmum
393 2903 461 2979 alto,
480 2904 509 2961 in
523 2918 661 2961 mucrone
676 2901 780 2975 diviso,
796 2902 893 2962 radice
908 2899 989 2977 alba,
1013 2901 1139 2972 odorata,

150 3001 260 3058 crassa,
277 2983 361 3042 calidi
375 2996 485 3062 gustus.
516 2985 597 3045 datur
611 2984 754 3062 hepaticis
769 2986 797 3044 in
811 2985 888 3044 iarre
902 2984 1038 3045 decocta.
1071 2983 1140 3042 haec

19 3115 24 3134 ,
148 3066 239 3127 herba
254 3065 355 3125 cadem
365 3067 478 3128 videtur
492 3069 660 3148 quibusdam
670 3085 745 3146 quac
762 3067 868 3146 polium
880 3067 916 3126 de
931 3085 988 3146 qua
1004 3083 1057 3128 suo
1074 3067 1139 3126 loco

105 3147 190 3235 353⁴„
203 3150 332 3209 diximus.

21 3267 33 3294 ο
80 3243 86 3252 “
213 3233 299 3312 (23.)
321 3229 532 3312 Grornphaena,
549 3235 666 3294 alternis
681 3233 821 3294 viridibus
836 3234 991 3311 roseisque
1009 3251 1063 3312 per
1077 3239 1167 3292 cantt

102 3327 142 3381 40
153 3319 208 3376 lem
217 3317 296 3376 loliis
306 3317 432 3394 iuposca
446 3319 614 3392 sauguinem
626 3317 812 3377 reicientibus
822 3316 962 3377 medetur.
980 3316 1063 3394 (24.)
1072 3315 1140 3374 ioci-

150 3401 212 3458 neri
228 3409 322 3458 autem
337 3397 428 3457 herba
449 3399 641 3475 malundrum,
664 3417 788 3460 nascens
807 3401 836 3459 iu
859 3407 962 3476 segete
984 3417 1020 3458 ac
1043 3399 1140 3476 pratis,

150 3482 223 3542 hore
238 3481 306 3541 albo
324 3479 453 3540 odorata.
477 3481 539 3539 eius
556 3483 714 3542 cauliculus
732 3484 890 3544 conteritur
900 3500 938 3542 ex
951 3483 1019 3542 aino
1031 3490 1139 3540 uetere
