2406 3914
242 245 324 292 aar.
343 245 435 293 mrsu.
449 247 523 293 xxc.
540 244 659 298 uis-34.
678 235 866 313 (roa-109.)
992 237 1055 300 265

69 415 97 458 eo
107 398 177 476 quod
189 399 328 478 cuspides
339 402 367 460 iu
379 399 500 479 proeliis
512 401 710 478 tinguerentur
722 401 774 462 illo
786 403 893 481 passim
905 414 1054 466 nascente.

69 485 105 561 qui
129 484 257 562 opertiue
291 484 504 545 insectabantur
530 487 661 546 manicon
692 488 895 562 nominavere,
929 489 979 567 qui
1006 506 1055 548 ne·

68 569 144 646 quiter
159 567 346 629 occultabant
361 569 499 645 erythron
514 578 561 628 aut
577 569 704 632 neurada
717 580 781 647 aut,
799 581 828 632 ut
843 571 988 648 nonnulli,
1004 590 1054 652 pe·

65 651 161 726 nescu,
186 669 225 711 ne
247 653 368 714 cavendi
392 653 506 733 quidem
528 671 615 714 causa
633 655 775 716 curiosius
796 655 958 716 dicendum.
987 658 1054 736 quin

46 745 89 798 aet
114 736 231 796 alterum
261 755 355 813 genus
383 737 460 816 quod
491 737 681 798 halicacabon
708 747 814 798 vocant
843 740 1102 818 soporiferumldo

65 828 101 880 eat
119 829 203 899 atque
228 822 315 881 etiam
338 824 407 900 opio
428 821 561 882 velocius
582 822 618 882 ad
638 831 776 899 mortem,
798 822 834 882 ab
849 824 912 884 aliis
930 827 1054 900 morion,

64 903 161 964 abaliis
174 905 255 980 moly
268 906 461 986 appellatum,
477 906 622 967 laudatum
635 925 706 968 vero
721 926 738 969 a
749 907 855 967 Diocle
868 916 897 968 et
905 906 1054 983 Euenore,

64 987 201 1050 Timaristo
224 990 341 1068 quidem
362 992 446 1050 etiam
468 991 610 1066 carmine,
646 992 717 1051 mira
745 991 894 1051 oblivione
917 993 1054 1052 innocen·

62 1075 123 1148 tiae,
153 1074 266 1153 quippe
288 1084 528 1154 praesentaneum
551 1075 709 1136 remedium
732 1075 915 1136 addentium
940 1074 1055 1137 mobilis

38 1157 221 1233 airmandus,
250 1159 275 1219 si
302 1159 506 1225 conluerentur
533 1158 703 1220 halicacabo
728 1161 757 1218 iu
783 1161 861 1218 vino.
903 1161 1054 1238 exceptio-

61 1259 112 1302 nem
132 1242 289 1320 addidere,
311 1261 348 1303 ne
371 1244 474 1304 diutius
491 1243 519 1304 id
540 1243 639 1320 lieret,
662 1243 862 1304 delirationem
881 1245 955 1304 enim
973 1244 1055 1322 gigni

61 1344 97 1386 cc.
134 1327 359 1388 demonstranda
383 1329 510 1388 remedia
535 1345 655 1406 quorum
680 1327 822 1387 medicina
845 1329 962 1388 maioris
987 1327 1055 1387 mali

61 1411 207 1490 periculum
217 1411 339 1472 adierat.
360 1411 575 1474 commendatur
591 1428 663 1490 ergo
680 1412 708 1470 in
721 1410 793 1470 cibis
804 1413 918 1471 tertium
928 1430 1031 1490 genus.
1046 1421 1095 1474 181

60 1496 117 1554 licet
132 1504 229 1555 autem
247 1496 432 1575 praeferatur
454 1496 610 1556 hortensiis
626 1496 789 1574 saporibus.
821 1504 849 1554 et
871 1496 910 1556 nil
930 1497 968 1555 sit
986 1512 1055 1556 cor-

36 1581 128 1658 cporis
142 1579 287 1654 malorum
302 1581 348 1640 cui
363 1597 421 1640 non
436 1580 569 1640 salutaris
585 1579 724 1655 trychnos
738 1577 923 1639 Xenocrates
940 1579 1055 1657 praedi·

59 1673 106 1740 cet,
119 1680 176 1722 non
190 1673 287 1723 tamen
300 1665 406 1725 auxilia
419 1681 519 1723 eorum
532 1665 602 1724 tanti
620 1672 684 1724 sunt
697 1671 727 1722 ut
741 1663 809 1723 ideo
822 1663 937 1724 laesura
949 1680 1003 1722 nos
1018 1662 1055 1722 de

58 1749 322 1808 iiscommemorare
334 1748 378 1808 ias
391 1757 499 1825 putem,
508 1747 680 1825 praesertim
693 1746 725 1806 ic
737 1755 814 1806 tanta
827 1747 911 1824 copia
923 1748 1055 1807 innoxio·

5 1877 6 1880 ,
58 1832 350 1893 rummedicaminum.
381 1830 549 1893 Halioacabi
563 1833 692 1892 radicem
707 1829 807 1890 hibunt
824 1832 871 1909 qui
886 1831 1034 1890 vaticinari
1047 1839 1100 1893 182

59 1916 248 1996 tollentesque
267 1933 337 1976 rere
358 1918 394 1976 ad
415 1913 625 1977 confirmandas
646 1915 868 1993 superstitiones
887 1914 998 1995 adspici
1021 1932 1055 1973 ce

1 2062 4 2065 ,
32 1999 153 2060 nroluut.
169 2001 302 2060 remedio
321 2009 382 2078 est,
398 2034 440 2046 -
457 1999 485 2059 id
501 1999 576 2059 enim
589 1998 724 2058 libentius
743 1998 891 2058 retulerim
906 2033 964 2076 -,
981 2016 1055 2077 aqua

6 2106 11 2115 ·
58 2085 166 2162 copiosa
183 2085 278 2144 mulsa
294 2084 387 2144 calida
404 2093 484 2162 potu.
500 2101 556 2160 nec
573 2083 644 2143 illud
659 2081 843 2161 praeteribo,
860 2082 992 2161 aspidum
1007 2100 1056 2142 na·
1116 2135 1119 2144 ,

5 2196 11 2207 ·
58 2177 127 2228 turae
141 2167 342 2228 halicacabum
356 2169 384 2226 iu
401 2177 507 2228 tanturn
526 2167 677 2228 adversam
692 2175 724 2225 ut
739 2166 839 2227 radice
857 2168 919 2226 eius
935 2167 1057 2245 propius
1075 2166 1078 2172 '

59 2250 161 2311 admota
176 2260 335 2330 soporetur
351 2252 402 2312 illa
421 2268 530 2330 sopore
547 2268 674 2310 enecans
689 2251 733 2310 ris
754 2267 863 2310 earum.
894 2268 967 2328 ergo
991 2252 1058 2310 trita*

60 2353 91 2394 en
107 2335 173 2396 oleo
189 2336 341 2414 percussis
356 2335 519 2396 auxiliatur.

31 2421 52 2462 ²⁶
110 2418 158 2482 32,
181 2419 290 2498 (106.)
314 2416 495 2480 corchorum
508 2417 700 2478 Alexandrini
716 2417 772 2477 cibi
794 2416 885 2477 herba
902 2426 947 2477 est
970 2425 1101 2480 con-183
1151 2484 1153 2488 ,

56 2503 153 2564 rolutis
182 2503 264 2565 foliis
292 2503 329 2564 ad
357 2502 571 2563 similitudinem
599 2503 688 2578 mori,
723 2500 921 2580 praecordiis,
948 2500 1059 2576 ierunt,

56 2587 123 2647 utilis
139 2587 343 2666 alopeciisque
359 2595 388 2647 et
403 2587 545 2664 lentigini.
572 2585 659 2645 boum
675 2601 793 2664 quoque
810 2583 938 2644 scabiem
961 2583 1058 2644 celer·

56 2671 118 2730 rime
137 2673 235 2732 sanari
257 2689 293 2732 ea
315 2672 448 2748 invenio,
471 2670 547 2751 apud
570 2668 743 2731 Nicandrum
758 2667 875 2746 quidem
892 2676 921 2727 et
934 2685 1057 2746 serpeu-

56 2755 116 2814 tium
128 2774 259 2831 morsus,
277 2765 430 2834 autequam
445 2754 541 2815 lloret.

30 2833 51 2878 ³⁰
111 2841 215 2919 (107.)
237 2837 303 2900 Nec
319 2839 357 2899 de
372 2856 465 2900 cneco
481 2840 546 2898 sive
561 2837 733 2913 atractylide
750 2834 903 2896 verbosius
919 2836 974 2896 dici
988 2845 1101 2915 par184

58 2932 141 3000 esset,
157 2924 308 3002 Aegyptia
325 2924 435 2998 herba,
458 2924 486 2981 ui
501 2939 633 3000 maguum
651 2931 751 2982 contra
767 2928 909 2980 venenata
925 2920 1059 2980 animalia

1 3057 2 3066 ,
58 3007 201 3084 praeberet
213 3007 367 3083 auxilium,
384 3009 451 3069 item
463 3006 605 3068 adversus
617 3005 732 3084 iunges.
746 3012 887 3066 coactata
901 3007 1060 3083 scorpione
1071 3007 1079 3020 '

58 3107 222 3168 percussos,
239 3091 376 3171 quamdiu
393 3099 512 3152 teneant
527 3107 591 3152 eam
605 3089 742 3164 herbam,
767 3104 824 3146 non
840 3089 948 3149 sentire
965 3090 1059 3148 cruci·

58 3183 131 3236 alum.

28 3263 50 3306 ³⁵
112 3259 159 3322 33.
182 3260 293 3339 (108.)
314 3258 352 3320 Et
367 3258 530 3337 pesolutam
546 3258 700 3335 Aegyptus
716 3257 745 3316 in
758 3255 851 3316 hortis
866 3257 956 3330 serit,
971 3271 1057 3314 coro·

57 3360 141 3404 narum
156 3345 263 3423 gratia.
296 3344 353 3404 duo
364 3360 475 3421 genera
491 3343 569 3402 eius:
585 3342 691 3401 iemiua
706 3357 741 3400 ac
753 3357 831 3417 mas,
851 3348 974 3417 utraque
990 3336 1057 3397 sub·

1 3485 2 3488 ,
58 3425 105 3486 ditu
117 3445 257 3490 venerem
273 3426 413 3501 inhiberi,
429 3427 556 3486 virorum
572 3443 721 3502 maxume,
739 3423 862 3484 tradunt.

1 3505 2 3522 *
108 3513 154 3574 34.
178 3511 287 3591 (1092)
313 3511 350 3572 Et
366 3511 499 3589 quoniam
516 3511 545 3570 in
558 3509 700 3570 mensuris
718 3523 834 3587 quoque
851 3524 886 3568 ac
901 3507 1037 3588 ponderi
1050 3514 1101 3570 18⁵
