2504 3930
187 277 249 340 262
532 289 562 338 c.
581 293 676 339 sunu
690 291 840 339 sscrrnur

187 446 267 519 sius,
293 452 324 501 ut
344 444 472 520 protinus
492 454 627 504 noscatur
648 447 733 504 etiam
756 445 973 503 ministeriorum
993 439 1118 500 haustus
1141 457 1181 500 ex

186 527 236 588 illa
251 528 399 585 maiestate
414 526 521 602 ingeni.
557 543 661 604 ponem
680 530 753 588 enim
768 530 861 605 ipsum
878 541 1008 600 carmen,
1032 525 1074 582 uti
1090 532 1177 603 queat
1248 565 1249 572 ι

187 610 226 669 ίΙιί
246 618 353 670 tantum
366 623 423 666 nou
437 609 513 685 legi:

158 717 176 770 8
290 704 353 776 Quo
368 713 425 780 tua,
439 704 585 765 Romanae
600 705 705 764 vindex
721 706 877 764 clarissime
890 703 1014 778 linguae,

338 787 410 846 silva
426 787 492 847 loco
507 788 609 847 melius
624 805 744 864 surgere
757 789 834 846 iussa
849 789 924 844 viret
1189 811 1200 851 s

295 879 381 948 atque
396 869 569 930 Academiae
588 871 761 930 celebratam
776 871 890 929 nomine
905 867 1002 928 villam

336 971 410 1012 nuuc
424 962 539 1032 reparat
554 953 630 1012 cultu
645 953 698 1012 sub
715 954 829 1030 potiore
845 953 952 1026 Vetus,

295 1037 352 1095 hoc
364 1038 448 1095 etiam
462 1036 600 1112 adparent
614 1036 747 1113 lymphae
762 1052 820 1094 non
834 1044 900 1094 aute
913 1041 1049 1113 repertae

335 1118 468 1194 languida
484 1135 559 1196 quae
573 1119 667 1178 inluso
683 1120 786 1178 lumina
803 1135 871 1178 rore
886 1118 993 1177 lerant.

306 1202 434 1260 nimirum
450 1200 531 1261 locus
548 1203 612 1279 ipse
627 1205 670 1260 sni
686 1201 836 1260 Ciceronis
850 1201 953 1260 honori
1076 1227 1078 1231 ·
1192 1222 1214 1263 ιι

335 1284 391 1343 hoc
407 1283 494 1359 dedit,
510 1283 565 1344 hac
579 1285 666 1345 fontis
685 1302 747 1343 curn
763 1285 902 1363 patefecit
917 1301 986 1362 ope,

294 1375 335 1443 ut,
353 1369 486 1444 quoniam
500 1376 589 1426 toturn
604 1368 709 1444 legitur
723 1369 784 1425 sine
799 1369 855 1426 line
870 1385 924 1446 per
942 1366 1053 1440 orbern,

336 1451 391 1508 sint
405 1450 504 1529 plures
521 1452 613 1510 oculis
628 1469 702 1528 quae
715 1450 880 1509 medeantur
894 1467 996 1528 aquae.

243 1546 304 1625 (4.)
325 1545 357 1604 ln
372 1544 471 1605 eadem
482 1545 654 1624 Campaniae
669 1549 789 1623 regione
801 1547 992 1606 Sinuessanae
1007 1561 1102 1622 aquae
1119 1551 1180 1601 ste·

185 1629 320 1687 rilitatem
339 1628 505 1688 feminarum
521 1639 549 1690 et
570 1632 696 1689 virorum
710 1631 845 1688 insaniam
862 1629 982 1688 abolere
1003 1625 1178 1706 produntur,
1190 1651 1214 1692 15

158 1721 175 1776 9
187 1711 247 1789 (5.)
264 1711 292 1769 in
304 1712 429 1772 Aenaria
444 1713 535 1772 insula
548 1714 702 1773 calculosis
716 1711 834 1788 mederi,
851 1721 879 1772 et
891 1729 965 1790 quae
976 1709 1180 1769 vocaturAci·

185 1794 251 1854 dula
272 1793 308 1854 ab
325 1795 423 1853 Teano
444 1795 571 1855 Sidicino
589 1806 721 1874 quattuor
742 1794 855 1854 milibus
872 1813 1020 1873 passuum,
1041 1791 1180 1850 -baec

185 1877 299 1954 frigida,
311 1910 353 1922 —
364 1879 431 1936 item
442 1879 470 1936 in
482 1879 618 1938 Stabiano
631 1897 705 1957 quae
716 1878 835 1938 Dimidia
847 1887 975 1953 vocatur,
995 1886 1024 1935 et
1038 1878 1068 1934 in
1078 1877 1178 1934 Vena·

184 1960 266 2020 irano
284 1978 321 2019 cx
335 1961 415 2020 fonte
431 1960 565 2021 Acidulo.
592 1962 666 2020 rilem
682 1963 822 2038 contingit
835 1963 863 2020 iu
876 1960 980 2022 Velino
994 1959 1060 2019 lacu
1073 1967 1179 2037 potan-

185 2042 278 2115 tibus,
299 2045 364 2100 itera
381 2044 408 2100 in
424 2045 524 2117 Syriae
538 2045 617 2102 ionte
637 2048 713 2104 iuxta
729 2044 851 2102 'laurum
866 2054 991 2103 montem
1012 2051 1115 2102 auctor
1131 2049 1214 2098 estro
1246 2075 1247 2078 =

186 2125 224 2183 it.
241 2123 333 2183 Varro
353 2133 382 2183 et
401 2127 429 2183 in
444 2125 586 2202 Phrygiae
601 2127 684 2186 Gallo
699 2127 813 2185 flumine
831 2125 1030 2187 Callimachus.
1061 2123 1116 2183 sed
1137 2123 1180 2182 ibi

184 2209 213 2265 iu
228 2207 352 2283 potando
368 2210 551 2267 necessarius
565 2209 682 2284 modus,
704 2227 742 2268 ue
761 2210 923 2288 lymphatos
943 2218 1028 2286 agat,
1049 2205 1181 2286 quadiu

184 2287 338 2366 Aethiopia
359 2290 492 2349 accidere
512 2290 556 2349 his
580 2293 627 2369 qui
654 2292 769 2351 eionte
790 2293 888 2353 Rubro
910 2292 1034 2351 biberint
1058 2289 1180 2350 Ctesias

185 2371 293 2430 scribit.

143 2478 178 2530 10
237 2468 300 2546 (6.)
320 2467 401 2528 quta
427 2468 545 2529 llornam
565 2470 687 2530 Albulae
717 2489 806 2549 aquae
829 2471 995 2530 volneribus
1023 2470 1212 2532 medenturas

184 2551 330 2627 egelidae,
347 2552 399 2610 sed
416 2553 536 2612 Cutiliae
552 2555 580 2612 iu
595 2555 707 2613 Sabinis
729 2554 923 2630 gelidissimae
944 2561 1026 2612 suctu
1048 2555 1179 2632 quodam

185 2651 310 2712 corpora
325 2635 466 2712 invadunt,
483 2646 511 2695 ut
527 2654 620 2715 prope
634 2655 747 2696 morsus
763 2637 853 2696 videri
877 2639 982 2714 possit,
1006 2637 1178 2714 aptissimae
1246 2641 1247 2646 ’

185 2717 343 2792 stomacho,
360 2720 467 2794 nervis,
486 2721 620 2779 universo
637 2721 763 2798 corpori.

240 2814 301 2893 (7.)
324 2815 510 2893 Thespiarum
526 2818 590 2875 lons
608 2826 766 2895 conceptus
781 2815 945 2877 mulieribus
957 2825 1176 2893 repraesentat,

183 2897 251 2954 item
267 2899 294 2955 in
307 2898 431 2958 Arcadia
447 2899 550 2959 llumen
566 2901 687 2959 Elatum.
718 2902 840 2958 custodit
861 2907 952 2956 autern
972 2899 1062 2956 letum
1083 2899 1210 2960 Linusao

183 2978 248 3037 lons
272 2981 300 3038 in
322 2982 422 3040 eadem
443 2983 565 3041 Arcadia
587 2983 761 3059 abortusque
784 2985 844 3042 fieri
866 2982 1058 3059 conpatitur.
1098 2984 1175 3041 edi·

183 3061 482 3202 1ιυιιιῖιιιίιιΡγιιιιιειι
504 3066 607 3124 llumen
629 3065 705 3142 quod
719 3065 921 3144 Aphrodisium
943 3073 1065 3124 vocatur
1088 3067 1174 3124 steri-

195 3161 218 3201 ιε
249 3153 313 3202 acrt.

142 3247 175 3298 ll
239 3237 301 3316 (8.)
323 3236 399 3297 Lacu
420 3240 528 3317 Alphio
550 3244 705 3319 vitiligines
727 3244 789 3302 tolli
802 3244 895 3303 Varro
915 3252 1015 3302 auctor
1038 3254 1102 3320 est,
1127 3245 1172 3306 Ti·

182 3320 307 3396 tiumque
332 3331 463 3398 praetura
483 3324 608 3384 iunctum
636 3329 786 3387 marmorei
809 3327 882 3402 signi
903 3327 1007 3384 faciem
1032 3326 1206 3388 habuisseaa

184 3412 305 3478 propter
321 3404 349 3463 id
365 3407 470 3464 vitium.
501 3405 615 3480 Cydnus
633 3408 751 3469 Ciliciae
775 3413 861 3468 amnis
883 3408 1050 3487 podagricis
1072 3410 1171 3471 mede·

182 3487 238 3556 tur,
250 3485 323 3556 sicut
334 3485 453 3565 adparet
467 3490 495 3545 in
511 3491 632 3568 epistula
642 3490 722 3554 Cassi
736 3491 894 3551 Parmensis
908 3491 944 3551 ad
956 3491 1170 3554 H-Autoniuru.
