2458 3906
149 231 207 294 190
506 239 537 288 c.
553 239 815 288 rnrursucuunr

104 419 139 474 13
210 402 241 464 3:
258 401 321 482 (7.)
345 397 502 459 cucurbita
518 414 634 475 quoque
649 396 792 457 silvestris
811 397 969 474 invenitur,
991 387 1165 478 copphga

147 485 268 548 Graecis
283 483 447 564 appellata,
470 482 577 558 inanis,
599 482 675 541 unde
697 489 728 541 et
743 497 865 557 nomeu,
887 481 998 560 digitali
1016 484 1162 544 crassitu-

147 571 230 648 dine,
245 586 303 630 non
314 569 368 628 nisi
379 569 408 627 in
419 567 534 628 saxosis
543 583 679 626 nascens.
708 565 791 625 huius
805 566 1053 628 conmanducatae
1065 586 1161 628 sucus

147 654 298 715 stomacho
315 651 467 714 admodum
483 651 614 731 prodest.

105 752 138 806 14
207 737 271 820 (8.)
302 735 491 812 Golocynthis
518 743 641 794 vocatur
661 734 736 810 alia,
760 737 824 813 ipsa
847 733 951 813 plena,
980 734 1034 795 sed
1061 736 1184 797 minora

147 842 232 903 quam
248 823 350 884 sativa.
381 821 478 881 utilior
492 819 599 899 pallida
614 836 697 896 quam
711 818 867 880 herbacea.
902 818 1032 880 arefacta
1049 837 1107 899 per
1123 839 1161 881 se

146 909 234 968 inanit
256 906 362 968 alvom.
394 906 487 965 infusa
507 921 624 984 quoque
644 903 821 978 clysteribus
841 903 1042 965 intestinorum
1062 905 1160 965 omni·
1208 913 1215 918 “

147 992 201 1053 bus
216 993 293 1051 vitiis
307 989 438 1050 medetur
455 997 483 1049 et
501 990 610 1049 renium
624 997 653 1047 et
667 986 828 1048 lumborum
844 997 873 1048 et
885 987 1023 1067 paralysi.
1054 989 1159 1050 eiecto

147 1077 257 1138 semine
275 1088 350 1155 aqua
370 1074 462 1135 mulsa
484 1074 512 1132 in
532 1090 570 1135 eo
592 1073 765 1151 decoquitur
786 1073 823 1134 ad
841 1072 989 1149 dimidias,
1012 1073 1056 1133 sic
1071 1075 1158 1134 tutis·

105 1175 137 1228 15
147 1163 219 1222 simo
239 1160 423 1220 infunduntur
440 1157 522 1218 oboli
543 1166 687 1236 quattuor.
719 1158 843 1237 prodeat
858 1166 888 1218 et
908 1157 1063 1218 stomacho
1086 1158 1194 1219 fari-1⁰

147 1263 202 1305 nac
223 1245 321 1306 aridae
338 1242 436 1323 pilulis
453 1260 517 1303 cum
534 1242 659 1302 decocto
675 1242 763 1302 melle
780 1243 912 1321 sumptis.
941 1243 970 1302 in
986 1241 1091 1303 morbo
1106 1262 1157 1304 re·

145 1331 195 1408 gio
212 1329 320 1389 semina
336 1329 399 1387 eius
412 1340 463 1388 vn
476 1336 624 1387 sumuntur
640 1335 669 1386 et
685 1328 816 1405 protinus
827 1344 902 1405 aqua
915 1326 1018 1387 mulsa.
1047 1345 1158 1388 carnes

147 1415 210 1475 eius
233 1429 297 1474 cum
318 1411 461 1472 absinthio
483 1420 512 1471 et
536 1411 597 1472 sale
620 1411 746 1472 dentium
767 1411 898 1472 dolorem
918 1411 1039 1489 tollunt,
1064 1429 1157 1473 sucus

144 1515 217 1559 vero
235 1515 299 1558 cum
311 1507 396 1557 aceto
409 1495 570 1557 calefactus
586 1495 702 1557 mobilis
716 1497 799 1556 sistit.
830 1497 899 1556 item
917 1498 1018 1575 spinae
1034 1506 1064 1557 at
1080 1497 1155 1557 lum·

145 1583 247 1644 borum
263 1601 298 1643 ac
314 1581 504 1642 coxendicum
520 1580 655 1656 dolores,
672 1598 735 1641 cum
753 1581 822 1641 oleo
837 1580 861 1640 si
876 1580 1036 1642 infricatur.
1066 1599 1184 1661 prae-ro

146 1676 246 1742 terea,
264 1667 363 1727 mirum
381 1666 474 1741 dictu,
491 1667 600 1725 semina
617 1665 680 1724 eius
693 1667 719 1724 si
735 1665 841 1725 fuerint
856 1667 919 1745 pari
935 1683 1055 1727 numero
1072 1666 1156 1728 udal·

105 1763 138 1818 16
146 1753 236 1829 ligata
247 1752 282 1793 **
294 1749 426 1811 febribus
437 1749 570 1810 dicuntur
581 1766 654 1828 quas
666 1747 771 1810 Graeci
782 1750 948 1829 periodicas
962 1759 1081 1811 vocant.
1100 1751 1156 1812 Sa·

146 1837 224 1898 tivae
242 1852 359 1914 quoque
380 1851 465 1895 rasae
484 1851 571 1894 sucus
591 1833 756 1914 tepefactus
775 1833 891 1894 auribus
905 1834 1056 1911 medetur,
1081 1853 1155 1896 caro

146 1921 209 1980 eius
232 1921 354 1980 interior
376 1920 438 1979 siue
461 1919 571 1980 semine
593 1918 683 1978 clavis
708 1919 814 1997 pedum
838 1928 870 1978 et
894 1918 1156 1998 suppurationibus

146 2021 221 2083 quae
243 2001 347 2064 Graeci
367 2011 474 2062 vocant
497 1992 722 2083 ἀποστήματα.
752 2003 896 2064 decoctae
918 2013 1014 2064 autem
1036 2007 1191 2065 unirer-sc

144 2105 196 2148 sac
219 2085 306 2147 sucus
328 2085 454 2148 dentium
472 2096 567 2148 motus
588 2086 697 2148 stabilit
717 2096 748 2147 et
767 2087 887 2148 dolores
906 2089 1032 2165 inhibet,
1053 2089 1156 2150 vinum

145 2189 209 2231 cum
226 2189 262 2233 ea
276 2172 468 2232 fervefactum
483 2171 634 2233 oculorum
652 2173 737 2232 etiam
752 2172 887 2252 impetus.
916 2173 987 2236 folia
1006 2174 1070 2235 cius
1086 2191 1155 2234 cunr

142 2256 313 2316 recentibus
336 2258 470 2336 cupressi
490 2266 629 2317 contunsa
652 2265 682 2316 et
701 2257 843 2336 inposita,
860 2259 924 2336 ipsa
939 2276 1056 2338 quoque
1072 2268 1154 2319 tosta

103 2349 134 2406 17
143 2341 172 2400 in
185 2341 290 2419 argilla
305 2359 340 2402 ac
357 2343 424 2401 trita
439 2358 503 2401 cum
518 2340 604 2420 adipe
617 2341 729 2402 anseris
740 2340 910 2402 volueribus
924 2342 1067 2404 medetur.
1094 2344 1155 2403 nec

143 2442 202 2486 non
216 2426 353 2486 ramentis
371 2426 489 2486 corticis
503 2443 610 2486 recens
625 2425 771 2503 podagras
786 2426 958 2504 refrigerat,
981 2434 1011 2488 et
1026 2428 1154 2488 ardores
1164 2449 1189 2490 aa

144 2511 266 2590 capitis,
289 2511 436 2571 infantium
456 2527 606 2587 maxume,
630 2519 660 2570 et
676 2510 751 2588 ignis
773 2527 875 2570 sacros
890 2510 939 2571 vel
954 2511 1046 2571 isdem
1061 2512 1153 2590 strig-

142 2596 246 2655 mentis
267 2596 400 2674 inpositis
423 2593 473 2655 rel
493 2595 660 2656 seminibus.
697 2612 784 2655 sucus
805 2612 843 2654 ax
858 2597 1035 2672 strigmentis
1048 2594 1153 2656 inlitus

144 2698 208 2740 oum
223 2696 349 2740 rosaceo
365 2689 394 2740 et
405 2689 490 2740 aceto
503 2678 625 2740 febrium
637 2679 759 2740 ardores
773 2678 939 2757 refrigerat.
966 2680 1065 2740 aridae
1078 2680 1154 2740 cinis

141 2765 284 2843 inpositus
307 2765 379 2824 mire
398 2762 548 2824 combusta
565 2773 656 2824 sanat.
688 2761 869 2846 Chrysippus
886 2764 1017 2825 medicos
1034 2765 1153 2825 damna·

141 2848 191 2908 bat
213 2865 264 2908 eas
279 2849 308 2908 in
328 2848 418 2925 cibis,
441 2848 494 2909 sed
510 2849 634 2908 omniunr
649 2864 795 2908 consensu
810 2849 962 2910 stomacho
979 2849 1188 2913 utilissimaeto

141 2930 302 2992 iudicantur
316 2941 346 2993 et
362 2933 575 2994 interaneorum
590 2934 811 3012 vesicarumque
828 2933 1109 2995 exulcerationibus.

100 3027 134 3082 18
207 3017 271 3096 (9.)
297 3014 352 3077 Est
375 3027 404 3078 et
423 3035 495 3096 rapo
514 3019 559 3077 ris
578 3018 700 3078 medica.
730 3019 888 3097 perniones
904 3017 1024 3080 ferrens
1038 3019 1153 3098 inposi-

141 3111 199 3161 tum
221 3110 319 3177 sanat,
345 3103 413 3163 item
435 3102 527 3180 frigus
544 3102 629 3180 pellit
649 3121 666 3162 e
687 3101 823 3182 pedibus.
854 3120 929 3182 aqua
950 3103 1069 3164 decocti
1086 3104 1153 3164 eius

142 3187 260 3246 fervens
276 3186 415 3265 podagris
436 3188 521 3247 etiam
541 3187 654 3265 frigidis
673 3186 820 3265 medetur,
841 3197 872 3248 et
893 3188 1011 3249 crudum
1033 3197 1152 3249 tunsum

142 3287 206 3330 cum
227 3270 306 3346 sale,
331 3273 502 3350 cuicumque
524 3271 594 3332 vitio
615 3271 731 3350 pedum.
761 3290 862 3334 semen
877 3273 987 3333 inlitum
1003 3282 1033 3334 et
1047 3281 1183 3353 potnmaa

141 3355 169 3414 iu
189 3355 256 3415 vino
279 3366 378 3416 contra
399 3357 545 3433 serpentis
566 3366 595 3417 et
617 3358 713 3418 toxica
731 3357 859 3418 salutare
881 3375 949 3418 esse
964 3357 1116 3436 proditur,
1133 3375 1152 3417 a

99 3448 133 3503 19
141 3439 236 3500 multis
251 3456 323 3500 vero
339 3439 457 3500 antidoti
487 3440 544 3500 rim
559 3440 670 3502 habere
685 3442 713 3500 in
727 3442 793 3501 rino
810 3451 840 3502 et
857 3443 934 3502 oleo.
960 3441 1150 3503 Democritus

140 3524 168 3582 in
191 3533 281 3584 totum
304 3542 338 3586 ea
361 3524 507 3586 abdicavit
527 3526 556 3584 in
576 3524 650 3586 cibis
673 3536 795 3606 propter
817 3525 998 3607 inflationes,
1023 3526 1151 3587 Diocles
1224 3597 1225 3600 Ἴ
