2508 3924
193 241 254 303 204
542 253 846 304 consummemur

192 409 255 468 ilari
270 407 337 468 dinit
351 407 509 484 Osthanes,
532 407 607 468 idem
627 409 732 468 amoris
753 415 824 488 potu
846 405 918 468 bimi
934 411 1031 469 urinae
1051 409 1161 470 admixto
1212 425 1216 436 ·

194 501 316 570 propter
330 491 475 552 fastidium
491 491 592 552 nardo.

150 581 202 640 ant
267 571 351 656 (78.)
373 574 531 636 lniantibus
543 575 613 634 nihil
623 574 727 650 butyro
739 574 835 634 utilius
845 591 900 653 per
914 591 947 633 se
960 583 989 634 et
1003 592 1063 634 oum
1077 574 1159 648 melle,

192 658 321 738 privatim
335 667 363 717 et
374 660 402 717 iu
414 659 569 720 dentitione
583 667 612 718 et
624 659 660 718 ad
672 660 806 735 gingivas
817 667 846 717 et
857 659 891 718 ad
904 660 964 718 oris
975 659 1081 719 nloera.
1095 657 1160 716 Dens

191 743 252 820 lupi
264 741 435 819 adalligatus
450 743 596 802 infantium
607 759 733 820 pavores
745 740 881 820 prohibet
890 740 1090 820 dentiendique
1100 757 1179 800 mors

190 823 257 901 bos,
272 825 350 902 quod
365 833 397 885 et
411 826 497 906 pellis
510 826 606 904 lupina
622 834 758 903 praestat,
776 825 932 884 —dentes
949 826 1062 903 quidem
1078 841 1162 884 eorus

190 909 313 968 maxumi
335 909 417 988 equis
433 927 547 988 qnoque
568 908 713 985 adalligati
732 907 940 984 infatigabilem
959 925 1073 968 cursum
1093 924 1164 986 prae·

190 1001 269 1052 ¹sture
284 990 422 1052 dicuntur.
437 1026 479 1040 -
499 992 630 1071 leporum
653 991 778 1068 coagulo
800 992 891 1050 ubere
910 992 991 1051 inlito
1010 994 1114 1051 sistitur
1131 992 1164 1048 in·

141 1072 327 1146 ,mutantium
341 1076 433 1136 aluos.
468 1075 555 1136 loour
574 1077 644 1135 asini
660 1075 783 1135 admixta
798 1074 912 1134 modice
929 1091 1041 1154 pansae
1061 1073 1166 1134 instilla·

189 1169 249 1218 tum
262 1161 292 1218 in
308 1176 342 1218 os
358 1176 374 1218 a
391 1158 582 1220 comitialibus
595 1158 703 1218 morbis
723 1168 753 1218 et
772 1157 835 1218 aliis
854 1159 970 1219 iniantis
991 1168 1100 1234 tuetur,
1118 1157 1192 1216 luoou

189 1242 238 1302 XL
253 1241 354 1303 diebus
370 1243 431 1302 lieri
447 1244 636 1322 praecipiunt.
668 1251 697 1301 et
712 1241 797 1320 pellis
819 1243 891 1301 asim
905 1243 1013 1302 iniecta
1028 1240 1167 1321 inpavidos

189 1325 303 1386 infantis
318 1326 397 1386 iuuit.
426 1325 526 1385 dentes
542 1327 590 1405 qui
605 1327 689 1403 equris
701 1326 821 1404 primum
840 1325 945 1390 oaduui
958 1326 1075 1386 iacilom
1090 1325 1167 1384 denti·

189 1411 296 1469 tionem
316 1417 464 1488 praestant
478 1408 629 1486 adalligati
651 1408 820 1485 infantibus,
844 1409 1009 1486 eldoaoius,
1032 1409 1056 1468 si
1075 1417 1168 1467 terram

120 1495 123 1510 ’
154 1503 205 1558 259
216 1505 273 1550 non
287 1493 420 1568 attigere.
448 1493 517 1552 Lien
533 1492 656 1552 bubulus
667 1494 696 1550 in
707 1491 796 1552 melle
815 1500 844 1551 et
864 1491 946 1552 datur
961 1502 992 1551 st
1007 1493 1128 1553 inlinitur
1139 1488 1169 1550 ad

189 1576 273 1636 lienis
293 1575 429 1653 dolores,
453 1575 488 1636 ad
503 1576 601 1636 ulnera
615 1576 754 1635 manantia
770 1593 834 1634 uum
854 1576 995 1636 melle**.
1027 1576 1085 1635 lien
1098 1573 1193 1634 vitulis

174 1661 218 1719 ·in
237 1660 304 1719 vino
326 1659 465 1720 decoetus
484 1660 625 1738 tritusque
645 1667 676 1718 et
703 1657 798 1718 inlitus
818 1658 968 1719 ulonsoula
989 1660 1061 1719 oris.
1092 1656 1169 1718 llere·

188 1742 271 1802 brum
294 1760 401 1821 caprae
421 1743 498 1820 biugi
519 1761 572 1823 per
592 1741 703 1804 anulum
726 1759 841 1801 aureum
859 1751 980 1803 tractam
1002 1745 1083 1822 prius
1098 1757 1169 1820 quan

188 1825 235 1886 lau
258 1825 341 1885 detur
361 1827 516 1886 infantibus
539 1826 677 1886 instillant
699 1836 799 1886 eontra
828 1827 978 1888 domitialis
1006 1836 1169 1904 ceterosque

187 1909 334 1970 infantium
362 1909 489 1980 morbos.
528 1912 675 1988 caprinum
695 1909 789 1968 limum
815 1909 959 1988 inquietos
984 1910 1102 1970 infantis
1130 1907 1169 1968 ad·

188 1991 335 2069 alligatum
361 2009 456 2072 panno
478 1993 611 2071 colibet,
638 2011 768 2053 maxume
792 1994 915 2071 puellas.
957 1994 1039 2054 laete
1064 1993 1195 2070 enprinou

190 2085 238 2136 aut
259 2075 382 2135 cerebro
403 2075 535 2155 leporum
550 2085 709 2157 perunctae
731 2077 866 2154 gingivae
889 2078 984 2138 iaoilis
1008 2077 1170 2138 dentitiones

189 2158 306 2218 iaciunt.

148 2253 199 2308 260
263 2239 347 2319 (79.)
369 2243 492 2302 Somnos
507 2243 570 2303 lieri
587 2242 690 2322 lepore
704 2251 817 2321 sumpto
836 2243 865 2302 iu
879 2243 952 2303 cibis
970 2243 1045 2304 Cato
1063 2243 1170 2304 arbitra·

190 2325 283 2400 batur,
300 2326 403 2402 volgus
426 2334 455 2385 et
468 2328 587 2402 gratiam
608 2329 725 2403 corpori
748 2328 776 2386 in
792 2325 873 2386 Vllll
890 2327 970 2404 dies,
991 2327 1100 2387 irivolo
1118 2326 1169 2404 ‹pui-

190 2409 254 2470 dem
269 2409 346 2486 iooo,
361 2409 407 2468 oui
417 2417 512 2469 tamen
522 2409 617 2489 amun
629 2409 733 2468 debeat
748 2409 871 2469 subesse
882 2427 968 2470 nausa
981 2412 1011 2470 iu
1025 2419 1102 2471 tauta
1114 2425 1193 2488 per-u

190 2493 334 2552 suasione.
365 2492 442 2570 Magi
461 2492 530 2552 lelle
556 2510 677 2570 caprae,
707 2493 886 2554 saorilioatae
908 2494 1069 2569 dumtaxat,
1099 2492 1169 2552 inlito

190 2577 283 2635 oeulis
298 2576 346 2636 vel
361 2576 414 2635 sub
429 2576 546 2655 pulvino
561 2579 658 2655 posito
673 2593 801 2635 somnum
816 2576 902 2636 adlini
917 2577 1025 2638 dieunt.
1058 2576 1168 2636 sudores

189 2658 299 2719 inhibet
312 2675 418 2720 numus
431 2660 539 2737 caprini
554 2659 624 2718 niuis
640 2677 678 2718 ex
692 2670 804 2734 myrteo
821 2659 889 2719 oleo
907 2661 1067 2738 perunctis.

149 2751 199 2807 261
264 2743 348 2822 (80.)
370 2741 469 2802 Goitns
481 2743 604 2802 stimulat
617 2742 657 2802 iel
676 2760 814 2820 aprunum
830 2744 957 2821 inlitum,
981 2746 1050 2804 item
1071 2740 1167 2802 medul-

190 2825 236 2884 lue
252 2845 331 2886 suum
347 2825 483 2902 haustae,
498 2825 597 2886 sebum
614 2826 751 2886 asininum
766 2828 875 2887 anseris
891 2828 1010 2888 maseuli
1026 2827 1111 2905 adipe
1126 2823 1193 2885 ads

188 2911 278 2969 mixto
287 2909 405 2985 inlitum,
417 2911 485 2968 item
500 2929 516 2970 a
529 2911 604 2970 ooitu
616 2911 682 2987 equi
695 2929 711 2970 a
725 2910 857 2987 Vergilio
872 2927 990 2990 qnoque
1005 2911 1168 2988 deseripun

188 2993 267 3052 virus
288 3001 317 3052 et
336 2993 463 3052 testiculi
483 2993 581 3072 equini
600 2994 671 3053 aridi
692 3001 723 3053 ut
747 2996 856 3072 potioni
875 2995 960 3054 interi
979 2995 1093 3072 possint
1108 2991 1166 3052 dex·

188 3085 271 3136 terre
287 3077 359 3135 asini
373 3077 456 3135 testis
470 3078 499 3135 iu
513 3079 582 3136 vino
596 3085 682 3155 potus
696 3080 831 3157 portione
845 3077 893 3154 vel
908 3077 1082 3154 adalligatus
1093 3075 1166 3135 brao-

190 3158 290 3236 ulriali,
313 3157 440 3219 eiusdem
460 3178 476 3219 a
498 3161 574 3220 uoltu
590 3178 689 3238 spuma
709 3160 834 3222 collecta
856 3177 959 3222 russeo
975 3177 1071 3240 panno
1090 3168 1118 3218 et
1132 3160 1165 3216 iu·

148 3253 199 3309 262
211 3243 291 3302 clusa
307 3251 445 3318 argento,
460 3252 491 3300 ut
506 3242 648 3303 Osthanes
668 3244 761 3305 tradit.
792 3244 881 3322 Salpe
896 3245 1022 3322 genitale
1038 3245 1066 3302 in
1082 3243 1191 3303 olenus

190 3327 308 3385 fervens
323 3326 415 3401 mergi
429 3325 506 3384 iubet
521 3327 650 3404 septiens
666 3345 760 3406 eoque
774 3331 916 3407 perungui
931 3329 1099 3408 pertinentis
1109 3341 1164 3404 par·

191 3410 238 3481 tis,
253 3408 372 3467 Bialoon
386 3410 509 3467 cinerem
525 3427 563 3468 ex
579 3411 680 3470 eodem
699 3410 756 3470 bibi
771 3412 820 3471 vel
841 3415 912 3472 tauri
934 3431 949 3472 a
966 3412 1041 3472 coitu
1057 3410 1165 3480 urinam,

192 3487 251 3547 luto
266 3492 332 3567 ipso
351 3489 429 3550 inlini
445 3491 558 3569 pubem.
592 3503 622 3554 at
640 3511 657 3554 e
679 3495 795 3556 diuerso
818 3496 904 3557 muris
919 3497 985 3557 limo
1000 3493 1081 3554 inlito
1096 3489 1163 3552 nohi-
