2406 3914
323 251 403 297 1111.
420 249 599 299 1111111.
616 249 658 302 no
679 239 832 320 (81-87)
1019 241 1081 304 259

80 402 276 482 cipientibus
267 405 379 464 mnino
395 405 559 482 decoctum,
576 405 744 466 volneribus
760 426 879 488 quoque
896 411 938 469 sio
952 409 1080 470 inlinunt.

78 487 218 548 secundas
234 488 386 548 mulierum
403 499 562 567 partusque
578 499 725 550 emortuos
742 494 835 571 pellit,
858 495 926 553 item
941 493 1061 554 dolores
1073 502 1125 558 146

8 594 13 639 1
78 571 220 651 corporis.
253 573 482 651 1111111111111
504 574 655 653 epiphoris
675 576 811 637 inlinitur.
835 596 890 638 neo
908 579 1002 655 magis
1027 579 1082 638 ulia

76 655 160 718 herba
189 657 327 717 convenit
350 657 559 718 medicamento
579 658 657 737 quod
683 659 938 740 alexipharmacon
964 671 1080 723 vocant.
1136 677 1137 680 ’

6 802 11 811 ,
58 741 223 802 ostomacho
239 750 335 801 tamen
355 741 455 802 inutile
480 760 548 802 esse
565 753 710 822 caputque
730 762 767 804 eo
785 747 890 824 inpleri
906 755 935 806 et
950 745 1082 807 abortum

75 825 131 885 lieri
147 834 221 904 poto
242 825 333 904 aliqui
349 835 465 904 negant.
499 836 528 886 et
549 827 722 904 religionem
740 829 864 906 addunt,
888 829 969 889 ubi
960 849 1059 890 111111-
1073 837 1124 894 14⁷

74 911 193 985 1111111,
219 912 353 988 protinus
368 910 580 988 adalligandum
598 921 699 972 contra
716 913 865 974 anulorum
884 915 1081 988 subiusiones,

75 993 292 1073 cavendumque
309 1012 346 1055 ne
359 1003 465 1056 terram
479 996 608 1073 attingat.
640 996 669 1056 hi
685 1006 715 1057 ct
728 997 798 1058 lolia
816 997 878 1058 eius
894 999 991 1074 thymo
1007 999 1082 1057 simi·

74 1078 107 1138 lia
120 1078 258 1156 tradunt,
276 1080 331 1138 nisi
348 1079 425 1179 quod
439 1079 572 1141 molliora
589 1089 653 1140 sunt
668 1090 698 1140 et
713 1081 854 1143 lanatiore
871 1084 984 1144 canitie.
1020 1100 1083 1141 oum

47 1172 129 1224 111111
145 1163 281 1224 siluestri
300 1172 329 1223 et
345 1165 369 1223 si
384 1172 494 1224 teratur
509 1183 546 1224 ex
562 1182 637 1243 aqua
655 1165 801 1226 caelesti
782 1167 931 1246 ,aspidas
950 1166 1084 1242 mitigare

74 1247 193 1324 dicitur,
228 1257 260 1308 et
278 1265 337 1307 non
360 1265 447 1309 secus
476 1257 562 1326 utque
589 1250 701 1324 cytinus
734 1251 886 1329 adstringit
912 1260 941 1310 et
965 1249 1085 1310 cohibet

73 1332 191 1392 volnera
207 1331 405 1411 prohibetque
423 1350 553 1411 serpere.

0 1499 1 1502 Ἴ
130 1429 220 1510 (85.)
243 1429 448 1507 ΗοΙοοΙ111111
464 1430 596 1491 medetur
611 1434 817 1510 stranguriae
808 1452 836 1492 rn
852 1434 930 1509 vino,
948 1442 977 1493 et
994 1450 1061 1493 ocu-
1076 1439 1127 1494 148

1 1529 2 1568 1
73 1515 162 1576 lorum
179 1515 336 1594 epiphoris
351 1515 448 1590 inlita,
479 1533 543 1576 curn
569 1515 653 1576 faece
668 1533 740 1577 vero
760 1518 817 1578 vini
841 1526 967 1578 cremata
988 1526 1017 1577 et
1032 1533 1083 1594 po·

46 1597 145 1660 ulenta
162 1598 300 1659 lichenas
324 1599 467 1660 emendat.
495 1597 711 1675 chrysocomes
725 1601 807 1662 radix
824 1602 961 1663 calefacit
983 1610 1012 1660 et
1034 1600 1083 1660 ad·

73 1683 197 1762 stringit.
245 1683 329 1744 datur
355 1685 435 1762 potui
462 1683 497 1744 ad
523 1685 682 1745 iocinerum
708 1689 793 1764 vitia,
814 1687 881 1747 item
909 1687 1084 1765 pulmonum,

1 1815 2 1822 ,
72 1767 174 1828 volvae
193 1765 317 1827 dolores
339 1770 367 1826 in
387 1785 461 1846 aqua
476 1768 567 1829 mulsa
584 1769 717 1830 decocta.
754 1773 811 1831 ciet
831 1780 993 1846 menstrua,
1015 1767 1084 1828 etsi

1 1858 2 1908 t
73 1852 157 1914 cruda
176 1850 281 1928 detur,
302 1851 529 1930 hydropicorum
546 1870 657 1930 aquam.

1 1955 2 2030 1
129 1967 221 2049 (86)
245 1967 474 2047 Melissophyllo
505 1971 566 2029 sive
595 1969 760 2030 melittaena
792 1972 815 2030 si
847 1974 1129 2048 perunguuntur149

1 2051 142 2130 uului,
160 2070 223 2113 non
238 2053 354 2151 fugient
369 2070 458 2131 apes,
472 2053 552 2113 nullo
568 2055 641 2114 enim
657 2055 749 2131 magis
765 2053 838 2114 dore
856 2054 993 2131 gaudent.
1019 2069 1085 2112 sco·

1 2133 2 2186 l
73 2136 115 2213 pis
141 2137 211 2196 eius
238 2136 374 2196 examina
399 2135 538 2196 facillime
563 2139 752 2198 continentur.
786 2138 861 2198 idem
885 2135 1086 2216 praesentissi-

1 2193 2 2280 i
72 2236 143 2280 mum
160 2228 211 2280 est
230 2229 334 2282 contra
350 2221 425 2280 ictos
447 2239 545 2282 earum
561 2240 773 2301 vesparumque
790 2230 819 2282 et
841 2221 988 2298 similium,
1013 2221 1087 2280 sicut

1 2383 2 2386 Ἴ
74 2319 263 2382 araneorum,
288 2306 356 2364 item
378 2305 582 2383 scorpionum,
606 2307 674 2365 item
699 2316 799 2367 contra
821 2305 973 2367 volvarum
995 2313 1085 2364 strau-

72 2387 243 2466 gulationes
264 2387 362 2448 addito
377 2391 470 2465 nitro,
504 2398 604 2450 contra
623 2391 744 2451 tormina
766 2409 783 2450 e
805 2391 883 2450 vino.
918 2389 988 2451 iolla
1005 2389 1066 2447 eius
1079 2395 1132 2452 lto

41 2473 190 2532 trstrumis
212 2471 369 2532 inlinuntur
385 2480 415 2532 et
441 2472 520 2532 sedis
535 2474 611 2534 vitiis
636 2492 702 2533 cum
729 2474 801 2534 sale.
833 2475 974 2533 decoctae
1000 2489 1087 2531 sucus

71 2555 196 2616 luminas
211 2565 318 2635 purgat
335 2565 364 2616 et
377 2556 616 2618 inflammationes
628 2557 744 2619 discutit
761 2567 790 2617 ct
805 2557 904 2618 ulcera
917 2563 1008 2616 sanat.
1042 2572 1087 2628 ar·

71 2639 227 2701 ticnlarios
250 2639 370 2701 morbos
387 2639 473 2700 sedat
486 2642 624 2719 cunisque
640 2659 763 2702 morsus.
797 2641 919 2720 prodest
935 2639 1087 2715 dysinteri-

1 2800 2 2809 .
72 2727 113 2784 cis
130 2723 290 2785 veteribus
306 2733 336 2784 et
358 2724 514 2800 coeliacis,
536 2725 754 2804 orthopnoicis,
777 2724 917 2800 lienibus,
939 2722 1088 2784 ulceribus

71 2807 217 2870 thoracis.
252 2808 394 2886 caligines
413 2808 563 2870 oculorum
588 2827 660 2870 suco
687 2827 750 2870 cum
769 2809 857 2868 melle
883 2808 1001 2886 inungui
1027 2808 1088 2867 exi·

1 2956 2 2959 ,
42 2895 156 2956 unium
172 2891 310 2954 habetur.

133 3004 225 3086 (87.)
249 3005 400 3068 bdelilotos
421 3023 538 3084 quoque
566 3004 659 3066 oculis
679 3003 811 3064 medetur
835 3021 899 3063 cum
919 3002 998 3063 luteo
1021 3002 1069 3062 ovi
1082 3011 1131 3064 151

72 3099 118 3150 aut
137 3090 195 3151 lini
217 3090 340 3150 semine.
371 3089 551 3172 maxillarum
565 3106 682 3168 quoque
698 3088 818 3148 dolores
836 3088 906 3149 lenit
932 3096 960 3146 et
987 3085 1090 3164 capitis

1 3198 2 3252 1
73 3193 138 3234 omn
152 3191 303 3251 rosaceo,
324 3175 393 3234 item
415 3174 524 3234 aurium
546 3192 562 3232 e
584 3189 672 3254 passo
700 3191 834 3251 quaeque
852 3173 880 3231 in
903 3169 1057 3230 manibus·
1048 3185 1089 3226 m-

1 3255 3 3323 l
72 3267 242 3324 tumescunt
263 3259 314 3318 vel
338 3267 505 3337 erumpunt,
529 3257 670 3318 stomachi
690 3257 835 3317 dolores
826 3275 855 3316 m
874 3257 942 3316 vino
965 3254 1090 3315 decocta

41 3343 121 3404 aurel
133 3344 227 3406 cruda
241 3344 376 3420 tritaque.
393 3342 468 3403 idern
482 3343 605 3404 effectus
619 3351 647 3402 et
659 3342 695 3402 ad
704 3341 818 3420 volvas,
827 3341 871 3402 od
883 3340 1047 3400 testisvcro
1060 3344 1090 3395 et

74 3429 178 3490 sedem
199 3426 371 3508 prociduam
395 3444 528 3506 quaeque
550 3437 579 3487 et
601 3426 656 3487 alia
675 3425 715 3485 ibi
736 3427 792 3486 sint
816 3427 884 3485 vitia
904 3431 1025 3484 recente
1053 3439 1091 3481 ex

75 3530 153 3592 aqua
171 3513 297 3576 decocta
312 3511 361 3570 vel
385 3529 422 3570 ex
437 3528 536 3590 passo
564 3510 680 3578 adiecto
694 3526 820 3574 rosaceo
838 3510 963 3650 inlppipur
978 3507 1013 3568 ad
1028 3523 1090 3568 car·
