2396 3922
196 182 313 252 ,uam
328 201 418 251 ursa.
435 200 531 250 xxm.
549 202 590 255 13.
608 199 649 252 14.
666 199 812 266 (aa-87.)
906 165 913 172 .
963 194 1020 257 125

6 365 103 433 punt
122 356 282 436 deploratis
300 355 407 416 auxilio
426 365 484 432 est,
507 375 569 416 cunr
592 359 668 416 aeris
683 357 755 416 flore
775 359 841 417 tino
863 368 1020 438 temperata

7 441 171 500 omnibus
187 441 287 514 modis,
304 439 351 498 vel
368 441 475 498 semine
496 441 544 500 rel
559 439 630 500 llore
647 441 693 500 vel
708 440 814 500 radice.
845 443 944 502 eadem
958 463 1020 504 cum

6 523 158 602 polenta
170 525 292 584 vetustis
302 523 468 582 volneribus
480 523 606 601 prodest.
632 522 785 584 heraclion
796 542 911 604 quoque
926 518 1000 588 side·
1013 541 1063 591 140

6 607 109 682 riom,
128 607 316 684 Apollinaris,
333 606 474 684 psyllium,
490 607 683 684 tragacantha,
701 608 844 667 scordotis
860 627 922 670 cam
934 612 1020 672 melle

8 699 151 769 purgat.
174 691 264 749 iarina
280 692 341 749 eius
359 691 451 748 carnis
469 692 667 750 excrescentis
681 707 734 769 per
749 709 782 750 sc
804 693 934 770 inspersa
953 712 1020 754 con·

7 777 129 832 sumit.
162 773 327 834 Polemonia
346 773 443 832 ulcera
460 791 533 852 quae
551 773 689 833 cacoetbe
708 785 812 833 vocant
836 784 932 852 sanat,
955 797 1021 839 cen·

9 859 156 917 taurium
171 859 260 916 maius
274 858 435 935 inspersum
450 857 498 916 rel
515 856 638 931 inlitum,
660 857 727 916 item
742 860 858 918 minoris
874 876 955 922 coma
972 863 1020 922 de·

11 949 119 1001 cocta
135 941 185 999 vel
200 942 263 1000 trita
279 950 378 1000 vetera
394 957 509 1019 quoque
523 940 621 1000 ulcera
633 949 735 1018 purgat
748 951 776 1000 ct
793 951 935 1018 persanat.
954 943 1020 1004 Fol-

9 1025 110 1084 liculi
136 1024 262 1098 clymeni
279 1023 443 1084 recentibus
460 1025 554 1102 plagis
574 1025 752 1101 inponuntur.
789 1024 914 1084 inlinitur
928 1037 1021 1088 auteur

10 1110 169 1184 gentiana
187 1108 332 1167 ulceribus
353 1125 425 1186 quae
442 1117 561 1186 serpunt
577 1108 674 1168 radice
697 1117 777 1168 tunsa
791 1109 839 1168 rel
854 1109 975 1170 decocta
994 1113 1022 1170 in

11 1209 104 1269 aqua
133 1191 171 1250 ad
194 1191 290 1251 mellis
309 1191 524 1252 crassitudinem
548 1191 595 1250 vel
621 1209 710 1266 succ,
737 1191 903 1254 volneribus
931 1211 968 1254 ex
986 1213 1021 1254 ea

12 1275 138 1336 iactum
152 1274 280 1348 Lycium.
303 1274 480 1349 Lysimachia
491 1275 653 1336 recentibus
667 1276 759 1352 plagis
770 1275 909 1352 medetur,
922 1277 1001 1354 plan·
1014 1290 1060 1342 141

14 1367 99 1434 tago
118 1359 244 1416 omnium
261 1377 398 1434 generum
413 1357 568 1430 ulceribus,
585 1358 769 1435 peculiariter
777 1359 957 1436 feminarum,
976 1380 1020 1420 se·

14 1460 93 1500 unm
115 1451 146 1501 et
162 1441 318 1501 infantium.
346 1442 404 1520 igni
422 1440 548 1500 emollita
563 1440 666 1501 melior·
681 1451 710 1500 et
726 1460 789 1500 curn
805 1452 904 1502 cerato
923 1462 1021 1504 crassa

2 1525 165 1584 rnlcerum
180 1525 260 1598 labra
281 1535 399 1604 purgat,
423 1541 522 1584 nomas
537 1525 619 1583 sistit.
655 1527 749 1584 tritam
772 1526 831 1586 suis
850 1526 928 1586 foliis
950 1530 1020 1586 inte·

3 1626 101 1685 ¹gere
130 1617 259 1686 oportet.
295 1608 538 1686 Suppurationes,
562 1607 769 1684 collectiones,
794 1610 872 1668 sinus
892 1610 1020 1678 ulcerum

18 1691 199 1774 chelidonia
217 1710 331 1770 quoque
347 1694 499 1767 siccantur,
515 1691 635 1750 volnera
653 1691 727 1750 adeo
742 1703 770 1750 ut
789 1693 873 1752 ctiam
887 1711 939 1770 pro
953 1713 1019 1770 spo-

18 1775 74 1834 dio
103 1785 236 1850 utantur,
261 1775 359 1834 eadem
379 1775 433 1834 lam
450 1775 611 1850 desperatis
630 1793 692 1834 curn
715 1777 836 1852 axungia
865 1777 1019 1852 inponitur.

18 1857 211 1918 Dictamuum
227 1869 295 1936 pota
310 1860 427 1935 sagittas
446 1859 529 1936 pellit
541 1867 569 1917 et
581 1858 635 1916 alia
650 1857 708 1918 tela
724 1859 846 1918 extrahit
857 1859 945 1920 inlita.
964 1860 1004 1920 bi·
1013 1873 1063 1926 142

2 1941 108 2008 »bitur
132 1960 172 2000 ex
187 1959 279 2020 aquae
300 1943 403 2017 cyatho
424 1942 557 2001 foliorum
578 1941 683 2018 obolo,
704 1959 842 2020 promrnre
865 1943 1019 2018 pseudodi-

22 2035 194 2101 ctamnum,
213 2035 333 2104 utraque
350 2028 434 2085 etiam
449 2027 669 2104 suppurationes
685 2025 807 2086 discutit.
825 2025 1021 2088 Aristolochia

23 2127 148 2188 quoque
164 2111 257 2186 putria
273 2110 372 2168 ulcera
389 2119 488 2182 exest,
513 2109 628 2169 sordida
645 2119 747 2188 purgat
769 2127 831 2170 curn
852 2110 940 2170 melle
956 2129 1020 2170 ver-

23 2194 145 2269 misque
163 2193 296 2267 extrahit,
313 2194 379 2252 item
398 2192 497 2252 clavos
511 2195 537 2252 in
548 2193 648 2252 ulcere
661 2202 744 2252 natos
761 2202 788 2253 et
802 2193 888 2253 inixa
904 2195 1020 2271 corpori

27 2277 145 2350 omnia,
163 2278 320 2354 praecipue
336 2278 455 2354 sagittas
471 2286 499 2336 et
513 2294 580 2336 ossa
598 2277 689 2336 iracta
710 2295 772 2336 cum
787 2278 891 2336 resina.
930 2293 1002 2337 cava
1013 2289 1063 2343 143
1145 2320 1150 2330 ·

2 2377 106 2420 tuero
122 2360 225 2419 ulcera
242 2357 341 2436 explet
355 2379 451 2438 perse
473 2369 501 2419 et
524 2379 587 2418 cunr
610 2361 680 2420 iride
701 2361 828 2419 recentia
843 2360 962 2419 vulnera
984 2379 1021 2420 ex

26 2453 134 2519 aceto,
153 2452 252 2504 vetera
267 2444 365 2503 ulcera
382 2444 561 2516 verbenaca,
583 2443 887 2522 quinquefoliumcunr
909 2443 971 2502 sale
992 2453 1021 2502 et

26 2526 129 2586 melle.
170 2525 297 2587 Radices
318 2527 493 2605 persollatae
516 2525 680 2589 volueribus
699 2527 778 2586 ferro
804 2527 898 2585 inlatis
919 2543 1019 2584 recen·

27 2609 107 2670 tibus
123 2613 305 2690 inponuntur,
323 2611 392 2671 lolia
407 2609 564 2687 veteribus,
585 2628 646 2670 cum
661 2610 783 2686 axungia
802 2617 966 2685 utrumque,
992 2617 1021 2670 et
1106 2635 1108 2638 ·

29 2711 83 2756 suu
102 2694 175 2754 folio
195 2696 332 2772 operitur.
362 2695 554 2754 damascnium
568 2703 598 2753 ut
614 2697 642 2752 in
658 2703 779 2767 struma,
800 2692 870 2752 lolia
885 2689 1017 2749 verbasci
1026 2712 1049 2743 ss

2 2791 69 2836 nex
101 2787 187 2836 aceto
216 2786 264 2836 aut
294 2777 370 2836 rinc.
420 2777 601 2837 Peristereos
627 2777 662 2835 ad
691 2775 782 2835 omnia
812 2793 921 2850 genera
951 2773 999 2833 vel
1013 2785 1063 2836 144

30 2858 208 2920 callosorum
231 2864 511 2939 putrescentiumque
529 2862 656 2920 ulcerum
673 2861 750 2919 lacit.
784 2860 922 2917 manantia
940 2875 1019 2932 nym-

30 2943 146 3022 phaeae
178 2943 329 3004 Heracliae
359 2945 441 3004 radix
467 2955 562 3019 sanat,
593 2945 661 3003 item
689 2942 838 3016 cyclamini
866 2941 947 3001 radix
972 2942 1020 3000 rel

31 3046 86 3106 per
122 3047 155 3088 se
188 3026 237 3086 vel
268 3022 305 3086 ex
340 3039 422 3088 aceto
454 3028 503 3087 vel
533 3047 596 3089 cum
625 3026 721 3085 rnelle.
769 3025 869 3085 eadem
896 3034 926 3084 et
951 3042 1019 3084 con·

32 3120 76 3169 tra
97 3121 268 3172 steatomata
291 3111 412 3187 efficax,
432 3114 505 3170 sicut
529 3112 564 3171 ad
586 3112 684 3170 ulcera
705 3110 845 3169 manantia
865 3109 1017 3186 hysopum,

9 3195 102 3254 altem
122 3195 338 3272 peucedanum,
358 3204 387 3254 et
407 3195 442 3256 ad
462 3197 591 3256 recentia
615 3194 735 3253 volnera
756 3195 799 3252 vis
823 3202 899 3252 tanta
923 3201 968 3250 est
989 3201 1020 3250 ut

36 3296 179 3354 squamam
193 3278 308 3338 ossibus
323 3280 463 3339 extrahat.
492 3286 639 3360 praestant
650 3276 710 3335 hoc
730 3285 759 3335 et
776 3274 953 3352 anagallides
970 3291 1018 3334 co·

37 3361 190 3440 bibentque
206 3380 277 3440 quas
292 3371 397 3422 vocant
412 3380 510 3422 nomas
526 3372 555 3422 et
568 3361 801 3435 rheumatismos,
827 3360 913 3418 utiles
928 3366 957 3417 et
973 3377 1018 3418 re·

39 3444 162 3506 centibus
178 3445 291 3523 plagis,
308 3445 359 3506 sed
373 3449 528 3526 praecipue
545 3463 642 3505 senum
660 3443 784 3520 corpori.
814 3459 875 3502 cum
898 3451 1060 3508 cerat0145
