2396 3922
120 332 125 343 ¹
176 261 223 324 co
496 267 501 280 ·
535 271 565 321 c.
581 269 676 322 emm
690 271 841 322 securam

184 437 284 486 contra
307 425 480 505 scorpiones
499 425 606 487 bibitur
625 427 707 487 radix
721 443 785 487 cnm
811 435 874 487 ruta
893 445 930 487 ex
954 443 1044 505 aqna,
1069 443 1169 504 magua

183 509 369 570 amaritudine
384 509 437 569 sed
452 510 559 571 edecta
574 513 647 590 pari.

140 603 192 658 tbi
254 592 336 673 (75.)
352 593 564 672 'lhelyphonon
582 595 672 654 herba
693 593 728 654 ab
743 594 806 653 aliis
819 595 955 672 scorpion
972 603 1093 654 vocatur
1110 609 1170 672 pro·

183 685 248 754 pter
262 675 472 737 similitudinem
487 678 593 738 radicis
618 681 698 737 cuius
715 685 792 736 tactu
815 679 971 737 moriuntur
994 679 1172 756 scorpiones.

182 762 279 838 itaque
293 769 394 820 nonna
412 776 512 821 eorum
528 764 601 821 ictus
618 761 733 820 bibitur.
742 793 786 807 -
799 763 984 840 scorpionem
998 769 1138 820 mortuum
1151 761 1191 819 sis

182 844 246 920 quis
260 842 413 904 helleboro
430 844 552 904 candido
567 845 647 919 linat,
665 845 851 904 revivescere
864 845 950 903 aiunt.
964 877 1011 888 -
1023 842 1174 922 thelypho-

181 942 239 984 non
268 943 381 986 omnem
402 928 608 1007 quadripedem
630 935 715 986 necat
749 928 872 1006 inposita
904 926 1041 986 verendis
1068 925 1174 1001 radice,

180 1009 252 1068 lolio
264 1009 379 1087 quidem
395 1012 468 1070 intra
490 1011 611 1072 eundem
625 1011 717 1084 diem,
739 1010 818 1089 quod
839 1019 883 1070 est
896 1010 990 1069 simile
1008 1009 1173 1084 cyclamino.

180 1094 244 1169 ipsa
259 1094 425 1169 geniculata
438 1096 564 1154 nascitur
585 1095 614 1153 iu
637 1094 750 1173 opacis.
780 1094 992 1173 Scorpionibus
1012 1093 1174 1153 adversatur

180 1183 209 1234 et
225 1177 399 1236 vettonicae
415 1195 501 1238 sucus
519 1196 554 1238 ac
571 1177 756 1256 plantaginis.
842 1215 844 1222 ι
1177 1197 1191 1238 ιι

50 1321 56 1335 ,
139 1269 190 1322 litt
254 1255 336 1338 (763)
359 1261 430 1318 Sunt
445 1269 475 1319 et
489 1263 566 1321 ranis
584 1279 705 1335 venena,
719 1259 859 1319 rubetinis
875 1276 1027 1335 maxume,
1047 1259 1174 1319 vidimus

180 1358 237 1419 que
262 1341 378 1415 Psyllos
409 1345 438 1402 in
463 1345 618 1403 certamine
643 1345 757 1422 patinas
786 1343 970 1403 candefactas
996 1343 1177 1414 admittentis,

98 1451 101 1460 ν
180 1425 282 1483 ociore
297 1427 382 1484 etiam
398 1443 481 1504 qnam
497 1426 627 1505 aspidum
644 1428 787 1504 pernicie.
817 1427 969 1486 auxiliatur
985 1425 1132 1506 phrynion
1151 1425 1178 1482 in

179 1509 247 1566 vino
263 1515 341 1584 pota.
371 1508 458 1586 aliqui
479 1510 604 1569 neurada
628 1509 793 1588 appellant,
818 1510 867 1569 alii
883 1511 1039 1588 poterion,
1062 1508 1178 1570 boribus

138 1593 315 1668 insparsis,
338 1591 482 1652 radicibus
503 1592 615 1667 multis,
638 1595 789 1668 neruosis,
811 1593 887 1651 hene
909 1592 1068 1652 olentibus.
1101 1591 1191 1671 (77.)ι

9 1703 12 1708 ·
125 1745 127 1750 ³
179 1675 247 1748 item
280 1673 397 1750 alisma,
430 1693 513 1753 quam
545 1675 594 1735 alii
627 1675 839 1751 damasonion,
879 1675 927 1735 alii
958 1675 1047 1750 lyron
1080 1673 1175 1754 appel·

179 1757 248 1816 lant.
281 1756 352 1817 folia
374 1768 456 1818 erant
472 1759 663 1838 plantaginis,
683 1761 737 1818 nisi
759 1760 926 1835 angustiora
950 1767 1053 1818 essent
1073 1769 1105 1818 et
1126 1773 1174 1816 nr·

178 1841 225 1915 gis
241 1839 382 1900 laciniosa
398 1859 588 1920 convexaque
605 1845 771 1915 interram,
787 1841 859 1900 alias
875 1844 961 1902 etiam
972 1857 1088 1903 venosa
1108 1841 1175 1900 simi·

180 1922 254 1992 liter,
274 1923 357 1982 caule
371 1925 495 2002 simplici
511 1933 540 1984 et
553 1926 642 2001 tenui,
659 1921 785 2000 cubitali,
802 1927 898 2004 capite
914 1925 1018 2001 thyrsi,
1035 1924 1176 1985 radicibus

180 2004 287 2077 densis,
305 2007 437 2066 tenuibus
453 2018 483 2068 ιιι
494 2009 601 2068 veratri
611 2007 696 2085 nigri,
712 2005 837 2083 acribus,
855 2007 997 2080 odoratis,
1013 2007 1190 2086 pinguibust

137 2097 188 2152 aas
201 2089 327 2145 nascitur
339 2089 506 2167 inaquosis.
522 2091 642 2150 alterum
655 2109 749 2167 genus
763 2091 892 2151 eiusdem
905 2092 934 2150 in
946 2092 1041 2168 silvis,
1058 2093 1174 2168 nigrius,

178 2167 333 2229 maioribus
348 2169 435 2230 loliis.
467 2192 535 2233 usus
555 2176 583 2232 in
599 2175 698 2234 radice
713 2177 862 2252 utriusque
884 2173 1030 2235 adversus
1050 2181 1176 2236 ranaset

178 2251 298 2328 lepores
317 2256 443 2313 marinos
459 2255 610 2317 drachmae
627 2255 757 2336 pondere
772 2259 800 2315 in
815 2259 872 2316 vini
888 2266 970 2337 potu.
1012 2259 1110 2336 lepori
1125 2274 1173 2318 ma-

178 2335 243 2392 rino
258 2335 430 2396 adversatur
445 2348 475 2398 et
491 2340 676 2413 cyclaminos.
708 2342 812 2400 veneni
827 2343 884 2401 vim
900 2344 983 2400 canis
1000 2359 1122 2420 qunque
1138 2357 1172 2400 re

178 2415 236 2476 hidi
253 2435 365 2478 morsus
386 2419 505 2499 habent,
529 2431 628 2482 contra
643 2441 717 2500 quos
731 2426 786 2482 erit
806 2424 1036 2501 cynorrhodon,
1062 2425 1100 2484 de
1123 2437 1189 2502 quot

147 2520 211 2562 ιιιι.
230 2501 362 2562 diximus.
407 2504 544 2582 plantago
566 2513 596 2564 et
618 2505 653 2565 ad
676 2508 768 2566 omnis
788 2506 946 2567 bestiarum
975 2525 1096 2568 morsus
1112 2515 1170 2586 pou

178 2593 265 2664 atque
280 2586 359 2645 inlita
377 2587 506 2664 prodest,
519 2587 678 2648 Vettonica
696 2607 734 2648 ex
746 2607 828 2649 merc
846 2600 959 2648 vetere.

134 2677 187 2732 126
251 2668 335 2746 (78.)
352 2668 533 2730 Peristereos
550 2681 671 2730 vocatur
692 2672 775 2732 caule
795 2673 853 2732 alto
874 2673 1001 2748 foliato,
1033 2674 1169 2734 cacumine

176 2753 206 2809 in
228 2750 302 2810 alios
325 2752 415 2812 caulis
430 2771 463 2812 se
483 2769 648 2832 spargens,
673 2755 813 2815 columbis
843 2755 997 2815 admodum
1019 2756 1169 2829 familiaris,

177 2832 253 2891 unde
269 2841 298 2890 et
312 2852 424 2894 nomen.
442 2837 515 2896 hanc
534 2835 667 2895 habentis
682 2846 789 2913 negant
802 2839 901 2898 latrari
917 2857 934 2899 a
950 2839 1085 2900 canibus.
1173 2849 1188 2892 Ι

135 2923 186 2978 127
250 2913 335 2992 (79.)
357 2918 498 2980 Proxuma
517 2919 562 2979 his
581 2919 664 2978 malis
683 2937 795 2980 venena
819 2930 885 2980 sunt
908 2939 987 3000 qnae
1005 2920 1169 3000 sibimetipsi

172 2995 306 3054 homines
322 3003 498 3076 excogitant.
527 3011 625 3061 contra
641 3001 714 3062 haec
729 3005 824 3064 omnin
834 3006 1028 3084 magicasque
1041 3009 1113 3066 artis
1126 3004 1170 3064 etit

176 3079 296 3156 primurn
309 3078 379 3138 illad
393 3081 576 3144 llomericum
594 3085 687 3160 moly,
711 3084 778 3145 dein
791 3087 967 3148 hlithridatia
986 3099 1018 3160 et
1033 3088 1168 3149 scordotis

176 3168 207 3218 et
222 3163 406 3220 centaurium.
437 3164 508 3225 l'otu
524 3169 618 3226 omnia
633 3168 707 3227 mala
720 3169 929 3231 medicamenta
947 3174 1045 3248 exigit
1069 3191 1121 3250 per
1134 3169 1167 3229 al·

175 3258 242 3302 vom
249 3241 419 3302 Vettonicae
427 3263 525 3308 semen
536 3253 564 3312 in
572 3251 665 3310 mulso
677 3260 725 3311 aut
736 3269 835 3330 passo,
847 3252 897 3313 vel
911 3254 1029 3314 tarinae
1041 3254 1187 3315 drachmas

174 3324 203 3380 in
220 3325 276 3382 vini
291 3327 399 3382 veteris
421 3330 531 3400 cyathis
545 3331 616 3408 titt:
632 3349 750 3394 vomere
764 3337 891 3412 cogendi
907 3346 998 3416 atque
1016 3337 1120 3398 itemm
1133 3335 1166 3395 tt

123 3403 276 3464 tuebere.
305 3407 340 3466 iis
355 3409 404 3483 qui
420 3411 526 3473 cotidie
543 3423 661 3491 gustent
675 3433 738 3476 cam
753 3421 831 3479 nulla
845 3421 981 3481 nocitura
996 3422 1077 3481 mala
1090 3419 1165 3480 nodi

175 3495 304 3546 cementa
323 3488 444 3548 madunt.
474 3493 547 3554 l’oto
569 3514 683 3558 veneno
698 3500 887 3564 aristolochia
910 3502 1052 3566 subvenit
1074 3504 1164 3565 eaden
