2396 3900
171 240 229 302 108
521 249 552 296 o.
567 249 664 297 remu
681 248 830 299 sucatum

166 407 273 470 habent
286 408 340 469 iar.
369 415 414 466 est
429 405 548 467 ethaeo
562 405 664 470 ltaliae
681 406 708 464 in
724 402 880 484 Campania
894 423 1044 482 maxume,
1059 423 1179 467 semen·

126 512 224 573 nsque
238 492 412 572 appellatur.
446 492 503 550 hoc
518 491 607 551 habet
620 507 724 550 nomen
739 507 789 549 res
802 489 969 569 praeclara,
992 500 1022 552 ut
1037 508 1107 551 mox
1123 489 1179 552 do·

167 578 306 652 cebimm,
320 585 442 655 propter
458 593 542 655 quam
552 574 695 635 Homerus
706 571 861 654 ζείδωρος
874 563 1005 656 ἄρουρα
1016 575 1098 651 dixit,
1115 591 1181 635 nou

166 672 197 723 ut
210 663 297 742 aliqui
313 660 496 737 arbitrantur,
513 661 648 739 quonium
659 661 745 721 vitam
758 658 889 719 donaret.
918 661 1042 736 amylum
1054 675 1180 738 quoque

123 759 204 814 83ex
219 765 253 807 ea
270 745 301 806 bt
314 747 414 825 priore
431 745 570 805 crassius.
597 744 672 805 baec
688 745 751 805 sola
767 743 929 806 differentia
949 755 1004 806 est.
1034 743 1082 804 Ex
1098 744 1196 804 omnir

166 849 277 910 genere
292 830 471 891 durissimum
486 829 530 891 iar
545 839 574 890 et
590 839 689 890 contra
706 829 818 889 hiemes
835 828 1033 891 firmissimum.
1067 829 1181 906 patitur

165 916 368 994 frigidissimos
383 915 467 975 locos
483 923 512 974 et
524 914 616 974 minus
632 914 770 974 subactos
786 913 836 974 vel
857 922 1012 975 aestuosos
1036 914 1180 973 sitientis-

166 1019 232 1081 que.
260 1001 367 1081 primus
382 1000 506 1078 antiquis
520 998 601 1059 Latio
618 999 716 1074 cibus,
732 1015 837 1075 rengno
860 1007 1030 1076 argumento
1052 999 1084 1058 in
1105 997 1179 1058 ado·

134 1102 237 1147 aereae
253 1086 347 1161 donis,
363 1085 447 1144 sicuti
463 1083 594 1144 diximus.
631 1083 711 1162 pulte
732 1091 843 1159 autem,
870 1101 929 1144 non
943 1102 1040 1164 pane,
1061 1083 1180 1142 vixisse

165 1172 254 1248 longo
268 1178 401 1249 tempore
419 1167 566 1228 Romanos
581 1168 771 1243 manifestum,
788 1168 921 1247 quoniam
936 1177 966 1228 et
982 1165 1196 1247 pulmentariat

123 1255 311 1332 84bodieque
326 1253 466 1314 dicuntur.
504 1262 533 1312 et
547 1251 655 1313 Ennius
677 1253 890 1330 antiquissimus
913 1262 996 1312 vates
1012 1251 1178 1312 obsidionis

164 1340 269 1400 famem
292 1340 458 1418 exprimens
481 1337 567 1398 oilaun
589 1336 732 1416 eripuisse
750 1335 931 1414 plorantibus
951 1337 1052 1397 liberis
1073 1344 1178 1415 patres

166 1432 371 1484 conmemorat.
406 1431 436 1482 et
449 1421 537 1482 bodie
555 1439 639 1482 sacra
653 1422 750 1501 prisca
766 1431 854 1502 atque
869 1422 1003 1482 natalium
1024 1421 1107 1500 pulte
1126 1421 1177 1479 fri·

164 1509 226 1569 tilla
242 1507 442 1583 coniiciuntur,
455 1507 628 1585 videturque
643 1515 700 1566 tam
715 1505 781 1584 puls
802 1507 902 1583 ignota
918 1505 1060 1568 Graeciae
1082 1505 1178 1565 inisse

165 1611 249 1672 quarn
265 1591 366 1653 ltaliae
379 1592 507 1672 polenta.
1185 1605 1196 1651 t

121 1685 155 1738 85
226 1677 309 1758 (20.)
331 1678 372 1757 [l]
390 1675 490 1737 Tritici
506 1676 615 1736 semine
630 1675 741 1736 avidius
757 1674 865 1734 nullom
884 1685 929 1736 est
945 1693 1000 1735 uec
1016 1675 1095 1754 quod
1107 1673 1176 1753 plus

165 1762 292 1822 alimenti
322 1761 425 1820 trahat.
476 1760 620 1836 siliginem
640 1761 759 1839 proprie
782 1758 903 1820 dixerim
927 1761 1014 1821 tritici
1039 1757 1175 1821 delicias.

166 1846 273 1906 candor
289 1855 334 1905 est
351 1854 380 1904 et
397 1846 460 1904 sine
480 1845 604 1920 virtute,
627 1844 690 1903 sine
714 1843 861 1922 pondere,
878 1845 1054 1904 couveniens
1070 1843 1176 1918 umidis

164 1929 320 2004 tractibus,
350 1929 451 2007 quales
476 1927 578 1988 ltaliae
605 1936 720 1988 suntet
742 1927 852 1988 Galliae
876 1925 1025 1989 Comatae.
1063 1927 1119 1988 sed
1147 1936 1177 1986 et

163 2022 242 2072 trans
258 2011 342 2091 Alpis
357 2015 386 2071 in
400 2011 593 2090 Allobrogum
614 2020 721 2072 tantum
742 2011 988 2092 bleminorumque
1011 2029 1083 2090 agro
1108 2025 1196 2091 per-t

165 2097 253 2172 tinax,
270 2097 298 2155 iu
315 2099 422 2155 ceteris
434 2096 474 2157 ibi
488 2096 618 2176 partibus
634 2095 750 2156 biennio
758 2099 791 2156 ,in
803 2097 925 2156 triticum
936 2098 1045 2158 transit.
1078 2113 1174 2157 reme·

122 2188 156 2243 86
166 2180 240 2240 dium
255 2189 285 2240 ut
300 2181 471 2258 gravissima
485 2199 619 2259 quaeque
634 2197 724 2258 grana
740 2182 802 2241 eius
819 2191 958 2241 serantur.
1003 2183 1033 2244 9.
1066 2179 1092 2240 Ε
1115 2181 1174 2240 sili·

163 2266 231 2341 gine
262 2265 436 2326 lautissimus
463 2267 546 2344 panis
575 2265 816 2344 pistrinarumque
847 2282 939 2344 opera
966 2265 1173 2326 laudatissima.

163 2349 315 2426 praecellit
330 2351 358 2409 in
373 2349 472 2427 ltalia,
493 2350 518 2410 si
535 2346 680 2428 Campana
695 2348 768 2410 Pisis
786 2359 871 2410 natae
885 2351 1050 2410 misceatur.
1083 2349 1175 2409 ruiior

164 2433 230 2511 illa,
253 2443 281 2493 at
303 2434 406 2496 Pisana
428 2433 576 2495 candidior
601 2433 855 2514 ponderosiorque
883 2443 1029 2494 oretaoea.
1067 2435 1196 2510 iustuma

164 2528 209 2579 est
229 2537 246 2579 e
266 2537 357 2597 grano
375 2517 539 2598 Campanae
555 2535 639 2596 quam
655 2527 762 2579 vocant
777 2527 946 2598 castratam,
962 2537 979 2578 e
994 2518 1091 2580 modio
1106 2517 1173 2579 red·

165 2604 208 2662 ire
229 2606 374 2663 sextarios
393 2612 529 2682 quattuor
549 2603 672 2678 siliginis
688 2604 736 2662 vel
758 2604 906 2682 egregali
927 2604 989 2663 sine
1011 2612 1174 2664 castratura

123 2692 157 2748 et
167 2689 310 2747 sextarios
322 2689 460 2768 quinque,
479 2695 634 2767 praeterea
644 2685 724 2747 iloris
738 2689 907 2763 semodium,
921 2697 951 2747 et
964 2687 1077 2768 cibarii,
1094 2687 1174 2767 qnod

163 2771 363 2833 secundarium
377 2781 495 2850 uocant,
511 2773 657 2833 sextarios
671 2781 816 2850 quattuor,
831 2773 949 2833 ferituris
959 2775 1106 2832 sextarios
1117 2780 1172 2832 tot·

163 2854 254 2930 idem,
275 2874 292 2914 e
309 2856 411 2917 Pisana
427 2866 522 2917 autem
539 2855 663 2933 siliginis
680 2858 825 2918 sextarios
840 2859 984 2938 quinque,
1007 2866 1108 2918 cetera
1123 2869 1196 2938 pat=

162 2939 204 2997 ria
227 2948 300 2998 sunt.
342 2937 458 3000 Clusina
484 2940 677 3019 Arretinaque
699 2943 849 3003 etiamnum
876 2942 1023 3002 sextarios
1049 2942 1171 3018 siliginis

162 3021 303 3098 adiciunt,
321 3024 349 3082 in
365 3023 486 3104 reliquis
509 3043 607 3104 pares.
645 3027 762 3085 sivero
784 3026 922 3105 pollinem
946 3026 1048 3086 iacere
1071 3025 1171 3100 libeat,

161 3117 223 3168 XVI
239 3107 334 3186 pondo
352 3109 435 3187 panis
447 3110 570 3176 redeunt
582 3117 612 3169 et
624 3109 724 3170 cibarii
735 3111 789 3170 tria
801 3110 999 3188 turturumque
1013 3110 1170 3171 semodius.

162 3192 257 3252 molae
275 3191 438 3254 discrimine
456 3193 513 3254 hoo
530 3201 653 3253 constat.
680 3211 745 3253 nam
759 3212 835 3273 quaa
852 3196 931 3255 sicca
945 3195 1091 3256 moluntur
1106 3193 1171 3273 plus

162 3276 272 3336 farinae
292 3276 430 3353 reddunt,
448 3295 523 3356 quae
541 3276 619 3338 salsa
636 3295 709 3357 aqua
725 3294 828 3356 sparsa
845 3279 1041 3340 candidiorem
1060 3278 1196 3346 medai-a

119 3361 235 3437 Seiam,
253 3378 353 3420 verum
369 3361 435 3439 plus
453 3362 578 3421 retinent
591 3363 620 3421 in
636 3361 758 3422 furfure.
785 3363 918 3424 Farinam
934 3382 950 3424 a
967 3364 1046 3425 iarre
1067 3363 1170 3424 dictam

160 3446 275 3504 nomine
290 3446 355 3524 ipso
370 3445 500 3523 adparet.
532 3445 685 3524 siligineae
700 3446 811 3508 farinae
825 3449 937 3508 modius
950 3447 1080 3510 Gallicae
1094 3460 1169 3508 xxu

158 3526 249 3588 libras
263 3530 342 3606 panis
357 3528 470 3607 reddit,
489 3527 607 3590 Italicae
625 3530 735 3591 duabus
750 3531 879 3593 tribusve
901 3533 1023 3613 amplius
1044 3534 1074 3592 in
1094 3541 1167 3593 arto·
