2458 3906
143 229 201 291 198
477 234 782 286 crurursacuuor

140 394 290 472 caligines.
326 390 470 472 inponitur
494 391 580 453 etiam
596 388 691 450 oculis
711 389 740 449 in
758 388 824 451 lana
845 394 946 450 contra
971 386 1148 468 epiphoras.

96 479 218 546 aridem
241 495 327 538 sucus
349 476 446 536 alvom
470 483 574 556 purgat
598 476 627 534 iu
651 490 743 552 posca
764 481 850 551 potus
872 471 908 534 ad
929 471 1001 534 duos
1025 471 1147 534 obolos.

141 564 317 642 serpentium
334 559 440 643 ictibus
457 559 589 621 medetur
604 560 633 618 in
648 558 714 618 uino
738 565 839 637 potus,
858 564 887 616 et
903 555 974 618 lolia
990 556 1149 636 thyrsique

140 648 197 708 triti
220 665 258 706 err
279 654 363 706 aceto
387 644 531 705 bibuntur.
569 643 683 704 volueri
708 643 861 702 inlinuntur
883 657 1016 702 maxume
1043 651 1149 702 contra

140 733 326 810 scorpionum
344 731 435 804 ictus,
459 746 560 790 verum
575 737 676 790 contra
694 726 850 807 phalangia
867 728 1016 788 conmixto
1031 727 1102 786 vino
1120 734 1172 786 ete

97 827 132 880 63
144 824 240 876 aceto.
270 815 335 876 aliis
350 831 467 893 quoquc
485 813 605 874 venenis
626 811 779 888 resistunt,
796 811 930 889 exceptis
952 829 1029 890 quac
1052 819 1149 871 strau-

139 899 266 978 gulando
285 907 389 960 necant
410 906 457 958 aut
475 898 510 958 iis
530 915 605 976 quae
622 897 740 958 vesicae
763 903 886 971 nocent,
909 896 978 956 item
995 894 1148 974 psimithio

141 993 279 1063 excepto.
312 985 486 1062 inponuntur
507 991 537 1044 et
557 981 651 1041 ventri
669 999 707 1041 ex
722 979 809 1040 melle
828 988 915 1058 atque
934 988 1021 1040 aceto
1040 979 1080 1041 ad
1096 979 1148 1048 de-

141 1068 280 1129 trahenda
295 1068 364 1128 vitia
381 1067 447 1128 alvi.
478 1067 577 1128 urinae
593 1065 778 1126 difficultates
795 1082 882 1124 sucus
897 1063 1043 1126 emendat.
1075 1061 1149 1124 Gra·

142 1163 224 1214 teras
241 1170 305 1213 eum
319 1160 348 1211 et
360 1150 529 1229 hydropicis
543 1149 639 1211 obolis
654 1148 766 1210 duobus
781 1151 810 1209 in
823 1157 908 1210 aceto
924 1157 954 1210 et
970 1148 1079 1224 cyatho
1089 1147 1182 1209 riniro

98 1237 201 1303 sedari
223 1235 312 1297 iubet.
344 1233 457 1313 quidam
479 1244 509 1295 et
520 1252 537 1294 e
550 1235 650 1294 sativis
668 1233 811 1311 colligunt
823 1251 921 1294 sucum
935 1233 1028 1294 minus
1044 1232 1148 1294 cilica-

99 1321 171 1407 ¹⁹;,{²⁷
185 1337 259 1380 cem.
275 1319 440 1399 peculiares
453 1335 549 1380 earum
560 1321 639 1378 vires
653 1318 757 1397 partim
767 1317 1004 1396 iamdictaesunt,
1014 1335 1148 1378 somnum

140 1403 265 1466 iaciendi
283 1421 478 1482 veneremque
497 1401 660 1480 inhibendi,
681 1411 791 1463 aestum
805 1402 1015 1480 refrigerandi,
1038 1411 1147 1462 stoma·

142 1490 225 1550 chum
238 1488 390 1568 purgandi,
404 1489 571 1566 sauguinem
583 1486 718 1565 augendi.
742 1503 800 1548 nou
813 1503 926 1566 paucae
938 1495 1062 1564 restant,
1073 1503 1146 1565 quo-

141 1575 215 1634 niam
228 1582 257 1633 et
264 1571 755 1650 indationcsdiscutiuntructusque
764 1571 838 1632 lenis
845 1571 964 1646 iaciunt,
975 1571 1146 1631 concoctio·
1157 1591 1181 1632 rs

141 1677 207 1719 nem
222 1657 366 1733 adiuvant,
380 1657 549 1720 cruditatem
563 1657 647 1736 ipsae
661 1673 813 1735 numquam
824 1656 942 1716 iaciunt.
958 1655 1147 1717 peculiares

141 1745 170 1802 in
190 1741 262 1802 cibis
276 1743 368 1819 magis
382 1741 549 1803 aviditatem
564 1742 662 1802 incitat
678 1740 846 1818 inhibetque
862 1739 974 1800 eadem.
1008 1741 1037 1800 iu
1058 1755 1149 1800 causa

142 1827 338 1906 alterutraque
350 1823 451 1886 modus
466 1834 521 1886 est.
540 1827 584 1886 sic
597 1835 626 1886 et
638 1826 734 1886 alvom
746 1825 930 1903 copiosiores
941 1825 1071 1902 solvont,
1087 1840 1148 1884 mo·

99 1911 224 1975 dodinae
240 1910 351 1970 sistunt.
375 1909 514 1971 lentitiam
526 1911 645 1989 pituitae
660 1908 793 1987 digerunt
804 1917 902 1987 atque,
918 1917 948 1968 ut
959 1909 1048 1988 aliqui
1060 1907 1148 1970 tradi·

142 1995 260 2070 derunt,
278 2011 381 2053 sensus
397 2002 530 2072 purgant.
559 1993 716 2054 stomachis
730 1992 881 2055 dissolutis
896 1992 1050 2056 utilissime
1066 1992 1145 2057 adiu·
1155 2014 1181 2059 to

142 2086 243 2139 vantur
261 2078 290 2136 in
310 2093 346 2136 eo
370 2096 423 2136 usu
445 2087 474 2138 et
491 2079 618 2158 oxypori
637 2077 733 2139 obolis
750 2079 937 2157 asperitatem
953 2079 1053 2141 addito
1069 2080 1147 2141 dulci

142 2162 178 2222 ad
198 2162 346 2223 intinctum
364 2163 439 2222 aceti
460 2171 666 2241 temperantes.
694 2164 718 2222 si
734 2163 863 2223 crassior
879 2164 980 2240 pituita
998 2165 1053 2242 sit,
1080 2164 1146 2226 scil·

142 2247 192 2305 lite
212 2253 260 2306 aut
282 2246 350 2306 vino
373 2244 541 2322 absinthite,
565 2248 589 2306 si
613 2255 642 2307 et
661 2247 750 2308 tussis
769 2247 924 2324 sentiatur,
940 2248 1080 2328 hysopite
1098 2249 1147 2310 ad·

101 2331 242 2394 bomixto.
276 2329 377 2391 dantur
400 2331 539 2392 coeliacis
563 2349 626 2392 cum
646 2330 744 2392 intubo
765 2332 891 2392 erratico
910 2332 992 2395 etad
1014 2333 1147 2395 duritiam

142 2415 390 2493 praecordiorum.
426 2414 526 2476 dantur
546 2425 575 2476 et
595 2415 814 2477 melancholicis
837 2415 978 2478 candidae
994 2419 1178 2498 copiosiore

142 2517 191 2559 res
212 2507 240 2559 et
265 2499 300 2560 ad
324 2500 441 2560 vesicae
463 2500 541 2560 vitia.
585 2498 767 2578 Praxagoras
792 2509 822 2560 et
846 2499 1031 2575 dysintericis
1055 2502 1144 2564 dedit.

142 2583 279 2644 ambustis
292 2600 409 2663 quoque
422 2591 542 2663 prosunt
555 2584 739 2659 recentibus,
753 2581 920 2663 priusquam
931 2586 1055 2665 pusulae
1068 2587 1146 2664 hant,

143 2686 206 2728 oum
222 2667 284 2728 sale
300 2668 408 2728 inlitae.
443 2667 542 2730 ulcera
563 2671 648 2728 etiam
665 2685 739 2746 quac
755 2677 875 2747 serpunt
892 2679 1048 2746 coercent,
1064 2672 1145 2732 initio

143 2769 206 2813 cum
228 2751 413 2830 aphronitro,
436 2769 504 2812 mox
524 2753 552 2811 in
569 2753 646 2813 vino.
680 2755 766 2814 tritae
785 2754 844 2831 igni
867 2770 953 2815 sacro
976 2755 1145 2816 inlinuntur.

143 2834 282 2896 convolsa
298 2843 327 2895 et
342 2836 439 2897 luxata
452 2836 580 2896 caulibus
595 2839 669 2897 tritis
684 2855 748 2898 cum
761 2838 879 2916 polenta
894 2856 931 2898 ex
948 2855 1023 2917 aqua
1039 2839 1145 2918 frigida
1155 2858 1178 2901 cc

99 2930 131 2984 ct
142 2919 265 2996 leniunt,
282 2922 452 2998 eruptiones
467 2920 653 3000 papularum,
676 2939 714 2982 ex
728 2922 795 2981 rino
813 2930 843 2982 et
862 2921 991 3001 polenta.
1030 2925 1059 2984 iu
1078 2923 1146 2985 cho·

142 3003 204 3064 lere
228 3020 343 3081 quoque
366 3012 467 3064 coctas
489 3005 593 3082 patinis
621 3004 780 3080 dederunt,
809 3005 845 3066 ad
871 3006 949 3084 quod
974 3007 1147 3069 utilissimae

142 3105 226 3166 quam
241 3089 364 3147 maxumi
382 3089 473 3149 caulis
489 3097 519 3148 et
532 3105 656 3149 amarae.
686 3090 801 3168 quidam
817 3090 893 3151 lacte
908 3090 1068 3153 iuiuuduut.
1096 3093 1145 3154 dc·

142 3170 295 3233 fervefacti
320 3172 348 3231 hi
371 3170 469 3233 caules
494 3182 523 3232 et
545 3173 695 3235 stomacho
718 3173 860 3233 utilissimi
881 3174 1045 3254 traduntur,
1071 3179 1147 3238 sicut

143 3273 244 3329 somno
268 3258 378 3317 aestiva
401 3273 531 3317 maxume
554 3257 667 3318 lactuca
683 3266 712 3318 et
729 3274 823 3318 amara
842 3258 1032 3339 lacteusque,
1059 3275 1176 3341 mamas

99 3359 129 3401 rs,
142 3359 175 3394 ms
199 3339 380 3401 meconidem
398 3341 576 3402 vocavimus.
618 3341 683 3402 Hoc
702 3340 778 3404 lacte
801 3351 830 3402 ct
851 3344 1001 3405 oculorum
1020 3345 1146 3408 claritati

142 3441 206 3484 oum
222 3423 354 3484 muliebri
369 3424 444 3485 lacte
459 3425 637 3487 utilissimum
653 3443 720 3486 esse
734 3428 927 3506 praecipitur,
946 3428 1011 3492 dnm
1022 3431 1144 3511 tempe·

142 3507 215 3567 stive
236 3527 304 3568 cum
326 3510 423 3587 capite
444 3508 633 3586 inunguantur
654 3510 732 3571 oculi
756 3519 786 3571 et
803 3511 839 3572 ad
853 3513 921 3575 vitia
938 3531 1013 3592 quae
1029 3515 1143 3592 frigore
