2396 3900
1 117 2 197 l

284 248 366 296 nur.
382 247 473 296 assu.
490 249 575 296 xvu.
594 247 636 299 10.
662 237 798 316 (tt-lt.)
992 239 1032 299 57

41 412 138 464 ceratas
160 421 217 482 per
240 402 363 463 triduum
384 412 432 463 aut
453 403 545 482 pridie
567 422 652 482 quam
669 413 802 465 serantur
828 423 904 486 aqua
929 407 1031 468 mulsa.

39 504 160 548 mucrone
175 486 279 565 deligi,
298 488 391 547 aciem
408 487 507 548 lateris
526 491 554 548 in
569 488 734 567 aquilonem
752 499 901 568 spectare.
934 500 1032 553 ternas

38 573 104 633 simul
129 571 274 632 serendas
301 571 444 649 triangula
468 573 581 633 ratione
607 573 702 652 palmo
727 573 804 633 inter
831 591 864 632 se
889 574 1029 636 distantis.

38 659 103 718 danis
124 656 231 716 diebus
253 656 392 735 adaquari
413 657 507 718 donec
526 657 730 735 grandescant.
763 656 922 736 luglandes
938 668 1076 723 nonestis

23 749 180 822 tporrectae
203 749 341 800 seruntur
364 742 558 802 commissuris
580 743 759 820 iacentibus,
786 743 892 822 pineae
919 744 1031 805 nucleis

1 872 2 882 ,
38 827 153 905 septenis
175 825 241 885 lere
265 825 294 883 in
315 823 390 884 ollas
405 827 570 904 perforatas
593 827 696 887 additis
717 836 766 888 aut
787 837 816 886 ut
838 827 935 887 laurus
957 847 1032 908 quae

37 911 102 971 bacis
119 910 240 969 seritur.
273 910 365 970 citrea
382 927 473 986 grano
490 919 520 970 et
535 912 714 990 propagine,
738 910 828 972 sorba
844 912 956 972 semine
973 922 1032 973 eta

37 995 120 1056 radice
141 993 243 1073 planta
268 1001 298 1052 et
319 993 470 1055 avolsione
492 996 674 1074 proveniunt.
707 996 760 1057 sed
785 995 835 1056 illa
861 997 889 1054 in
917 995 1031 1073 calidis,

37 1079 111 1139 sorba
125 1080 155 1138 in
171 1077 288 1154 frigidis
304 1087 335 1137 et
349 1079 462 1139 umidis.

14 1171 32 1212 ¹0
87 1163 171 1243 (12.)
193 1161 304 1222 Natura
325 1171 355 1222 et
376 1163 516 1241 plantaria
536 1164 744 1226 demonstrarit
758 1164 910 1224 multarum
925 1165 1028 1225 radici·
1039 1175 1073 1229 65

38 1247 79 1307 bus
101 1247 264 1326 pullulante
286 1245 390 1306 subole
412 1247 501 1308 densa
523 1258 552 1309 et
573 1251 704 1328 pariente
724 1258 815 1309 matre
836 1267 909 1327 quas
932 1258 1028 1308 necet.

39 1334 87 1391 eins
95 1333 205 1410 quippe
220 1330 322 1391 umbra
334 1330 418 1392 turba
433 1332 575 1410 indigesta
588 1335 736 1412 premitur,
747 1341 777 1392 ut
792 1333 820 1392 ln
836 1332 936 1409 lauris,
948 1334 1028 1412 puni·

40 1417 80 1492 cis,
94 1414 233 1494 platanis,
249 1417 371 1492 cerasis,
387 1419 494 1494 prunis.
524 1435 682 1496 paucorum
705 1419 734 1477 in
755 1416 813 1477 hoc
828 1435 941 1494 genere
958 1419 1030 1478 rami

38 1510 145 1578 parcunt
165 1499 282 1575 s'uboli,
303 1509 333 1559 ut
347 1499 487 1562 ulmorum
507 1501 732 1582 palmarumque.
764 1501 850 1568 uullis
864 1519 937 1562 vcro
953 1501 1028 1562 tales

18 1585 125 1662 sputus
140 1585 318 1664 proveniunt
330 1584 385 1644 nisi
401 1602 519 1663 quarum
537 1586 650 1646 radices
671 1602 770 1647 amore
786 1586 857 1646 solis
875 1594 963 1664 atque
978 1587 1027 1644 irn-

39 1669 86 1728 bris
99 1670 127 1728 in
141 1685 252 1728 summa
268 1669 375 1728 tellure
391 1671 558 1748 spatiantur.
589 1669 688 1732 Omnia
705 1686 739 1730 ea
755 1686 812 1729 non
829 1671 921 1730 statim
937 1671 1027 1728 moris
1037 1679 1071 1734 66

40 1762 75 1812 est
94 1754 121 1812 ln
138 1771 190 1814 sua
207 1753 301 1814 locari
323 1753 376 1813 sed
398 1755 476 1832 prius
490 1756 594 1815 nutrici
616 1756 677 1816 dari
701 1763 788 1834 atque
815 1755 843 1814 in
866 1754 1028 1814 seminariis

40 1838 200 1898 adolescere
219 1839 382 1916 iterumque
399 1841 534 1917 migrare,
549 1841 596 1918 qui
609 1841 745 1900 transitus
760 1839 860 1898 mirum
876 1840 903 1898 iu
913 1837 1029 1898 modum

39 1923 134 2000 mitigat
150 1924 238 1983 etiam
254 1923 410 1998 silvestris,
422 1925 484 1983 sire
500 1923 633 1983 arborum
647 1941 764 2003 quoquc
778 1932 809 1982 ut
819 1923 965 1982 hominum
980 1940 1028 1982 na·

17 2015 92 2066 atara
105 2007 241 2067 novitatis
257 2024 292 2067 ac
312 2009 556 2086 peregrinationis
571 2008 653 2068 avida
674 2017 735 2084 est,
759 2007 822 2067 sive
841 2007 1028 2068 discedentes

42 2093 106 2151 sirus
120 2091 264 2152 relincunt
279 2101 541 2172 mansuescuntque
561 2101 684 2153 tractatu
706 2110 758 2152 ceu
779 2091 878 2168 lerae,
902 2091 967 2151 dum
983 2109 1028 2150 ra·

43 2174 88 2234 dici
101 2175 234 2236 avellitur
247 2175 355 2254 planta.
828 2226 831 2231 .

96 2260 176 2340 (13.)
199 2258 236 2320 Et
250 2260 328 2320 allud
346 2278 439 2337 genus
458 2261 551 2342 simile
572 2269 672 2320 natura
687 2261 857 2321 monstravit
872 2259 1024 2336 avolsique
1036 2267 1069 2323 67

44 2344 180 2405 arboribus
195 2345 328 2405 stolones
340 2347 459 2421 vixere,
481 2362 538 2423 qno
560 2345 588 2404 iu
603 2362 712 2422 genere
738 2354 766 2404 et
789 2363 852 2404 cum
870 2361 961 2422 perna
977 2361 1028 2403 sua

19 2427 189 2489 *avelluntur
205 2438 376 2508 partemque
393 2428 517 2507 aliquam
532 2448 548 2489 e
563 2430 660 2490 matris
674 2447 792 2508 quoque
808 2444 934 2506 corpore
948 2426 1027 2486 aule·

45 2521 97 2571 mnt
110 2531 206 2573 secum
222 2513 364 2574 fimbriato
382 2531 518 2592 corpore.
545 2514 602 2574 boc
614 2514 699 2574 modo
715 2513 878 2592 plantantur
895 2512 1027 2589 punicae,

46 2596 132 2673 coryli,
146 2598 223 2674 mali,
241 2597 332 2676 sorbi,
345 2599 499 2677 mespilae,
523 2597 637 2674 fraxini,
657 2598 703 2657 lici
725 2600 753 2658 in
770 2597 927 2677 primisque
942 2595 1026 2654 vites.

46 2689 181 2742 cotoneum
196 2683 236 2742 ita
252 2692 344 2744 saturn
359 2683 529 2760 degenerat.
563 2681 609 2742 Ex
626 2682 730 2742 eodem
747 2683 891 2742 inventum
908 2688 1023 2739 estsur·
1037 2689 1072 2744 68

46 2764 114 2824 calos
129 2766 262 2826 abscisos
281 2785 394 2827 serere.
430 2766 488 2826 boc
508 2768 601 2846 primo
624 2767 722 2844 saepis
743 2783 830 2826 eausa
845 2765 963 2841 factum,
982 2783 1027 2824 sa·

19 2847 123 2926 abacis,
140 2860 266 2912 cotoneo
279 2860 309 2912 ct
323 2850 403 2911 rubis
418 2852 561 2930 depactis,
572 2868 640 2912 mox
656 2860 685 2910 et
701 2851 841 2930 culturae,
858 2858 888 2908 ut
899 2849 1027 2927 populis,

46 2932 120 3010 aluis,
141 2935 240 3013 salici,
263 2954 339 3015 quae
356 2935 405 2996 vel
426 2937 543 2996 inverso
562 2936 678 2996 surculo
696 2937 812 2995 seritur.
846 2935 900 2994 iam
919 2933 974 2993 hae
989 2932 1029 2992 ibi

47 3016 215 3096 disponuntur
233 3020 283 3080 ubi
300 3021 389 3081 libeat
406 3039 473 3081 esse
491 3038 552 3097 eas,
570 3019 757 3100 quamobrem
777 3019 911 3079 seminari
933 3035 1028 3078 curam

47 3110 98 3162 aute
115 3106 247 3166 convenit
264 3105 321 3164 dici
340 3123 424 3183 qnam
439 3114 603 3165 transeatur
619 3105 654 3165 ad
670 3104 725 3164 alia
743 3122 862 3181 genera.
878 3115 881 3118 '

96 3186 175 3268 (14.)
191 3188 324 3268 Namque
334 3189 369 3249 ad
384 3190 412 3250 id
427 3190 615 3268 praecipuum
628 3189 697 3265 eligi
714 3189 807 3248 solum
818 3187 920 3262 relert,
935 3200 1024 3264 quon·
1036 3192 1070 3248 69

20 3270 89 3330 stan
108 3275 244 3333 nutricem
266 3272 509 3350 indulgentiorem
526 3291 594 3333 esse
611 3290 694 3352 quam
709 3282 828 3333 matrem
848 3288 937 3348 saepe
960 3286 1027 3328 con·

44 3355 118 3414 venit.
141 3359 177 3417 sit
189 3374 261 3435 ergo
276 3359 384 3418 siccum
396 3375 601 3436 sucosumque,
614 3357 723 3436 bipalio
736 3357 895 3429 subactum,
909 3353 1027 3412 advenis

44 3435 170 3518 bospitale
191 3452 220 3503 et
241 3459 328 3521 quam
348 3443 518 3502 simillimum
542 3450 638 3502 terrac
661 3443 688 3500 in
711 3459 794 3519 quam
810 3435 1028 3500 transferendae

45 3522 102 3596 sint,
125 3534 189 3586 ante
212 3527 306 3616 omnia
323 3527 497 3606 elapidatum
511 3527 705 3603 munitumque
725 3525 760 3585 ad
781 3527 926 3584 incursum
943 3522 1028 3581 etiam
