2396 3900
151 244 210 304 110
490 253 521 302 c.
544 254 641 301 suum
663 253 813 302 ssounnr

151 427 212 470 sum
231 418 261 470 et
278 410 355 488 quod
373 410 580 487 centigranium
591 420 707 470 nocant.
738 411 871 470 inventus
883 412 996 471 estium
1008 420 1039 470 et
1051 404 1165 489 scapus

150 511 222 553 unns
239 502 353 553 centum
368 492 443 553 faltis
459 503 588 553 onustus.

106 587 174 642 9640
212 576 296 657 (22.)
317 576 438 638 Aestiva
454 577 596 637 immnuta
616 577 737 638 diximus
759 579 908 653 cesimum,
931 578 1055 654 milium,
1078 577 1162 655 pani-

151 679 224 722 cum.
255 662 364 722 sesima
383 661 419 721 sl)
440 659 517 722 ludis
538 662 626 721 venit.
661 679 700 721 cx
720 679 755 722 ea
773 672 802 723 et
824 663 920 722 oleum
937 662 1056 737 faciunt,
1074 661 1163 721 color

150 747 213 805 eins
230 744 379 806 candidus.
413 741 483 806 huic
497 745 591 806 simile
607 745 692 804 estin
706 745 776 807 Asia
792 745 973 825 Graeciaque
990 747 1187 822 erysimnm‚s

150 829 286 907 idemque
301 838 374 906 erat,
390 829 444 888 nisi
460 831 593 908 pinguius
609 839 699 904 esset,
716 830 796 908 qnod
811 830 889 908 apud
903 847 956 890 nos
968 838 1075 890 vocant
1090 830 1161 889 irio-

149 931 231 988 nem,
251 913 488 973 medicaminibus
510 914 751 974 adnumerandum
775 916 872 994 potius
899 932 983 993 quam
1012 912 1159 992 frugibus.

149 997 280 1058 eiusdem
294 1006 413 1057 naturae
428 1007 459 1056 et
471 997 630 1057 horminum
649 998 768 1059 Graecis
785 999 902 1075 dictum,
920 998 973 1059 sed
988 999 1103 1074 cymino
1120 998 1160 1058 si·

147 1080 227 1158 mile,
243 1082 348 1142 seritur
363 1099 427 1140 curn
443 1083 558 1142 sesima.
587 1082 643 1142 hac
659 1091 689 1142 et
702 1083 794 1142 irione
809 1083 916 1143 nullum
938 1083 1042 1144 animal
1060 1083 1160 1142 resci-

148 1165 377 1225 turvirentilrus.
1168 1187 1197 1229 rc

106 1257 140 1313 st
211 1248 293 1329 (23.)
314 1248 425 1309 Pistura
439 1265 497 1309 nou
517 1251 641 1309 omnium
655 1249 766 1326 facilis,
792 1252 901 1330 quippe
915 1249 1030 1310 Etruria
1044 1252 1159 1329 spicam

148 1332 234 1392 farris
248 1335 318 1393 tosti
332 1334 445 1411 pisente
462 1333 522 1412 pilo
543 1334 744 1412 praeferrato,
766 1334 862 1395 fistula
886 1343 997 1396 serrata
1018 1344 1049 1394 et
1069 1334 1158 1395 stella

149 1419 224 1476 intus
244 1416 435 1494 denticulata,
457 1427 505 1493 ut,
527 1419 551 1478 si
570 1419 707 1478 intentius
719 1419 830 1496 pisant,
855 1419 1043 1480 concidantur
1063 1436 1157 1496 grana

148 1500 316 1580 ferrumque
332 1501 490 1580 frangatur.
520 1505 612 1563 maior
626 1520 694 1580 pars
708 1499 810 1563 ltaliae
825 1504 909 1564 ruido
920 1505 1007 1564 utitur
1019 1504 1092 1583 pilo,
1107 1521 1156 1564 ro·

149 1586 185 1644 tis
202 1587 288 1647 etiam
303 1603 374 1664 quas
390 1605 464 1665 aqua
477 1597 593 1664 verset,
620 1586 717 1647 obiter
732 1596 761 1646 et
781 1587 867 1648 mola.
895 1589 932 1649 de
957 1590 1020 1667 ipsa
1040 1590 1197 1649 rationem

107 1678 142 1735 98
151 1670 264 1748 pisendi
275 1668 408 1747 Magonis
424 1681 604 1751 proponetur
617 1672 774 1732 sententia:
801 1674 924 1732 triticum
938 1682 1004 1733 aute
1020 1673 1156 1751 perfundi

149 1771 223 1831 aqua
235 1754 322 1830 multa
334 1754 424 1830 iubet,
441 1765 545 1835 postea
558 1755 657 1831 evalli,
670 1756 736 1816 dein
749 1756 813 1816 sole
825 1758 964 1818 siccatum
975 1757 1036 1836 pilo
1048 1759 1156 1837 repeti.

149 1838 234 1897 simili
248 1837 335 1898 modo
353 1839 503 1899 hordeum.
530 1839 614 1900 huius
629 1841 772 1900 sextarios
786 1854 836 1900 xx
849 1843 948 1920 spargi
959 1841 1074 1902 dnolms
1088 1860 1156 1902 sex·

148 1923 228 1980 tariis
243 1940 345 2000 aquae.
374 1923 482 1998 lentem
495 1925 600 1984 torreri
615 1925 711 2002 prins,
728 1924 795 1984 dein
816 1943 880 1986 cum
902 1925 1059 1986 furfuribus
1082 1925 1154 1986 levi-

148 2015 195 2064 ter
212 2007 267 2083 pisi
282 2015 331 2065 ant
346 2006 443 2067 addito
461 2009 490 2067 in
503 2009 650 2068 sextarios
668 2021 717 2068 xx
732 2008 831 2068 lateris
847 2010 928 2070 crudi
942 2010 1034 2071 lrnsto
1058 2019 1089 2070 et
1103 2011 1196 2080 huso¹

147 2106 236 2150 renas
252 2090 394 2150 semodio.
425 2091 555 2152 erviliam
575 2093 677 2153 iisdem
698 2094 791 2154 modis
808 2093 912 2172 quihus
932 2094 1050 2154 lentem.
1081 2096 1152 2156 sesi·

147 2189 221 2232 maur
237 2174 265 2232 iu
281 2173 375 2234 calida
390 2185 564 2236 maceratam
580 2178 740 2256 exporrigi,
757 2178 824 2238 dein
838 2179 994 2238 confricari
1005 2188 1035 2238 et
1046 2179 1153 2256 frigida

146 2259 239 2334 mergi
256 2266 286 2316 nt
301 2257 406 2336 paleae
424 2259 607 2337 damnentur,
623 2264 786 2341 iterumque
802 2264 951 2342 exporrigi
967 2264 995 2322 in
1017 2263 1083 2323 sole
1105 2283 1152 2324 su-

92 2411 97 2418 ,
147 2340 314 2419 perliutea‚
334 2342 481 2422 quodnisi
501 2345 636 2404 festinato
659 2355 830 2423 peragatur,
853 2347 946 2408 lurido
969 2346 1071 2408 coloie
1092 2367 1151 2408 mn·

103 2431 137 2486 99
147 2442 278 2485 cascere.
310 2424 348 2486 Et
370 2427 433 2504 ipsa
454 2437 548 2488 autem
574 2444 647 2507 quae
670 2429 830 2490 evalluntur
852 2433 959 2492 variam
978 2433 1198 2511 pisturammro,

146 2510 288 2569 rationem
309 2509 425 2571 habeut.
459 2530 528 2572 acus
551 2522 687 2589 vocatur,
716 2531 780 2574 eum
807 2533 861 2594 per
881 2533 915 2575 se
935 2517 1038 2595 pisitur
1057 2519 1150 2596 spica,

145 2601 253 2654 tautum
271 2593 417 2654 aurificum
434 2596 470 2656 ad
483 2615 562 2656 usus.
596 2598 621 2656 si
636 2614 708 2657 vero
720 2599 748 2657 in
762 2617 829 2660 area
841 2601 942 2660 teritur
955 2619 1019 2661 oum
1034 2600 1150 2680 stipula,

145 2677 247 2755 palea,
265 2680 293 2738 iu
309 2680 420 2739 maiore
435 2689 578 2740 terrarum
594 2691 677 2761 parte
692 2683 729 2743 ad
745 2683 851 2763 pabula
866 2685 1064 2746 iumentomm.
1091 2684 1150 2745 llili

146 2768 175 2818 et
192 2763 288 2838 panici
304 2771 334 2822 et
350 2765 475 2824 sesimae
492 2774 678 2845 purgamenta
695 2767 828 2845 apludam
842 2777 948 2828 vocant
959 2778 988 2829 et
1002 2769 1072 2831 alibi
1086 2768 1149 2832 aliis

143 2845 314 2906 nominibus.
784 2898 786 2900 .
1155 2870 1197 2912 ao¹

101 2938 153 2990 100
222 2929 305 3008 (24.)
327 2929 406 2991 llilio
423 2930 579 3011 Campania
592 2936 750 3013 praecipue
764 2936 872 3012 gaudet
894 2939 1061 3018 pultemque
1084 2957 1147 3000 can·

109 3050 111 3054 .
146 3012 242 3073 didam
261 3032 299 3073 ex
315 3031 352 3074 eo
368 3016 446 3078 facit.
479 3016 838 3098 litetpauispraedulcis.
873 3023 1146 3102 sarmatarumquo-

144 3114 201 3175 qne
217 3107 321 3176 gentes
335 3099 391 3161 hac
406 3118 537 3162 maxume
554 3102 634 3181 pulte
650 3103 762 3164 aluntur
779 3112 810 3164 et
831 3105 919 3166 cruda
943 3107 1030 3168 etiam
1046 3109 1145 3184 farina,

144 3183 250 3261 equino
267 3182 345 3244 laete
361 3185 411 3245 vel
428 3187 568 3263 sanguiue
585 3205 602 3246 e
618 3189 710 3247 cruris
721 3190 803 3248 venis
817 3189 954 3250 admixto.
984 3192 1145 3272 Aethiopes

142 3283 200 3326 non
215 3267 300 3328 aliam
315 3268 429 3346 frugem
444 3287 528 3348 quam
543 3270 602 3330 mili
619 3271 780 3351 hordeique
795 3290 917 3336 novere.
1151 3293 1173 3336 ss

1 3345 18 3434 ἰ
103 3361 153 3414 101
225 3351 309 3431 (25.)
331 3352 437 3414 Punico
464 3362 493 3413 et
519 3353 629 3416 Galliae
656 3357 787 3437 quidem,
817 3360 977 3439 praecipue
992 3360 1143 3440 Aquitania

10 3443 15 3451 ·
142 3436 239 3511 utitur,
263 3436 315 3496 sed
331 3447 361 3497 et
377 3438 596 3517 circumpadana
615 3439 697 3501 ltalia
713 3441 809 3502 addita
824 3443 906 3521 tona,
926 3446 989 3504 siue
1005 3465 1062 3526 qua
1079 3444 1142 3506 uilril

141 3519 303 3580 conficiunt.
336 3521 474 3582 Ponticae
490 3533 593 3600 gentes
605 3523 712 3584 nullum
730 3527 832 3604 panico
850 3529 1021 3608 praeferunt
1042 3530 1140 3591 cibum.
