2406 3914
244 259 324 306 aaa.
340 254 433 306 meu
450 255 539 303 xxm.
555 252 676 307 ate-as
695 241 849 320 (ιι-59)
1003 240 1065 303 289

0 451 1 454 =
64 413 253 492 praesideret,
288 420 446 491 conreptus
471 408 576 471 dolore
596 411 746 489 podagrae
767 409 867 468 mersit
893 409 920 467 in
942 409 1066 470 triticum

0 551 1 564 ,
63 515 143 576 super
156 513 252 575 genua
268 513 351 573 sese,
376 495 550 573 levatusque
569 496 687 556 siccatis
709 492 833 574 pedibus
854 490 1048 552 mirabilem
1038 513 1067 554 ιιι

0 581 1 662 ἦ
62 582 167 641 nodum
182 581 240 641 hoc
255 589 360 658 postca
377 578 508 639 remedio
524 598 593 639 usus
612 588 666 638 est.
703 580 747 638 vis
762 585 840 638 tanta
857 586 902 637 est
924 586 955 636 ιιι
975 578 1066 638 cados
1085 570 1090 583 ’

0 677 1 682 ’
62 665 158 744 plenos
174 667 278 724 siccet.
314 664 431 724 Paleana
446 681 564 744 quoque
579 662 666 724 tritici
680 663 729 723 vel
747 662 850 722 hordei
866 661 1013 721 calidam
1004 680 1045 721 ιιι-
1059 673 1109 725 121

44 751 123 828 aponi
142 750 281 809 ramicum
301 749 491 809 incommodis
512 749 628 826 experti
648 745 763 822 iubent,
785 763 900 824 quaque
923 745 1067 806 decoctae

62 834 111 893 sint
124 851 199 912 aqua
218 832 323 893 loveri.
352 832 406 892 Est
424 839 454 892 et
472 834 501 893 iu
517 832 594 892 larre
611 831 789 891 vermiculus
808 829 931 889 teredini
955 830 1067 905 similis,

63 935 112 996 quo
125 918 206 977 cavis
219 917 345 976 dentium
357 934 426 977 cera
438 917 552 978 incluso
567 914 674 976 cadere
684 915 776 975 vitiati
787 914 928 990 dicuntur,
943 915 1028 974 etiam
1043 916 1074 986 si,

61 1001 203 1061 tricentur.
237 999 354 1075 Olyram
370 1003 496 1062 arincam
512 1000 635 1060 diximus
649 1001 758 1060 vocari.
794 999 849 1059 hac
863 997 987 1058 decocta
1005 997 1073 1063 lite,
1088 1021 1111 1055 οι

60 1085 293 1146 medicamentum
308 1085 385 1164 quod
400 1085 541 1163 Aegyptii
556 1083 685 1146 atheram
699 1091 822 1159 vocant,
845 1081 1000 1142 infantibus
1015 1083 1067 1140 uti·

35 1168 210 1244 aclissimum,
230 1168 282 1228 sed
296 1177 325 1228 et
339 1169 454 1230 adultos
473 1169 592 1228 inlinunt
609 1185 657 1228 eo.

116 1252 203 1331 (58.)
227 1251 332 1314 Farina
343 1271 382 1313 ex
395 1252 508 1313 hordeo
525 1261 555 1312 et
570 1253 658 1312 cruda
674 1260 703 1311 et
715 1252 839 1311 decocta
856 1251 1049 1311 collectiones
1062 1257 1111 1312 lta

59 1338 239 1416 impetusque
261 1338 393 1414 discutit,
424 1337 511 1414 lenit,
546 1336 712 1415 concoquit.
742 1335 917 1413 decoquitur
943 1335 1015 1395 alias
1040 1335 1069 1394 in

60 1422 143 1481 mulsa
162 1438 239 1499 aqua
255 1429 303 1481 aut
317 1421 374 1481 hcc
390 1422 479 1482 sicca.
510 1422 647 1482 iocineris
662 1419 830 1495 doloribus,
848 1437 912 1478 cum
927 1437 983 1498 pus
999 1434 1067 1478 con·

61 1507 140 1584 coqui
155 1521 233 1584 opus
248 1514 311 1582 est,
338 1523 402 1565 eum
416 1507 500 1583 vino,
518 1524 582 1565 cum
595 1520 668 1564 vero
685 1505 761 1563 inter
776 1503 958 1602 coquendum
974 1502 1068 1562 discu-

34 1589 241 1688 radendumque
258 1607 328 1649 cura
343 1598 402 1666 est,
417 1591 510 1650 tunc'
502 1608 530 1648 ιιι
546 1596 632 1650 aceto
649 1587 753 1648 melius
770 1589 868 1646 autin
884 1587 969 1646 laece
993 1587 1070 1646 aceti

60 1675 148 1732 autin
168 1674 304 1732 cotoneis
326 1674 435 1753 pirisve
457 1672 599 1733 decoctis.
627 1672 663 1733 ad
681 1671 858 1749 multipedae
875 1687 987 1731 morsus
1006 1687 1068 1728 cum

59 1757 156 1834 melle,
181 1756 217 1816 ad
234 1758 435 1834 serpentium
426 1775 455 1818 ιιι
471 1767 556 1817 aceto
572 1765 601 1816 et
618 1763 719 1816 contra
738 1756 943 1834 suppurantia,
964 1752 1000 1814 ad
1019 1769 1068 1812 ex·

60 1840 211 1900 trahendas
233 1843 459 1920 suppurationes
480 1859 519 1902 ex
533 1858 626 1919 posca
649 1839 744 1900 addita
758 1842 854 1899 resina
871 1837 997 1916 Gallica,
1014 1835 1049 1896 ad
1062 1845 1113 1901 123

61 1925 266 1985 concoctiones
287 1943 359 1985 vero
385 1935 414 1986 et
436 1925 536 1985 ulcera
559 1933 661 1984 vetera
678 1941 742 1984 cum
764 1925 877 1998 resina,
897 1922 932 1983 ad
950 1883 1068 1982 duditias

32 2025 117 2068 mcum
135 2009 204 2068 limo
224 2007 422 2069 columbarum
437 2017 484 2070 aut
499 2009 556 2068 dco
572 2009 650 2069 sicca
665 2016 713 2068 aut
729 2009 845 2085 cinere,
862 2007 897 2066 ad
915 2023 1069 2065 nervorum

59 2092 292 2153 inflammationes
310 2102 357 2152 aut
372 2094 571 2152 intestinorum
588 2092 637 2153 vel
654 2092 777 2152 laterum
793 2091 913 2152 dolores
935 2109 998 2150 cum
1018 2107 1069 2168 pa·

59 2193 161 2254 parere
180 2185 229 2237 aut
245 2176 393 2253 meliloto,
408 2185 437 2236 et
454 2177 588 2255 quotiens
612 2175 649 2236 ab
666 2174 782 2235 ossibus
796 2192 865 2236 caro
881 2174 1009 2250 recedit,
1033 2173 1069 2233 ad

61 2268 174 2319 strumas
203 2260 270 2318 'cum
299 2261 366 2338 pice
391 2269 422 2320 et
441 2259 555 2340 inpubis
575 2261 658 2338 pueri
678 2260 776 2336 irrina,
806 2277 870 2320 cum
891 2259 971 2319 oleo.
1006 2276 1069 2317 cum

60 2341 166 2404 Graeco
177 2343 250 2404 leno
263 2353 364 2404 contra
373 2344 609 2423 praecordiorum
621 2352 750 2403 tumores
762 2344 810 2404 vel
822 2345 850 2403 in
861 2341 994 2402 febribus
1006 2359 1069 2401 cum

31 2427 140 2486 tenelle
153 2428 204 2487 vel
220 2427 307 2506 adipe
324 2437 450 2487 vetusto.
480 2428 652 2506 Suppuratis
667 2428 779 2488 triticea
795 2428 885 2488 larina
899 2426 989 2486 multo
1005 2425 1047 2484 le·
1062 2433 1112 2488 tid

59 2511 124 2571 nior.
146 2513 247 2571 nervis
263 2529 327 2572 cum
342 2512 511 2587 hyoscyami
529 2529 601 2571 suco
617 2511 760 2588 inlinitur,
779 2529 817 2570 ex
835 2519 921 2570 aceto
937 2519 966 2569 et
980 2507 1068 2568 melle

60 2593 194 2672 lentigini.
212 2612 300 2682 neae,
315 2615 353 2656 ex
365 2613 421 2675 qua
433 2596 535 2656 alicam
550 2596 613 2655 lieri
629 2595 765 2671 diximus,
779 2595 1063 2656 efficacioretiame
1079 2614 1111 2650 ιιι

59 2666 233 2739 hordeacea
237 2679 362 2757 videtur,
377 2680 529 2740 trimestris
542 2679 667 2740 mollior.
696 2697 733 2740 ex
745 2682 813 2738 vino
828 2677 917 2737 rubro
936 2677 972 2738 ad
988 2695 1068 2740 soor·

60 2763 168 2839 pienum
184 2765 262 2824 ictus
274 2765 372 2843 tepida
385 2773 414 2823 et
426 2766 595 2841 sanguinem
605 2763 858 2840 exscreantibus,'
849 2771 918 2821 rtem
931 2763 1067 2837 arteriae,

31 2863 52 2905 ιο
61 2848 125 2906 tussi
137 2865 203 2907 cum
216 2849 336 2926 caprino
350 2847 423 2908 sebo
435 2858 484 2907 aut
494 2847 612 2923 butyro.
644 2867 681 2908 ex
691 2849 760 2907 ieno
773 2845 886 2908 Graeco
898 2846 1068 2907 mollissima

60 2932 185 2991 omnium.
207 2930 310 2992 ulcera
321 2934 462 2993 manantia
474 2941 556 2992 sanat
567 2942 596 2992 et
606 2933 733 2992 iuniores
747 2932 892 3009 corporis,
908 2931 1049 2992 stomachi
1063 2942 1111 2996 ιιι

60 3013 188 3092 dolores,
213 3015 309 3094 pedes
332 3026 362 3076 et
383 3034 517 3076 mammas
539 3034 603 3076 cum
624 3018 691 3077 vino
706 3025 736 3075 et
752 3018 826 3076 nitro
844 3025 940 3076 cocta.
970 3018 1068 3076 aerina

60 3100 144 3175 magis
157 3101 266 3160 ceteris
280 3109 386 3179 purgat
395 3101 498 3160 ulcera
509 3110 648 3161 veteraet
659 3117 853 3178 gangraenas,
867 3118 931 3160 cum
938 3101 1067 3178 raphano

61 3191 87 3241 et
101 3183 162 3243 sale
177 3193 208 3244 et
221 3193 307 3244 aceto
323 3184 471 3257 lichenas,
492 3184 590 3263 lepras
606 3204 671 3244 curn
685 3184 804 3262 sulpure
818 3185 902 3259 vivo,
918 3193 948 3242 et
964 3185 1067 3263 capitia

31 3264 174 3327 asdoloncs
191 3285 256 3328 cum
273 3269 359 3347 adipe
377 3270 512 3328 anserino
528 3270 654 3347 inposita
670 3269 768 3330 fronti.
795 3279 918 3329 strumas
928 3276 958 3326 et
974 3285 1068 3345 panos

2 3359 3 3436 ι
62 3353 211 3491 cpncoquit
238 3370 303 3411 cum
334 3352 402 3414 limo
431 3352 594 3413 columbino
625 3362 654 3413 et
676 3353 725 3414 lini
749 3355 859 3412 semine
887 3352 1011 3412 decocta
1039 3353 1067 3410 in

2 3449 3 3462 ³
61 3451 133 3494 vno.
744 3465 746 3468 ·

121 3518 203 3598 (59.)
225 3519 272 3580 De
293 3520 432 3599 polentae
454 3521 612 3599 generibus
628 3522 656 3581 in
673 3521 786 3598 frugum
808 3520 876 3580 icco
892 3519 1110 3582 subdiri-126

107 3609 385 3665 rammammsmlll.
857 3605 895 3667 19
1044 3602 1108 3640 ’Ψ
