2396 3922
157 238 217 300 140
492 249 799 298 c.runr1sucunu1

155 412 257 480 gustus
271 401 365 462 calidi.
396 405 523 464 nascitur
542 405 571 464 iu
590 404 697 481 apricis
712 404 799 463 saxis.
836 402 952 463 diluitur
974 403 1003 459 iu
1017 399 1090 459 uiuo
1105 397 1151 458 hi·

154 487 289 564 hiturque
311 485 347 546 ad
368 486 497 548 dolorem
517 487 623 548 volvae
646 495 676 546 et
695 487 773 547 vitia.
809 487 950 546 macerari
974 491 1101 562 oportet
1121 483 1153 542 iu

155 571 289 629 sextariis
304 569 396 630 trihus
411 571 597 648 quadrantem
611 570 717 630 radicis
734 579 834 630 tunsae
848 577 935 629 nocte
951 577 981 627 ει
996 566 1057 626 die.
1092 576 1152 625 tra·

153 652 196 714 hit
209 651 310 718 eadem
330 655 411 731 potio
431 663 461 728 et
475 655 628 730 secundas,
644 655 753 714 semiue
768 653 814 712 lac
828 653 959 711 minuitur
972 651 1003 709 iu
1016 650 1091 708 vino
1102 656 1154 708 aut

152 736 427 814 mulsaaquapoto.
1161 750 1174 790 s

112 831 144 886 61
218 821 301 898 (39.)
326 819 440 880 cirsion
457 819 612 880 cauliculus
628 827 673 878 est
694 829 778 878 tener
791 819 875 878 duum
893 815 1077 891 cubitorum,
1101 817 1151 874 tri-

154 905 260 980 angulo
281 904 397 978 similis,
426 903 504 963 loliis
523 904 649 982 spinosis
671 903 870 963 circumdatus.
916 902 1019 978 spinae
1040 897 1152 957 molles

153 995 227 1046 sunt.
252 985 321 1046 folia
337 986 420 1046 bovis
435 987 550 1063 linguae
567 987 678 1062 similia,
694 987 820 1061 minora,
836 982 1029 1057 subcandida,
1057 983 1088 1041 in
1104 998 1151 1039 ca·

155 1071 265 1128 cumina
279 1069 403 1146 capitula
420 1087 566 1149 purpurea
581 1087 655 1147 quae
672 1069 823 1129 solvuntur
837 1070 866 1126 in
882 1068 1048 1143 lanugines.
1076 1064 1151 1123 hauc

153 1153 269 1212 herbam
285 1153 449 1212 radicemve
473 1154 534 1212 elus
555 1153 737 1230 adalligatam
758 1153 875 1212 dolores
894 1152 1026 1210 varicum
1043 1159 1180 1208 sanarem

153 1235 273 1294 tradunt.
1026 1241 1029 1248 '

111 1329 145 1382 δι
218 1318 300 1396 (40.)
322 1317 525 1395 Cratuegouou
540 1321 639 1396 spicae
654 1319 739 1378 tritici
761 1318 932 1392 studeant,
952 1315 1053 1374 multis
1074 1314 1152 1373 cala·

152 1402 205 1460 mis
218 1419 255 1461 ex
269 1419 322 1460 una
337 1403 436 1462 radice
451 1403 637 1462 emicantibus
653 1402 862 1480 multorumque
877 1400 1100 1478 geniculorum,
1124 1399 1153 1456 in

154 1487 262 1562 opacis,
279 1487 388 1544 semine
399 1487 468 1564 mili,
485 1486 670 1546 vehementer
681 1503 788 1564 aspero
801 1494 897 1562 gustu,
913 1483 991 1562 quod
1008 1484 1033 1541 si
1052 1481 1154 1540 bibant

153 1585 191 1626 cx
205 1569 271 1626 vino
292 1577 358 1628 ante
380 1588 480 1629 cenam
503 1569 593 1629 trihus
617 1569 711 1629 chelis
733 1571 761 1628 in
782 1567 893 1643 cyathis
914 1585 1008 1647 aquae
1026 1564 1179 1624 totidemc

152 1651 253 1710 muller
265 1668 299 1711 ac
316 1653 359 1710 vir
371 1663 435 1712 ante
451 1662 623 1731 conceptum
634 1652 737 1712 diebus
749 1653 809 1726 XL,
826 1652 917 1711 virilis
929 1667 1020 1710 sexus
1037 1657 1152 1726 partum

150 1733 273 1794 futurum
289 1735 375 1794 aiunt.
415 1735 453 1796 Et
468 1737 523 1797 alia
539 1745 584 1796 est
598 1745 790 1813 crataegouos
811 1753 885 1813 quae
900 1735 1084 1810 thelygonos
1099 1747 1152 1790 vo-

110 1825 242 1880 fitcatur.
273 1817 431 1880 differentia
445 1820 622 1896 intellegitur
633 1820 749 1880 lenitate
764 1828 875 1896 gustus.
897 1827 963 1878 suut
978 1817 1029 1896 qui
1047 1815 1152 1875 dorem

154 1903 320 1978 crataegoni
343 1901 468 1963 bibentis
487 1903 622 1962 mulieres
638 1904 710 1963 intra
730 1902 788 1962 XL.
810 1903 886 1962 diem
907 1902 1072 1979 concipere
1096 1907 1151 1956 tra·

152 1983 228 2042 daut.
259 1983 358 2044 eadem
381 1996 481 2045 sanant
496 1986 595 2046 ulcera
612 1995 711 2046 vetera
727 1989 811 2062 nigra
826 2003 889 2045 cum
904 1984 1010 2054 melle,
1027 1981 1180 2062 explens

152 2068 229 2125 sinus
249 2067 377 2128 ulcerum
401 2078 431 2128 ει
452 2069 573 2146 atropha
592 2071 759 2129 carnosiora
774 2068 899 2143 fuciunt,
922 2067 1080 2147 purulenta
1100 2081 1149 2124 eu·

152 2158 290 2226 purgant,
317 2168 408 2228 panos
424 2153 591 2228 discutiunt,
614 2153 758 2230 podagras
782 2152 1034 2227 collectionesque
1059 2150 1150 2210 omnis

150 2231 267 2306 leniunt,
276 2235 468 2310 peculiariter
479 2253 667 2307 mammarum.
690 2235 908 2312 Theophrastus
926 2233 1042 2294 arboris
1058 2249 1148 2310 genus

151 2313 282 2391 intellegi
297 2317 390 2378 voluit
408 2327 565 2397 crataegon
582 2321 644 2378 sive
660 2327 852 2394 crataegum,
874 2335 959 2397 quam
981 2315 1048 2376 Itali
1073 2316 1148 2394 aqui·

150 2395 247 2456 foliam
264 2409 380 2460 vocant.
1152 2417 1172 2458 u

109 2487 144 2542 ⁶4
216 2480 298 2560 (41.)
321 2482 517 2545 crocodileon
535 2485 747 2546 chamaeleonis
766 2483 877 2544 herbae
900 2485 1005 2560 nigrae
1027 2483 1145 2559 ligura·

151 2560 248 2638 habet,
262 2565 359 2626 radice
376 2568 463 2645 longa
479 2569 638 2646 acqualiter
653 2585 761 2641 crassa,
779 2569 878 2628 odoris
894 2568 1006 2645 asperi,
1022 2560 1145 2625 nascitur

153 2646 181 2703 in
196 2647 341 2708 sahuletis.
376 2661 443 2728 pota
458 2654 626 2728 sangninem
640 2668 694 2730 per
709 2654 785 2710 uaris
799 2651 883 2728 pellit
897 2651 1054 2728 copiosum
1070 2665 1143 2708 cras·

153 2744 272 2806 sumque
287 2740 373 2809 atque
389 2736 427 2793 ita
442 2734 534 2794 lienes
553 2752 724 2794 consumere
738 2735 851 2794 dicitur.
1055 2787 1065 2802 ,
1135 2804 1137 2810 Ι

108 2818 141 2872 65
217 2811 299 2891 (42.)
319 2814 526 2890 cynosorchim
534 2818 620 2896 aliqui
633 2817 742 2878 orchim
750 2825 866 2890 uncant,
877 2815 959 2875 foliis
971 2815 1070 2890 oleae,
1078 2815 1170 2874 mol-s

150 2891 236 2968 libus,
258 2899 348 2957 ternis
363 2917 416 2977 per
431 2901 606 2979 semipedem
621 2901 807 2977 longitudinis
822 2902 851 2958 iu
866 2907 945 2958 terra
965 2901 1082 2974 stratis,
1103 2915 1144 2958 ra·

150 2974 214 3034 dice
228 2975 361 3055 bulbosa,
378 2981 515 3061 oblonga,
532 2984 638 3062 duplici
657 2985 769 3057 ordine,
787 2985 940 3062 superiore
957 3000 1035 3059 quae
1051 2983 1144 3042 durior

149 3067 204 3132 est,
220 3059 360 3122 inferiore
375 3081 448 3142 quae
460 3067 585 3127 mollior.
605 3067 726 3126 eduntur
740 3075 770 3128 ut
787 3065 866 3126 bulbi
881 3075 1001 3141 coctae,
1015 3067 1043 3124 in
1057 3065 1143 3125 niueis

149 3139 212 3200 lere
232 3143 374 3205 inventae.
419 3166 457 3208 ex
472 3148 516 3210 his
536 3149 682 3210 radicibus
698 3151 722 3209 si
736 3151 875 3209 maiorem
893 3149 983 3208 edant
999 3150 1071 3226 viri,
1091 3165 1141 3209 ma·

148 3224 187 3280 ris
202 3229 338 3300 generari
351 3229 465 3305 dicunt,
482 3233 507 3292 si
523 3234 662 3292 minorem
679 3233 817 3308 feminae,
835 3232 959 3293 alterum
977 3249 1091 3292 sexum.
1115 3232 1167 3288 ius

149 3303 298 3368 Thessalia
312 3311 474 3373 molliorem
494 3317 523 3374 iu
538 3315 613 3376 lacte
629 3317 748 3393 caprino
763 3317 819 3376 viri
831 3313 933 3376 bibunt
949 3315 987 3374 ad
1003 3315 1141 3375 stimulan-

149 3385 201 3527 pps
216 3392 319 3486 coitus,
334 3393 478 3456 duriorem
494 3415 567 3459 vero
582 3399 618 3459 ad
636 3397 818 3459 inhibendos.
848 3398 1043 3460 adversantur
1058 3398 1140 3458 altera

188 3487 240 3530 en.
