2458 3906
149 206 211 268 202
509 211 815 262 o.rn1u1sncuunr

147 391 260 433 venena
276 389 376 433 semen
393 379 441 430 aut
453 387 552 430 sucum
564 368 720 430 bibendum
736 376 845 443 censet,
860 366 1012 428 Philistion
1022 365 1158 445 opistho-

104 465 138 521 87
148 458 251 518 torricia
267 473 367 516 sucum
381 473 419 515 ex
435 455 512 516 lacte
528 456 646 534 caprino
662 470 726 514 cum
736 453 798 513 sale
814 460 843 514 et
856 451 958 512 melle.
991 451 1109 512 invenio
1126 459 1158 510 et

148 541 280 621 podagra
297 539 439 601 liberatos
454 538 568 600 mendo
585 557 649 600 eam
664 538 864 616 decoctaeque
879 538 923 596 ius
939 535 1078 597 bibendo.
1097 535 1159 596 hoc

148 636 178 686 et
194 625 337 686 cardiacis
354 625 449 686 datum
470 633 500 684 et
517 623 708 685 comitialibus
729 621 840 682 morbis
863 621 959 682 addito
982 619 1062 694 sale,
1087 621 1158 680 itero

147 710 287 788 splenicis
304 710 333 768 in
348 709 414 768 vino
430 708 498 769 albo
514 727 568 787 per
583 708 646 769 dies
662 721 719 767 XL.
740 706 869 767 ictericis
880 722 936 766 nec
947 721 1005 764 non
1021 713 1051 764 et
1064 704 1180 783 pure-s

147 795 251 855 usticis
267 793 373 854 radicis
390 793 495 854 crudae
511 811 610 853 sucum
624 791 863 870 gargarizandum
873 789 1088 867 bibendumque
1102 788 1158 848 de-

146 887 297 954 monstrat,
314 886 414 938 contra
430 896 501 938 aero
515 877 655 955 singultus
667 894 730 936 cum
743 875 896 936 coriandro
907 884 937 934 et
951 883 1048 949 aneto,
1065 873 1158 934 melle

103 963 301 1042 88acpipere
320 979 358 1022 ex
377 969 472 1023 aceto.
508 961 616 1022 inlitam
644 976 760 1038 quoque
788 959 932 1038 prodesse
959 957 1159 1019 inflationibus

148 1046 305 1122 stomachi,
335 1048 403 1107 item
424 1048 600 1125 serpentium
621 1045 726 1105 ictibus
749 1053 778 1104 et
800 1043 925 1104 sordidis
947 1042 1097 1104 ulceribus
1121 1059 1158 1102 ac

147 1132 285 1206 vetustis,
309 1129 358 1190 vel
376 1147 477 1208 aquam
491 1131 584 1209 ipsam
599 1147 663 1190 cum
679 1128 845 1191 hordeacea
862 1127 969 1202 farina,
992 1144 1094 1187 sucum
1119 1142 1193 1186 exuo

148 1225 232 1275 aceto
255 1214 303 1274 vel
322 1231 386 1274 cum
400 1215 468 1274 leno
486 1214 608 1275 Graeco.
640 1215 682 1274 sic
698 1214 785 1292 aliqui
807 1222 836 1274 et
854 1212 982 1273 articulis
999 1212 1157 1290 podagris·

86 1364 89 1369 .
148 1317 204 1378 que
227 1300 375 1377 inponunt.
409 1298 589 1377 epinyctidas
614 1310 642 1359 et
664 1298 801 1378 quidquid
823 1296 900 1358 aliud
926 1298 1017 1375 serpit
1039 1297 1067 1356 in
1090 1313 1157 1357 cor-

148 1400 221 1462 pore
240 1383 365 1461 inposita
379 1381 469 1460 levat,
485 1385 552 1444 item
567 1385 734 1463 repentinas
753 1383 905 1460 caligines,
922 1381 973 1442 has
992 1390 1021 1440 et
1037 1382 1060 1440 si
1075 1398 1156 1440 man·

148 1467 222 1528 ditur
244 1485 281 1527 en
301 1476 403 1544 aceto,
428 1467 582 1546 suggillata
605 1483 676 1528 vero
700 1475 728 1528 et
749 1466 823 1528 alios
841 1467 950 1527 livores
967 1484 1039 1545 pura
1062 1465 1156 1541 inlita,

147 1551 246 1630 lepras
259 1560 288 1612 et
300 1569 403 1630 psoras
414 1571 476 1613 cum
493 1553 616 1613 alumine
631 1552 754 1613 rotundo
770 1569 807 1612 ex
818 1560 915 1613 aceto.
937 1552 982 1610 sic
994 1559 1025 1610 et
1036 1549 1156 1610 liuentis
1168 1566 1191 1606 aa

103 1646 140 1702 89
149 1635 274 1715 capillos
288 1638 403 1697 retinet.
425 1635 616 1716 Epicharmus
635 1638 750 1698 testium
762 1646 791 1699 et
805 1635 973 1714 genitalium
984 1635 1068 1696 malis
1079 1635 1157 1694 hanc

147 1721 299 1781 utilissime
315 1721 425 1800 inponi,
442 1721 592 1783 efficacius
614 1722 735 1782 eandem
753 1739 817 1781 cam
836 1720 903 1780 laba
919 1723 985 1781 trita
1002 1721 1062 1796 uit,
1086 1721 1158 1779 item

149 1805 308 1880 convolsis,
324 1822 387 1864 cum
404 1815 467 1867 ruta
480 1816 579 1867 contra
595 1806 729 1868 ardorem
740 1805 863 1866 febrium
875 1813 904 1864 et
918 1804 1060 1866 stomachi
1076 1806 1156 1881 vitia,

148 1905 211 1949 cum
226 1896 308 1950 rutae
324 1891 434 1948 semiue
451 1889 485 1950 ad
502 1891 654 1952 secundas.
689 1900 719 1952 et
732 1892 820 1950 muris
831 1889 930 1950 aranei
941 1906 1056 1950 morsus
1068 1888 1156 1949 lolio·

148 1991 208 2032 rum
223 1971 365 2033 aridorum
380 1973 471 2034 farina
487 1974 624 2036 alterutra
639 1985 723 2054 parte
740 1975 874 2035 exinanit.
1164 1987 1189 2030 aa

103 2064 140 2118 90
212 2052 305 2137 (35.)
339 2055 385 2116 Ex
411 2057 543 2118 omnibus
567 2059 717 2120 brassicae
742 2058 900 2136 generibus
926 2058 1099 2118 suavissima
1125 2063 1157 2118 et

148 2156 246 2215 cuma,
263 2140 317 2198 etsi
333 2141 439 2201 inutilis
455 2140 590 2219 habetur,
611 2143 737 2205 difficilis
759 2145 787 2203 in
804 2143 957 2222 coquendo
981 2151 1012 2202 et
1035 2140 1156 2202 renibus

148 2223 301 2283 contraria.
333 2225 403 2284 illud
419 2243 535 2305 quoquo
550 2245 608 2288 nou
624 2237 667 2288 est
682 2226 876 2304 omittendum,
891 2245 995 2307 aquam
1010 2227 1156 2288 decoctae

146 2308 182 2369 ad
199 2317 242 2368 tot
257 2325 327 2368 usus
342 2308 486 2370 laudatam
501 2312 614 2372 laetere
636 2311 712 2373 humi
728 2312 857 2372 effusam.
892 2314 1023 2390 stirpium
1045 2310 1156 2372 brassi-

148 2409 201 2454 cae
217 2391 362 2452 aridorum
376 2395 448 2454 cinis
463 2397 538 2454 inter
553 2398 680 2456 caustica
697 2396 890 2476 intellegitur,
907 2395 942 2457 ad
959 2395 1190 2456 coxendicumos

147 2476 267 2538 dolores
283 2494 346 2537 cum
357 2478 447 2557 'adipe
462 2489 593 2556 vetusto,
612 2489 640 2540 at
662 2499 725 2540 cum
748 2481 844 2542 lasere
859 2490 889 2540 et
910 2490 995 2540 aceto
1013 2481 1043 2540 iu
1058 2481 1157 2540 vicem

102 2561 261 2641 ltlpsilotri
281 2561 390 2622 evolsis
412 2563 509 2623 inlitus
531 2564 598 2642 pilis
618 2568 698 2625 nasci
718 2565 792 2626 alios
815 2563 960 2642 probibet.
991 2564 1101 2625 bibitur
1126 2574 1157 2624 ct

147 2662 210 2705 cum
234 2645 303 2706 oleo
325 2646 559 2708 subfervefactus
581 2649 630 2709 vel
652 2667 707 2728 per
729 2667 762 2710 se
785 2650 879 2711 elixus
902 2649 938 2710 ad
959 2649 1103 2710 convolsa
1126 2657 1157 2709 et

144 2737 229 2806 rupta
258 2730 334 2790 intus
367 2731 511 2811 lapsoque
545 2751 582 2792 ex
615 2733 682 2793 alto.
729 2733 807 2794 nulla
840 2750 912 2812 ergo
940 2742 1006 2793 sunt
1035 2735 1156 2794 crimina

145 2811 318 2874 brassicae?
345 2816 429 2875 immo
452 2834 523 2878 vero
544 2817 621 2895 apud
642 2817 760 2880 eosdem
782 2820 892 2879 animae
913 2819 1088 2895 gravitatem
1110 2816 1187 2879 iaso

147 2913 234 2971 cero,
256 2897 390 2959 dentibus
409 2909 441 2960 et
460 2901 584 2978 gingivis
607 2903 733 2980 nocere,
762 2910 791 2963 et
819 2903 847 2962 in
867 2900 1007 2980 Aegypto
1030 2907 1155 2982 propter

146 2980 362 3042 amaritudinem
376 3001 434 3043 nou
450 2994 537 3044 estur.

101 3073 136 3127 92
207 3060 292 3208 536.)
312 3067 461 3128 Silvestris
478 3071 541 3129 sive
558 3071 700 3132 erraticae
715 3071 845 3132 inmenso
862 3073 926 3152 plus
950 3073 1075 3134 effectus
1092 3073 1153 3132 lau·

145 3148 193 3209 dat
232 3157 296 3226 ato,
321 3151 396 3212 adeo
418 3161 448 3211 ut
471 3154 569 3215 aridae
587 3173 703 3233 quoque
724 3156 843 3218 lariuam
864 3159 892 3216 in
910 3157 1069 3219 olfactorio
1090 3156 1153 3217 col·
1213 3199 1218 3210 a

144 3233 249 3293 lectam
270 3235 319 3294 uel
338 3236 430 3296 odore
453 3245 560 3298 tantum
573 3240 689 3300 naribus
709 3251 808 3318 rapto,
826 3242 894 3303 vitia
911 3259 1009 3302 earum
1024 3257 1151 3320 graveo-
1162 3260 1185 3302 aa

143 3316 317 3415 leptiarpque
336 3337 440 3380 sanare
457 3321 596 3383 adfirmet.
625 3323 700 3384 hanc
720 3325 769 3385 alii
785 3335 934 3404 petraeam
952 3334 1079 3402 vocant,
1100 3327 1152 3386 ini·

143 3417 326 3462 mrcrssrmam
335 3405 413 3481 vino,
426 3423 509 3483 quam
524 3409 683 3486 praecipue
694 3409 760 3470 uitis
774 3408 866 3488 lugiat
877 3421 935 3487 aut,
949 3412 972 3471 si
985 3428 1045 3471 non
1056 3411 1153 3491 possit

100 3483 257 3561 satagere,
270 3489 416 3548 moriatur.
443 3490 515 3552 lolia
526 3491 614 3552 habet
624 3495 689 3570 ima,
706 3494 838 3571 rotunda,
852 3511 951 3574 parva,
966 3496 1054 3573 leuia,
1069 3497 1152 3577 plan·
