2430 3896
263 253 346 300 nan.
364 250 455 300 man.
471 250 542 297 xva.
560 244 678 300 18-24.
697 231 843 315 (al-st.)
1007 236 1045 298 17

16 389 18 458 ῗ
64 409 99 468 his
113 423 226 486 quarum
238 407 376 486 pinguior
392 423 478 464 sucus
493 405 539 463 sit.
568 404 631 482 quis
644 404 718 463 euim
733 410 831 482 potest
844 403 873 460 in
884 402 951 462 ilice
963 401 1046 464 intel·

16 481 18 564 l
65 487 169 569 legere?
199 489 353 551 Decidere
373 487 505 550 Timaeus
531 485 748 550 mathematicus
772 486 837 546 sole
860 485 1046 564 scorpionem

16 569 18 654 l
65 584 211 635 transeunte
225 574 333 634 sideris
348 574 376 643 vi
394 582 423 634 et
438 572 561 650 quodam
575 588 689 631 veneno
702 572 778 631 aeris
794 579 883 649 putat.
908 588 959 630 cur
974 585 1045 647 ergo

16 657 18 738 l
63 674 108 717 non
125 658 227 719 eadem
252 675 340 717 causa
370 657 522 717 adversum
545 657 636 716 omnis
662 655 789 734 polleat,
814 655 876 714 iure
899 655 1044 714 miremur.

16 741 17 816 j
46 739 154 804 alludant
177 741 321 820 plurumis
341 749 491 815 autumno,
513 740 653 819 quaedam
675 739 785 799 tardius
809 739 936 802 amittunt
960 745 1088 816 atquettd

16 823 18 898 l
62 826 82 883 in
94 825 201 886 hiemes
217 833 381 904 prorogant
395 841 507 898 moras,
527 841 624 902 neque
644 825 766 882 interest
784 823 921 882 maturius
941 823 1045 898 germi-

60 926 139 986 nasse,
156 916 262 988 utpote
279 926 343 968 cum
360 906 500 987 quaedam
518 907 627 985 primae
643 907 804 985 germinent
821 915 849 964 et
862 909 937 966 inter
950 907 1045 965 novis·

60 994 129 1052 sinas
142 993 301 1068 nudentur,
317 999 348 1051 ut
361 989 542 1068 amygdalae,
558 991 673 1068 fraxini,
689 989 798 1050 sabuci.
840 1006 937 1049 morus
953 997 1046 1050 autem

59 1075 200 1136 samsima
215 1077 375 1154 germinat,
400 1093 463 1135 cuna
483 1076 581 1154 primis
600 1075 671 1135 lolia
686 1073 807 1134 dimittit.
842 1072 946 1150 Magna
968 1083 997 1133 ct
1015 1073 1089 1138 ineo

36 1157 103 1219 rahoa
116 1162 163 1220 ris
178 1161 245 1220 soli.
277 1161 358 1238 prius
376 1159 511 1219 decidunt
525 1161 554 1217 in
570 1160 656 1218 siccis
672 1159 851 1236 muccisque,
869 1167 897 1217 et
912 1165 1044 1216 vetustae

59 1244 121 1321 prins
134 1243 254 1319 arbori,
276 1243 373 1302 multis
396 1244 481 1302 etiam
504 1251 655 1321 antequam
676 1250 850 1302 maturescat
869 1242 994 1318 fructus,
1016 1249 1047 1302 ut

59 1329 191 1388 serotinae
206 1327 262 1387 lico
279 1336 308 1387 et
322 1325 460 1385 hibernae
482 1327 562 1404 piro,
585 1335 614 1385 et
636 1326 712 1386 malo
732 1335 880 1403 granatum
901 1325 978 1404 quod
1002 1333 1047 1384 est

59 1427 160 1487 pontum
180 1419 290 1472 tantum
311 1410 468 1489 adspicitur
490 1411 519 1468 in
538 1419 639 1469 matre.
669 1407 772 1487 Neque
793 1409 838 1472 his
857 1419 951 1470 autem
972 1426 1046 1487 quae

58 1511 161 1574 semper
176 1496 303 1554 retinent
319 1510 416 1553 comas
432 1493 533 1554 eadem
548 1493 618 1553 lolia
636 1494 753 1570 durant,
781 1493 832 1552 sed
849 1493 1045 1554 subnascenti-

37 1576 100 1636 tthns
123 1579 191 1639 aliis
215 1587 274 1638 turn
299 1587 435 1638 arescunt
457 1587 573 1654 vetera,
601 1577 678 1656 quod
701 1577 798 1637 evenit
823 1577 900 1636 circa
922 1577 1047 1636 solstitia

59 1677 187 1721 nunnae.

108 1745 194 1826 (35.)
224 1743 373 1803 Foliorum
390 1744 483 1804 unitas
503 1745 531 1804 in
553 1761 606 1804 suo
629 1745 732 1824 cuique
754 1760 864 1822 genere
886 1752 1044 1822 permanet,
1054 1753 1088 1806 85

59 1837 251 1908 praeterquam
264 1827 385 1906 populo,
399 1827 539 1904 hederae,
557 1829 679 1909 crotoni,
690 1845 773 1906 qnam
791 1837 820 1888 et
837 1828 892 1886 cici
903 1826 1025 1887 diximus
1036 1852 1088 1893 asna

58 1913 153 1972 vocari.
183 1911 234 1975 23.
252 1911 356 1990 Populi
370 1912 423 1971 tria
437 1927 563 1989 genera:
582 1911 647 1972 alba
662 1929 697 1971 ao
713 1913 795 1989 nigra
812 1920 841 1972 et
855 1909 1047 1992 quaeLibpca

16 1995 349 2138 tltttllt‘ttllt:
364 1994 436 2139 llll
450 1995 1089 2158 tttttlllllttttltt{tttttlllta

61 2171 129 2237 parte
155 2162 250 2222 viridi.
295 2161 362 2221 huic
388 2162 548 2241 nigraeque
577 2171 606 2222 et
631 2165 743 2223 crotoni
768 2165 796 2222 in
822 2165 937 2222 iuventa
964 2164 1046 2224 circi·

60 2253 131 2304 name
145 2244 331 2305 rotunditatis
346 2255 425 2321 sunt,
441 2247 600 2306 vetustiora
614 2247 642 2306 in
660 2247 782 2324 angulos
799 2255 915 2306 exeunt.
944 2264 961 2306 e
978 2263 1045 2306 oon·

16 2401 18 2408 Ι
58 2329 134 2388 trario
151 2329 280 2390 hederae
297 2329 439 2406 angulosa
454 2329 652 2391 retundantur.
685 2331 858 2410 populorum
872 2331 950 2391 foliis
961 2348 1045 2408 gran-

16 2410 161 2488 {adissima
183 2413 291 2490 lanugo
317 2413 414 2473 evolat
435 2413 556 2474 candida
580 2423 608 2473 et
629 2415 754 2492 radiata,
777 2415 827 2474 tilo
846 2417 1045 2475 numerosiore

61 2495 186 2555 candidae
202 2497 271 2556 liunt
285 2497 384 2557 villae.
414 2495 496 2557 Folia
511 2500 640 2575 granatis
654 2507 683 2558 et
696 2498 855 2576 amygdalis
870 2497 1010 2557 rubentia.

16 2579 18 2662 l
111 2577 191 2659 (36.)
220 2579 322 2640 Mirum
338 2581 367 2639 in
383 2581 480 2658 primis
495 2582 524 2642 id
541 2582 619 2659 quod
634 2582 709 2643 ulmo
724 2583 861 2660 tiliaeque
876 2590 905 2641 et
918 2582 1002 2642 oleae
1017 2591 1086 2648 etet

16 2665 18 2706 ³
59 2662 155 2740 populo
169 2663 257 2722 albae
276 2673 305 2723 et
314 2663 396 2723 salici
405 2667 511 2725 evenit.
533 2667 765 2743 circumaguntur
779 2667 853 2726 eninr
865 2666 935 2726 lolia
949 2684 1046 2727 earum

60 2755 114 2820 post
128 2745 299 2823 solstitium,
315 2765 371 2807 nec
388 2748 444 2809 alio
460 2759 630 2826 argumento
646 2753 753 2810 certius
770 2749 949 2827 intellegitur
967 2751 1045 2812 sidus

16 2847 18 2876 ÷
32 2829 216 2890 toconlectum.
246 2830 297 2891 24.
313 2829 367 2891 Est
379 2840 408 2891 et
420 2833 537 2912 publica
551 2836 674 2894 omnium
685 2834 822 2895 foliorum
836 2835 865 2893 in
881 2836 951 2913 ipsis
964 2835 1043 2897 dille·
1053 2845 1088 2900 88

59 2915 143 2973 rentia.
166 2932 290 2994 namque
306 2933 375 2994 pars
388 2916 510 2977 inferior
523 2936 540 2977 a
554 2926 632 2979 terra
646 2918 768 2979 herbido
786 2919 862 2978 viret
878 2919 990 2996 colore,
1008 2921 1045 2981 ab

60 2995 147 3056 eadem
159 2998 273 3059 leviora
289 3017 396 3060 nervos
411 3001 574 3080 callumque
591 3010 620 3062 et
634 3002 772 3062 articulos
784 3003 812 3062 in
828 2997 980 3082 superiore
993 3005 1042 3065 ha·

59 3075 116 3138 hent
131 3090 228 3159 parte,
245 3084 387 3144 incisuras
406 3101 477 3144 vero
497 3085 614 3162 subter,
632 3094 663 3145 nt
680 3103 779 3146 manus
795 3086 925 3147 hnmana.
952 3085 1043 3148 Oleae

60 3177 168 3239 superne
184 3167 354 3227 candidiora
367 3175 396 3226 et
404 3169 495 3228 rninus
508 3169 596 3246 levia,
609 3171 677 3231 item
693 3170 832 3234 hederae.
855 3171 907 3231 sed
921 3174 1043 3232 omnium

16 3241 116 3305 ¹aciolia
135 3250 241 3310 cotidie
269 3249 307 3310 ad
331 3251 423 3311 solem
448 3254 587 3331 oscitant,
616 3255 774 3315 inferiores
794 3256 884 3334 partis
909 3256 1042 3335 tepefieri

16 3355 18 3398 3
56 3327 175 3393 volentia.
215 3334 355 3412 superior
378 3353 445 3414 pars
468 3339 591 3398 omnium
614 3338 777 3417 lanuginem
800 3340 1041 3417 quantulamcum-

55 3426 99 3486 que
115 3415 211 3492 hahet,
231 3435 308 3496 quae
325 3418 354 3476 in
369 3420 431 3479 aliis
446 3423 574 3498 gentium
589 3423 654 3483 lana
671 3433 725 3484 est.

16 3519 17 3590 j
105 3499 186 3579 (37.)
215 3499 248 3560 ln
267 3503 382 3562 oriente
396 3503 471 3563 lunis
485 3506 597 3566 validos
611 3526 628 3567 e
643 3507 722 3568 loliis
734 3507 848 3586 palrnae
863 3507 925 3567 lieri
936 3508 1083 3572 dictumest

16 3599 18 3680 p
85 3591 367 3646 summasunmna
860 3591 880 3651 2
