2396 3900
143 212 182 273 94
490 220 519 271 c.
536 219 631 266 rcum
647 217 796 266 saeuum

145 385 199 438 est.
234 386 320 456 atque
338 393 402 434 cum
417 373 523 434 arbore
539 382 681 434 exacuant
699 373 856 452 limentque
874 390 982 434 ccmua
999 371 1148 451 elephanti

145 469 174 520 et
190 461 245 536 uri,
262 475 335 519 saxo
347 459 561 533 rhinocerotes,
577 466 702 536 utruque
718 458 781 536 apri
794 458 919 518 dentium
935 458 1023 533 sicas,
1040 457 1147 516 sciant·

145 563 202 623 que
219 545 255 605 ad
272 542 434 603 nocendum
449 559 625 621 praeparare
641 559 675 602 se
690 541 831 616 animalia,
848 541 926 621 quod
938 549 1035 601 tamen
1045 557 1149 600 eorum

82 663 84 666 ·
117 637 275 707 sexcepto
298 626 413 687 homine
439 625 498 685 tela
520 644 571 685 sua
592 627 713 686 venenis
732 623 855 703 tinguit?
894 642 948 686 nos
971 632 1000 684 et
1026 625 1148 701 sagittas

144 713 295 788 unguimus
310 727 345 770 ac
357 711 437 770 ferro
450 711 505 788 ipsi
516 711 667 770 nocentius
682 708 791 787 aliquid
803 709 912 786 damus,
926 727 980 769 nos
991 717 1021 768 et
1032 708 1172 768 dominas

145 796 285 864 inficimus
309 804 339 854 et
359 811 455 854 rerum
471 803 588 854 naturae
604 793 756 858 elementa.
789 795 883 872 ipsum
898 811 1015 872 quoque
1031 809 1091 870 qao
1107 793 1150 852 vi-

144 881 220 939 vitur
242 897 340 940 aerem
361 879 390 938 in
409 879 568 956 perniciem
591 879 737 938 vertimus.
783 895 878 956 neque
900 886 945 936 est
967 884 1150 955 utputemus

145 965 273 1040 ignorari
289 981 324 1022 ea
351 963 387 1022 ab
410 961 595 1037 animalibus,
613 979 687 1040 quae
706 961 821 1040 quidem
842 979 916 1039 quae
937 969 1152 1039 praepararent

146 1057 245 1108 contra
269 1048 445 1125 serpentium
468 1045 683 1122 dimicationes,
706 1063 781 1123 qnae
795 1055 863 1123 post
877 1045 1021 1123 proelium
1038 1044 1075 1104 ad
1090 1062 1151 1104 me-

103 1131 179 1217 ,θ’θζ,
192 1130 314 1192 dendum
338 1130 556 1206 excogitarent,
582 1129 778 1189 indicavimus.
817 1148 873 1191 nec
893 1129 929 1190 ab
949 1129 1011 1189 ullo
1030 1138 1152 1207 praeter
1161 1146 1184 1188 ro

117 1225 136 1276 4
173 1217 295 1274 ominem
321 1231 436 1273 veneno
465 1222 605 1291 pugnatur
627 1213 733 1274 alieno.
775 1214 915 1274 fateamur
937 1231 1010 1292 ergo
1034 1213 1153 1292 culpam

146 1318 183 1358 ne
203 1299 247 1358 bis
264 1299 380 1377 quidem
397 1315 471 1376 quae
493 1306 648 1358 nascuntur
663 1299 800 1374 contenti,
818 1299 924 1358 etenim
941 1306 1047 1375 quanto
1066 1297 1152 1375 plura

146 1400 246 1443 eorum
276 1399 388 1460 genera
412 1381 532 1442 humana
557 1399 640 1441 manu
662 1381 743 1442 liunt!
773 1379 863 1461 qnid?
889 1391 1003 1442 ¹non'et
1026 1381 1151 1440 bominis

147 1467 262 1546 quidem
277 1475 401 1527 emente
411 1484 522 1526 venena
536 1463 710 1526 nascuntur?
723 1475 784 1527 atra
796 1485 850 1526 ceu
862 1467 1040 1545 serpentium
1050 1465 1151 1541 lingua

146 1551 239 1611 vibrat
262 1549 404 1631 tabesque
426 1552 511 1610 animi
533 1559 665 1610 contacta
688 1550 780 1610 adurit
802 1550 976 1629 culpantium
997 1550 1092 1608 omnia
1114 1565 1182 1606 acre

145 1635 269 1695 dirarum
286 1635 384 1695 alitum
395 1636 482 1695 modo
495 1633 624 1694 tenebris
637 1652 752 1713 quoque
768 1635 827 1693 suis
842 1643 872 1694 et
883 1635 1009 1713 ipsarum
1021 1632 1149 1692 noctium

147 1721 236 1799 quieti
250 1719 435 1778 invidentium
451 1721 569 1796 gemitu,
587 1736 662 1797 quae
677 1718 740 1779 sola
755 1734 814 1778 vox
829 1735 927 1778 eorum
944 1726 999 1793 est,
1021 1724 1051 1775 ut
1070 1717 1149 1775 inau-

147 1805 321 1883 spicatarum
338 1803 518 1862 animantium
540 1805 605 1862 vice
628 1803 706 1862 obvii
731 1820 847 1881 quoque
868 1809 968 1862 vetent
991 1818 1082 1879 agere
1102 1809 1151 1860 aut

117 1898 133 1950 5
149 1889 293 1967 prodesse
308 1887 395 1946 vitae.
425 1903 481 1945 nec
495 1885 584 1946 ullum
598 1887 675 1946 aliud
691 1885 842 1947 abominati
858 1887 976 1965 spiritus
990 1885 1150 1963 praemium

146 1988 257 2031 novere
275 1988 359 2050 quam
376 1970 475 2030 odisse
491 1972 594 2030 omnia.
625 1988 724 2030 verum
746 1980 776 2030 et
792 1972 821 2030 in
835 1971 892 2030 hoc
907 1969 1010 2030 eadem
1026 1979 1183 2034 naturaeac

131 2056 283 2114 vmaiestas
299 2062 376 2114 tanto
392 2052 484 2132 pluris
500 2053 594 2115 bonos
610 2055 709 2132 genuit
725 2063 755 2114 ut
767 2053 886 2132 fruges,
903 2064 1008 2132 quanto
1024 2052 1153 2112 fertilior

146 2139 227 2199 iniis
246 2156 320 2216 quae
342 2139 439 2198 iuvant
458 2138 612 2218 alantque,
634 2155 754 2217 quorum
771 2139 970 2199 aestimatione
991 2147 1021 2198 et
1042 2136 1151 2215 gaudia

147 2238 201 2282 nos
224 2240 341 2302 quoque
364 2222 474 2282 relictis
494 2224 638 2283 exustioni
653 2241 722 2282 snae
745 2223 807 2282 istis
823 2223 967 2283 hominum
985 2221 1066 2282 rubis
1083 2238 1151 2298 per·

147 2324 249 2384 gemus
267 2306 408 2366 excolere
422 2307 524 2383 vitam,
545 2323 641 2386 eoque
666 2307 842 2367 constantius
859 2323 916 2386 quo
931 2309 1049 2385 'operae
1066 2303 1153 2366 nobis

147 2393 238 2451 maior
253 2407 337 2470 quam
354 2391 448 2450 famae
463 2392 555 2468 gratia
572 2392 726 2469 expetitur,
756 2393 864 2470 quippe
877 2407 973 2450 sermo
992 2391 1071 2450 circa
1083 2406 1152 2448 rura
1162 2413 1188 2454 aa

148 2483 194 2535 est
209 2475 393 2554 agrestisque
408 2493 493 2552 usus,
509 2475 562 2535 sed
581 2475 683 2552 quibus
699 2476 756 2534 vita
775 2483 889 2536 constet
904 2474 1057 2554 honosque
1074 2472 1154 2552 apud

147 2561 262 2639 priscos
276 2576 425 2619 maxumus
439 2559 535 2620 fuerit.

120 2653 137 2708 6
210 2642 238 2703 2.
264 2642 326 2721 (2.)
348 2643 492 2703 Arvorum
514 2642 685 2704 sacerdotes
705 2642 844 2703 Romulus
868 2644 1011 2722 inprimis
1030 2643 1155 2703 instituit

148 2746 240 2806 seque
260 2727 460 2787 duodecimum
481 2729 599 2788 fratrem
620 2727 780 2807 appellavit
801 2729 876 2788 inter
897 2728 965 2789 illos
981 2727 1064 2787 Acca
1079 2726 1154 2786 Lau-

147 2812 239 2872 rentia
252 2812 362 2872 nutrice
374 2829 426 2872 sua
443 2813 569 2890 genitos,
584 2814 685 2890 spicea
701 2830 811 2873 corona
825 2830 899 2891 qnae
913 2814 983 2873 vitta
1000 2810 1068 2872 alba
1084 2829 1154 2871 con·
1191 2853 1197 2862 .

146 2897 287 2974 ligaretur
304 2895 471 2956 sacerdotio
493 2896 521 2956 ei
540 2913 595 2976 pro
614 2897 836 2974 religiosissimo
854 2898 959 2974 insigni
976 2897 1060 2971 data,
1078 2912 1154 2973 quae

147 2983 238 3060 prima
254 2979 329 3058 apud
345 2979 491 3041 Romanos
508 2981 561 3042 luit
576 2997 696 3042 corona.
726 2983 878 3062 honosque
902 2982 927 3040 is
947 2997 1005 3040 non
1023 2980 1156 3040 ninivita

119 3072 134 3129 7
148 3065 243 3125 linitur
254 3073 284 3124 et
296 3065 414 3126 exsules
430 3067 514 3127 etiam
534 3075 696 3146 captosque
712 3068 872 3126 comitatur.
889 3065 960 3125 Bina
971 3074 1040 3125 tnnc
1051 3064 1156 3142 iugera

145 3149 256 3229 populo
277 3148 407 3209 Romano
430 3152 500 3211 satis
521 3156 618 3229 erant,
639 3148 768 3228 nullique
786 3151 925 3210 maiorem
941 3149 1058 3210 modum
1074 3149 1155 3208 attri-

146 3233 223 3310 buit,
247 3249 304 3312 quo
326 3250 478 3293 servorum
503 3235 591 3312 paulo
616 3244 682 3295 ante
703 3237 842 3314 principis
863 3233 989 3312 Neronis
1012 3241 1176 3294 contento>

147 3317 229 3378 buius
244 3318 320 3396 spati
341 3315 514 3378 viridiariis?
546 3321 673 3398 piscinas
694 3321 772 3380 iuvat
791 3320 917 3380 maiores
933 3318 1065 3395 habere,
1086 3335 1154 3396 gra·

147 3409 280 3479 tumque,
302 3402 327 3460 si
349 3418 406 3460 non
429 3403 553 3480 aliquem
572 3403 691 3464 culinas.
724 3402 816 3464 Numa
838 3405 959 3464 instituit
976 3403 1050 3464 deos
1067 3403 1154 3480 fruge

148 3483 249 3543 colere
265 3493 295 3544 et
306 3485 382 3544 mola
399 3485 475 3545 salsa
492 3487 660 3567 supplicare
675 3496 778 3567 atque,
796 3497 825 3549 ut
842 3497 943 3550 auctor
958 3497 1005 3548 eet
1019 3487 1153 3562 Hemina,

1117 3757 1123 3794 l

1101 3802 1121 3896 l
