2504 3930
175 237 237 302 250
490 248 521 296 c.
542 249 640 296 antur
660 247 810 296 sacuam

175 402 285 480 cyathis
299 403 426 478 duobus,
451 403 544 462 canini
567 403 670 480 capitis
691 403 762 462 cinis
781 405 811 462 in
827 404 938 478 mulso,
964 403 1119 482 multipeda
1134 405 1162 464 in

174 489 287 548 hemina
302 487 371 564 vini,
386 505 502 546 vermes
515 488 622 546 terreni
638 487 666 544 in
682 494 764 545 aceto
780 488 874 548 mulso
889 506 952 547 eum
972 505 1081 563 murra,
1102 487 1161 564 gal·

75 636 81 651 ι
173 571 245 647 lina,
262 572 286 630 si
298 573 334 630 sit
349 571 434 631 luteis
452 570 591 649 pedihus,
605 571 684 646 priua
701 587 773 646 aqna
789 573 962 648 purificatis,
979 570 1045 630 dein
1061 572 1162 636 colutie

130 666 166 720 94
176 657 244 714 vino
256 654 333 732 quod
347 654 469 729 bibatur,
488 653 638 714 cerebrum
653 654 779 732 perdicis
795 665 843 714 aut
860 655 973 732 aquilae
987 657 1015 714 ia
1029 656 1087 714 vini
1099 672 1161 728 cya-

173 739 229 798 this
243 737 344 813 tribus,
361 739 432 797 cinis
449 738 606 816 plumarum
618 746 665 796 aut
676 739 887 798 interaneorum
901 738 1041 816 palumbis
1057 739 1084 796 in
1095 737 1184 798 mul-s

174 839 209 882 so
232 821 268 880 ad
285 822 429 881 coclearia
449 823 518 898 tria,
539 838 690 900 passerum
712 821 783 880 cinis
805 825 954 881 sarmentis
977 829 1163 881 crematorum

174 904 357 965 coclearibus
381 904 493 965 duobus
516 905 544 962 in
563 921 638 982 aqua
661 903 762 964 mulsa.
794 906 867 964 Avis
887 907 994 964 icterus
1008 913 1164 964 vocatura
1240 923 1241 926 ¹

175 988 292 1064 colore,
315 1007 387 1066 quae
407 990 431 1047 si
452 997 617 1066 spectetur,
639 990 732 1046 sanari
753 989 780 1048 id
795 989 898 1048 malum
912 989 1025 1048 tradunt
1040 997 1069 1047 et
1083 1005 1164 1048 avenn

173 1075 254 1132 mori.
290 1072 364 1131 hanc
381 1079 449 1148 puto
464 1071 561 1131 Latine
576 1073 675 1130 vocari
692 1071 849 1148 galgalam.

130 1167 164 1221 95
227 1154 310 1234 (29.)
331 1155 508 1214 Phreneticis
523 1154 666 1233 prodesse
686 1155 914 1234 videturpnlmo
934 1153 1075 1232 pecudum
1098 1152 1193 1212 cali-ro
1241 1155 1242 1158 ’

174 1239 226 1299 dus
242 1239 319 1297 circa
334 1247 421 1316 capnt
436 1238 588 1314 adligatus.
612 1256 676 1296 narn
688 1240 774 1298 muris
789 1239 940 1298 cerebrum
954 1239 1023 1298 dare
1032 1239 1112 1316 potui
1129 1254 1165 1295 ex

66 1324 71 1334 “
173 1340 246 1400 aqna
259 1331 307 1381 aut
318 1323 445 1380 cinerem
460 1322 600 1381 mustelae
615 1323 663 1381 vel
679 1323 763 1382 etiam
778 1323 951 1382 inveteratas
964 1323 1059 1382 carnis
1073 1321 1164 1379 irena·

175 1408 221 1468 cei
242 1407 304 1483 quis
320 1407 413 1483 possit
430 1405 552 1482 furenti,
574 1406 686 1466 etiamsi
704 1406 740 1465 sit
754 1415 833 1465 certa
848 1403 1010 1466 medicina?
1044 1403 1164 1462 bubonis

174 1489 289 1567 quidem
301 1489 450 1548 oculorum
462 1489 588 1549 cinerem
600 1490 673 1548 inter
685 1507 719 1548 ea
733 1490 835 1567 quibus
844 1489 1015 1567 prodigiose
1027 1489 1113 1548 vitam
1122 1485 1163 1546 ln·
1234 1551 1237 1558 ,

97 1597 99 1602 ·
173 1573 324 1634 dilicantur
338 1575 520 1650 acceperim,
539 1575 756 1652 praecipueque
767 1573 889 1633 lebriuln
900 1573 1041 1632 medicina
1052 1570 1166 1648 placitis
1174 1587 1195 1628 u

130 1667 165 1722 96
176 1653 274 1717 eorum
290 1658 441 1716 renuntiat.
471 1674 592 1733 namque
608 1666 637 1715 et
652 1658 679 1714 in
694 1655 748 1715 XII
760 1659 842 1733 signa
859 1657 1009 1733 digessere
1025 1671 1088 1713 earn
1102 1653 1164 1712 sole

172 1748 364 1802 transmeante
380 1743 538 1817 iterumque
553 1740 635 1816 luna,
653 1740 729 1817 qnod
746 1749 834 1799 toturn
849 1739 1009 1799 abdicatum
1029 1739 1130 1816 pancis
1148 1754 1164 1794 e

173 1825 302 1903 pluribus
316 1823 458 1901 edocebo,
475 1824 615 1902 siquidem
632 1825 765 1882 crematis
785 1814 920 1901 tritisque
935 1841 998 1882 cum
1013 1820 1082 1880 oleo
1102 1837 1164 1899 per-

173 1909 259 1984 ungui
269 1906 366 1967 iubent
379 1925 503 1984 aegros,
521 1925 585 1966 oum
596 1908 728 1982 geminos
742 1917 869 1968 transeat
882 1907 944 1982 sol,
964 1905 1057 1965 cristis
1075 1913 1105 1964 et
1119 1921 1164 1962 an·
1241 1917 1242 1926 ¹

80 2001 82 2018 ¹
129 2001 163 2056 97
176 1991 255 2050 ribus
277 2000 306 2050 et
326 1990 469 2067 unguibus
486 1991 728 2067 gallinaceorum,
753 1992 778 2050 ai
798 1991 880 2066 luna,
904 1989 989 2050 radiis
1010 1988 1199 2066 barbisqueso
1241 2053 1242 2060 ,

174 2091 287 2150 eorum,-
309 2075 334 2132 si
357 2076 499 2150 virginem
514 2074 666 2150 alteruter,
684 2073 786 2134 hordei
801 2076 915 2152 granis,
937 2074 1167 2150 si-eagittarinm,

172 2157 387 2234 vespertilionis
402 2157 472 2234 alis,
495 2158 518 2216 si
534 2157 648 2218 leonem
666 2157 747 2234 luna,
762 2158 905 2217 tamaricis
920 2156 1041 2234 ironde,
1064 2164 1093 2215 et
1109 2155 1169 2215 adi·

174 2241 250 2298 ciunt
264 2241 392 2318 sativae,
409 2242 433 2298 si
449 2241 606 2319 aquarium,
623 2259 639 2300 e
655 2240 731 2300 buxo
748 2241 921 2301 carbonibus
937 2242 1022 2300 tritis.
1052 2240 1169 2300 existis

173 2322 308 2382 confessa
323 2333 370 2382 aut
386 2333 466 2384 certe
482 2324 645 2384 verisimilia
663 2342 819 2402 ponemus,
844 2325 928 2384 sicuti
943 2324 1106 2400 lethargum
1127 2321 1169 2382 ol-

82 2483 85 2488 ·
123 2443 128 2452 ,
171 2406 301 2464 tectoriis
317 2408 447 2485 excitari,
460 2409 534 2466 inter
547 2425 580 2466 ea
592 2407 724 2466 fortassis
741 2409 881 2468 mustelae
895 2407 1037 2467 testiculis
1055 2401 1168 2465 invete·
1178 2420 1200 2460 na

171 2489 241 2548 ratis
256 2498 304 2549 ant
324 2491 453 2550 iocinere
470 2499 543 2550 usto.
574 2491 618 2550 his
641 2509 755 2569 quoqne
776 2491 940 2569 pulmonem
961 2490 1082 2568 pecudis
1100 2490 1170 2549 oali·

173 2572 238 2632 dum
255 2575 332 2634 circa
349 2583 435 2654 caput
449 2573 600 2651 adalligari
619 2583 717 2651 putant
732 2573 811 2638 utile.
928 2585 930 2590 '

129 2667 164 2722 98
228 2656 312 2738 (30.)
335 2657 368 2716 ln
388 2660 533 2736 quartanis
559 2657 699 2717 medicina
728 2658 830 2717 clinice
859 2657 1070 2736 propemodum
1098 2655 1171 2714 nihil

172 2740 275 2817 pollet.
312 2742 497 2818 quamohrem
511 2741 594 2820 plura
616 2757 714 2800 eorum
734 2741 859 2800 remedia
876 2759 1016 2818 ponemus
1034 2739 1170 2819 primum·

173 2840 229 2899 qne
244 2841 279 2882 ea
294 2840 369 2900 quae
384 2825 535 2901 adalligari
551 2824 664 2884 iubent:
686 2825 835 2903 pulverem
856 2826 885 2883 in
904 2841 961 2901 qno
977 2842 1010 2882 se
1025 2824 1202 2900 accipiterm

172 2905 347 2966 volutaverit
362 2907 421 2968 lino
438 2909 525 2968 rutilo
540 2910 569 2966 in
584 2907 715 2983 linteolo,
732 2909 809 2967 canis
822 2901 896 2984 nigri
907 2907 1020 2966 dentem
1032 2905 1170 2984 longissi-

172 3005 255 3046 mum.
287 2990 538 3070 pseudosphecem
550 2999 654 3050 vocant
665 3009 784 3069 vespam
800 3009 873 3068 qnae
888 2991 1042 3066 singularis
1055 2989 1171 3062 volitat,

172 3071 247 3130 hanc
262 3073 376 3133 sinistra
390 3092 474 3134 manu
488 3074 697 3152 adprehensam
717 3074 903 3150 subnectunt,
926 3074 974 3134 alii
994 3090 1066 3132 vero
1083 3089 1172 3150 quam

173 3155 237 3232 quis
251 3171 287 3214 eo
304 3173 378 3215 anno
395 3157 499 3216 viderit
515 3159 642 3236 primam.
672 3158 792 3235 viperae
807 3166 892 3235 caput
908 3157 1054 3216 abscisum
1068 3156 1098 3213 in
1115 3155 1170 3213 lin·

129 3249 164 3303 99
175 3238 254 3298 teolo
269 3239 319 3298 vel
337 3257 388 3298 cor
402 3241 509 3300 viventi
527 3250 697 3317 exemptum.
729 3242 815 3300 muris
837 3239 987 3300 rostellum
1009 3237 1204 3299 audacias-,tt

173 3339 230 3398 que
246 3339 369 3380 summas
384 3340 487 3382 russeo
505 3340 598 3401 panno
608 3323 758 3402 ipsumque
773 3323 922 3400 dimittunt,
940 3322 1068 3382 lacertae
1080 3323 1171 3380 vivae

172 3404 303 3464 dextrum
326 3406 439 3466 oculum
461 3407 613 3480 effossum,
641 3425 710 3468 mox
732 3425 795 3466 cnm
817 3408 913 3485 capite
935 3422 988 3465 sno
1013 3404 1116 3464 deciso
1140 3404 1172 3462 in

173 3487 310 3563 pellicula
326 3490 453 3567 caprina,
468 3489 655 3554 scarabaeum
674 3492 721 3569 qni
736 3490 810 3568 pilas
828 3489 930 3552 volvit
953 3497 1077 3568 propter
1090 3488 1172 3548 hunc
