2504 3930
315 219 393 310 aar.
413 264 503 311 aran.
519 247 629 310 xxrr'r.
646 262 671 315 c.
687 262 713 315 7.
732 253 874 329 (al-24.)
1033 255 1094 316 297

102 417 197 494 pionis
212 417 322 492 marini,
341 425 472 476 ranarum
485 435 599 494 quoque
615 417 707 491 trium,
724 417 747 475 si
762 418 845 476 vivae
861 419 889 476 in
905 417 963 478 clla
976 437 1094 480 concrc-

18 502 20 508 '
100 509 223 574 meritur,
247 500 395 558 ciniscum
410 500 512 576 melle,
538 499 640 558 melius
657 519 718 558 cum
735 504 799 577 pice
814 501 930 577 liquida.
961 503 1095 581 capillum

101 583 253 657 denigrant
267 586 459 659 sanguisugae
477 601 550 661 quae
570 584 597 641 in
619 585 686 642 vino
703 583 785 658 nigro
805 582 907 642 diebus
922 583 971 644 LX
987 603 1094 664 conpu-

99 674 191 724 tuere.
220 665 265 723 alli
280 667 307 722 iu
323 667 397 724 aceti
413 668 546 726 sextariis
562 666 673 726 duobus
689 667 922 742 sanguisugarum
937 671 1091 728 sextarium
1102 681 1140 736 68
1173 722 1178 731 .

74 749 128 806 ain
146 767 216 806 vase
228 749 363 825 plumbeo
381 759 549 826 putrescere
562 749 660 808 iubent
675 749 792 808 totidem
808 748 920 826 diebus,
935 769 1003 811 mox
1015 753 1094 812 inlini
1146 773 1150 780 ·

52 848 55 856 ·
98 831 218 890 inscie.
249 832 396 892 Sornatius
414 842 520 892 tantam
536 833 591 892 vim
607 833 680 892 hanc
698 833 783 892 tradit
801 842 840 908 ut,
856 834 910 892 nisi
929 834 1024 894 oleum
1042 853 1093 895 ore

98 917 265 974 contineant
280 933 354 992 quae
369 917 514 992 tinguent,
531 916 623 975 dentis
641 933 756 993 quoque
775 933 871 977 carum
888 917 1033 995 denigrari
1052 919 1092 978 di·

31 1015 35 1023 *
98 1007 154 1058 cat.
179 1000 282 1074 capitis
303 999 448 1058 ulceribus
468 1001 605 1059 muricum
622 999 670 1058 vel
695 1016 884 1077 purpurarum
906 1009 1000 1060 testae
1021 1003 1092 1060 cinis

98 1101 162 1141 cum
178 1077 266 1140 melle
283 1083 389 1142 utiliter
403 1082 537 1158 inlinitur,
551 1081 776 1159 conchyliorum,
793 1083 839 1141 vel
856 1085 949 1142 sinon
966 1094 1091 1160 urantur,

66 1185 87 1224 ιι
96 1165 189 1224 farma
201 1181 329 1242 exaqua‚
341 1164 488 1224 doloribus
499 1174 659 1224 castoreum
669 1185 731 1224 cum
740 1166 910 1243 peucedano
921 1177 949 1226 et
957 1184 1091 1227 rosaceo

52 1256 55 1264 ’
161 1247 245 1325 (24.)
270 1248 397 1308 Omnium
413 1249 532 1327 piscium
550 1248 725 1308 fluviatilium
741 1252 969 1330 marinorumque
988 1251 1088 1328 adipes
1101 1262 1140 1317 69

98 1329 245 1409 liquefacti
272 1331 336 1391 sole
364 1331 488 1391 admixto
512 1331 599 1390 melle
622 1333 769 1392 oculorum
788 1333 910 1394 claritati
934 1334 1093 1432 plurumum
1190 1375 1191 1380 κ

98 1414 266 1490 conferunt,
287 1415 354 1474 item
378 1425 547 1475 castoreum
561 1433 624 1474 cum
640 1416 737 1475 melle
768 1413 939 1490 callionymi
954 1417 995 1476 fel
1015 1419 1090 1476 cica-

95 1500 185 1558 trices
201 1507 281 1565 sanat
299 1506 328 1556 et
346 1499 439 1557 carnis
461 1500 610 1559 oculorum
632 1517 827 1576 supervacuas
845 1501 994 1558 consumit.
1022 1500 1091 1559 nulli

63 1581 153 1644 rrhoc
174 1581 293 1657 piscium
319 1583 482 1679 copiqsius,
504 1591 535 1641 ut
557 1583 730 1644 existimavit
748 1583 905 1642 Menander
926 1599 1041 1660 quoque
1062 1585 1091 1642 in

95 1664 264 1723 comoediis.
287 1664 400 1724 idem
372 1667 460 1742 piscis
473 1675 501 1724 et
512 1683 712 1748 uranoscopos
724 1674 845 1725 vocatur
858 1665 893 1725 ab
908 1665 994 1724 oculo
1007 1683 1090 1743 quern

92 1749 231 1844 incapite
246 1747 342 1807 habet.
365 1747 401 1808 Et
417 1750 543 1828 coracini
559 1749 599 1808 iel
612 1751 719 1808 excitat
735 1751 835 1824 visum,
851 1758 879 1807 et
892 1749 991 1808 marini
1007 1767 1086 1808 scor·
1099 1760 1137 1814 ιι)

16 1833 23 1853 “
93 1832 190 1909 pionis
206 1831 258 1889 ruli
274 1849 338 1892 cum
353 1833 420 1890 cleo
433 1841 535 1891 vetere
545 1840 594 1891 aut
607 1833 694 1892 melle
706 1832 825 1891 Attico
816 1833 978 1910 incipientis
994 1831 1089 1891 sublu-

94 1915 192 1974 siones
210 1913 360 1974 discutit.'
352 1916 468 1990 rnuugui
481 1924 526 1973 ter
539 1924 653 1992 oportet
668 1915 837 1974 intermissis
853 1914 963 1974 diebus.
987 1915 1087 1974 eadem
1140 1931 1143 1938 ·

59 2017 85 2058 ιι
96 1998 170 2056 ratic
187 1996 339 2073 albugines
354 1999 502 2058 oculorum
521 1998 605 2057 tollit.
632 1997 782 2062 Mullorum
800 1997 866 2057 cibo
882 1999 973 2058 aciem
989 1999 1088 2059 oculo·
1179 1991 1187 2012 ⁸

93 2099 155 2142 rum
170 2079 301 2139 hebetari
317 2081 438 2140 tradunt.
467 2082 550 2159 lepus
570 2082 692 2140 marinus
708 2082 772 2159 ipse
796 2081 909 2158 quidem
931 2091 1090 2141 venenatus

95 2172 155 2237 est,
173 2163 225 2222 sed
240 2164 310 2222 cinis
326 2167 387 2223 eius
403 2167 430 2222 iu
447 2164 594 2242 palpebris
610 2165 685 2263 pilos
707 2165 811 2225 inutilis
826 2165 946 2226 evolsos
961 2163 1087 2224 cohibet.

93 2244 129 2306 ad
145 2209 221 2305 hunc
234 2265 315 2306 usum
327 2248 467 2306 utilissimi
479 2249 602 2332 minumi,
614 2249 682 2307 item
694 2249 857 2325 pectunculi
872 2249 941 2310 salsi
957 2250 1014 2308 triti
1026 2267 1089 2308 cum

94 2329 204 2427 cedria,
222 2347 310 2388 ranae
328 2347 399 2407 quas
418 2323 551 2408 diopetes'
570 2341 599 2390 et
614 2331 758 2391 calamitas
778 2342 893 2408 vocant,
910 2349 1008 2392 earum
1025 2349 1088 2390 san-

60 2429 85 2467 as
95 2415 161 2489 guis
177 2431 240 2483 curn
255 2412 372 2472 lacrima
387 2414 452 2472 vitis
464 2415 566 2473 evolso
583 2414 642 2492 pilo
657 2414 805 2492 palpebris
819 2415 960 2474 inlinatur.
993 2423 1083 2474 tumo·
1095 2422 1128 2478 71

94 2514 156 2554 rem
172 2496 321 2556 oculorum
336 2495 529 2574 ruboremque
544 2499 662 2575 saepiae
678 2507 779 2556 cortex
795 2516 858 2556 cum
869 2498 945 2557 lacte
960 2497 1087 2556 mulieris

94 2578 191 2637 inlitus
204 2569 286 2638 sedat
299 2589 327 2638 et
340 2597 393 2656 per
402 2598 434 2638 se
446 2579 596 2639 scabritias
611 2580 752 2641 emendat.
774 2581 916 2639 invertunt
928 2579 955 2639 id
967 2587 1087 2656 agentes

94 2679 186 2738 genas
214 2670 247 2720 et
267 2663 501 2723 medicamentum
524 2664 654 2722 auferunt
676 2671 742 2742 post
769 2663 882 2740 paulum
903 2679 1087 2738 rosaceoque

93 2747 234 2820 inungunt
248 2755 277 2803 et
292 2764 365 2822 pane
381 2747 505 2824 inposito
527 2747 664 2823 mitigant.
692 2745 795 2806 eodem
814 2747 922 2805 cortice
944 2755 973 2805 et
988 2755 1086 2818 nycta-

60 2827 182 2905 aolopes
200 2838 348 2926 curantia,
371 2831 398 2888 in
421 2829 539 2889 lamnam
557 2833 624 2889 trito
643 2839 672 2888 et
693 2849 730 2889 ex
745 2838 828 2888 aceto
844 2829 934 2888 inlitu.
964 2827 1086 2888 extrahit
1184 2896 1185 2899 Ἴ

95 2920 124 2970 et
139 2929 272 2988 squamas
290 2912 351 2971 eius
367 2913 447 2971 cinis.
477 2913 626 2972 cicatrices
647 2913 794 2972 oculorum
811 2931 873 2971 cum
889 2912 976 2972 melle
991 2919 1082 2986 sanat,
1094 2920 1131 2994 72

95 2997 228 3071 pterygia
248 3012 310 3053 cum
333 2995 394 3054 sale
412 3004 441 3054 et
461 2995 569 3055 cadmia
590 2995 711 3071 singulis
729 2995 886 3071 drachmis,
908 2995 1039 3054 emendat
1057 3003 1088 3052 et

95 3076 270 3176 albugines
261 3088 458 3138 iumentorum.
479 3081 555 3138 aiunt
570 3087 599 3137 ct
615 3079 740 3137 ossiculo
758 3081 820 3136 eius
836 3096 937 3154 genas,
953 3080 977 3136 si
992 3086 1084 3136 toran·

94 3168 151 3234 tur,
163 3162 267 3220 sanari.
288 3159 390 3222 Echini
403 3181 440 3221 ex
452 3171 535 3221 aceto
549 3160 727 3239 epinyctidas
739 3161 850 3221 tollunt.
873 3161 992 3220 eundern
1010 3178 1085 3220 com-

59 3259 85 3302 as
95 3241 160 3301 buri
176 3260 238 3302 cum
253 3245 390 3320 viperinis
404 3244 529 3322 pellibus
542 3246 677 3322 ranisque
694 3253 722 3304 et
738 3245 862 3304 cinerem
880 3243 1015 3322 adspergi
1033 3259 1084 3321 po-

94 3327 165 3386 tioni
181 3326 278 3386 iubent
288 3325 373 3404 Magi,
392 3329 547 3388 claritatem
561 3328 640 3388 visus
655 3329 863 3404 promittentes.
885 3325 1081 3402 lchthyocolla
1093 3333 1130 3390 73

94 3409 260 3488 appellatur
275 3411 374 3488 piscis,
389 3413 433 3470 cui
445 3413 615 3488 glutinosum
631 3419 675 3471 est
689 3413 807 3488 corium,
820 3411 895 3471 idem
907 3428 1010 3470 nomeu
1023 3408 1084 3486 glu-

93 3495 153 3553 tino
176 3495 255 3568 eius,
280 3493 337 3554 hoc
357 3495 534 3572 epinyctidas
555 3495 639 3556 tollit.
663 3493 775 3574 quidam
797 3513 835 3554 ex
855 3503 971 3572 ventre,
990 3495 1048 3552 uon
1069 3510 1075 3524 ι
