2370 3922
276 259 833 338 nu'1=.n1sn.xxuu.o.7.(aa—as.)
999 259 1037 320 41
1108 345 1113 355 1

46 423 91 480 sic
107 429 143 480 et.
152 420 249 482 ulcera
266 430 382 500 purgat,
396 424 505 502 explet.
539 441 603 484 oum
618 440 679 486 nra
692 440 779 504 pessa
798 433 828 484 et
842 427 967 503 axungia
981 440 1043 484 uar-

46 504 191 564 bunculcs
209 515 314 583 purgat
335 515 365 565 et
383 510 580 585 putrescentia
600 509 716 585 ulcera,
738 525 812 587 quae
833 524 906 568 vcro
923 517 1043 587 serpunt
1152 512 1160 528 '

44 602 111 647 cum
126 590 214 666 pineo
229 592 341 650 cordae
359 599 408 650 aut
421 591 548 670 sulpure.
581 591 732 670 phthisicis
753 595 839 652 etiam
853 592 947 667 cyathi
963 611 1041 652 men·
1052 603 1088 659 39

42 689 114 732 sura
136 673 251 748 qnidam¹
277 673 421 734 dederunt
442 683 473 734 et
495 684 596 736 eontra
612 685 744 736 veterem
765 678 874 735 tussim.
903 675 1043 752 rhagadas

3 755 126 824 essedis
149 764 179 815 et
194 757 298 833 pedum
313 775 463 836 panosque
476 769 506 819 et
520 761 623 836 unguis
635 759 755 819 scabros
771 758 922 836 emendat,
938 759 1044 820 volvae

3 847 4 850 ’
43 839 169 899 duritias
193 849 223 900 et
247 843 458 902 conversiones
487 842 596 919 odore,
617 845 688 902 item
704 842 899 920 lethargicos,
921 850 1044 903 strumas

43 939 109 982 cum
123 923 217 982 lamna
232 922 396 986 hordeacea
415 934 446 986 et
463 929 545 1004 pueri
562 926 678 1006 inpubis
695 928 777 986 urina
791 926 915 986 dococta
930 926 965 986 ad
978 945 1045 1005 sup·
1065 973 1069 980 .

3 1049 4 1052 ,
42 1008 229 1082 perationem
248 1008 389 1086 perducit.
425 1018 455 1070 et
476 1011 512 1070 ad
527 1009 674 1089 alopecias
693 1013 769 1070 sicca
784 1011 851 1087 pice
866 1016 994 1086 utuntur,
1010 1011 1044 1071 ad

3 1119 6 1138 ι
39 1087 197 1148 mulierum
218 1107 350 1152 mammas
376 1091 487 1153 Bruttia
513 1111 552 1153 ex
566 1097 634 1154 vino
659 1094 875 1154 subferveiaota
897 1109 960 1151 cum
981 1093 1044 1170 pol·
1120 1118 1145 1153 ·,

2 1161 101 1258 >line
120 1174 255 1234 farraceo
270 1192 354 1253 qnam
371 1175 552 1236 calidissimis
567 1179 711 1256 inpositis.
822 1230 823 1234 ,
1152 1233 1160 1245 .

106 1253 193 1338 (24.)
222 1257 342 1334 Liquida
366 1261 417 1336 pix
445 1259 598 1339 oleumque
627 1261 704 1338 quod
730 1260 902 1339 pisselaeon
937 1267 1090 1324 vocantso

5 1351 6 1354 ’
40 1339 281 1417 quemadmodum
297 1342 382 1402 lieret
404 1343 533 1404 diximus.
563 1344 676 1424 quidam
690 1346 795 1403 iterum
812 1343 955 1403 decocunt
972 1351 1002 1402 et
1026 1361 1088 1402 aaut

39 1431 150 1483 vocant
171 1422 374 1503 palimpissam.
408 1425 515 1504 liquida
540 1429 662 1505 anginae
680 1435 882 1510 perunguntur
909 1430 986 1488 intus
1013 1434 1043 1486 et

3 1533 7 1574 ς
40 1523 103 1566 nra.
152 1509 262 1566 acrium
287 1509 422 1586 dolores,
444 1511 606 1585 claritatem
632 1510 796 1586 oculorum,
824 1512 887 1572 oris·
906 1509 1046 1570 circumli-

4 1593 161 1666 trunces,
189 1593 367 1669 suspiriosas
382 1593 505 1670 volvas,
534 1597 636 1654 tussim
650 1601 783 1653 veterem
805 1603 836 1652 et
853 1593 972 1653 crebras
993 1611 1044 1654 ex·
1117 1664 1120 1668 Ι

5 1707 6 1721 ι
41 1675 230 1734 screationes
245 1679 393 1752 pectoris,
410 1694 559 1755 spasmos,
581 1686 742 1752 tremores,
764 1675 981 1754 opisthotonos,
997 1693 1045 1754 pa-

39 1758 169 1833 ralysis,
185 1775 341 1818 nervorum
357 1759 487 1839 dolores,
504 1759 538 1795 **
553 1761 830 1840 praestantissimum
850 1760 889 1820 ad'
900 1777 1000 1820 canum
1013 1768 1044 1819 et

38 1841 238 1900 iumentorum
253 1842 388 1902 scabiem.
562 1877 567 1890 ·

104 1925 191 2003 (25.)
222 1923 276 1984 Est
292 1933 323 1984 et
338 1927 551 2006 pissasphaltos
566 1929 653 1987 mixta
678 1927 809 1986 bitumini
825 1926 891 2004 pice
909 1925 1041 1985 naturali·
1052 1936 1086 1989 41
1155 1947 1166 1975 -·

42 2015 88 2067 ter
104 2027 146 2068 ex
163 2008 414 2086 Apolloniatarum
432 2028 512 2088 agro.
529 2011 642 2088 quidam
653 2011 709 2088 ipsi
724 2011 847 2068 miscent
858 2011 1044 2088 praecipuum

3 2111 5 2122 ’
42 2091 75 2150 ad
91 2091 226 2152 scabiem
240 2109 380 2169 pecorum
396 2095 554 2154 remedium
568 2102 616 2154 aut
635 2095 659 2153 si
675 2094 752 2152 fetus
768 2109 900 2174 mammas
923 2092 1043 2152 laeserit

3 2209 4 2212 =
41 2183 173 2236 matrum.
208 2183 354 2253 optumum
375 2193 466 2236 exeo
484 2179 638 2255 quodcum
654 2177 751 2236 fervet
766 2177 882 2234 innatat.

103 2257 190 2336 (26.)
204 2256 356 2337 Zopissam
367 2261 446 2320 eradi
461 2261 580 2320 navibus
594 2261 714 2321 diximus
727 2275 795 2319 cera
810 2261 920 2318 marino
937 2260 998 2320 sale
1021 2277 1050 2318 πα.
1064 2279 1090 2312 se

45 2351 197 2402 macerata.
229 2351 344 2421 optuma
360 2343 432 2404 haec
446 2361 462 2402 a
478 2346 611 2404 tirocinio
629 2345 749 2404 nuvium.
777 2342 889 2402 additur
906 2351 1001 2402 autem
1016 2345 1045 2402 iu

3 2435 38 2490 aaa
45 2425 216 2502 malagmata
232 2425 267 2485 ad
282 2426 479 2486 discutiendas
493 2427 694 2488 collectiones.

3 2575 4 2580 .
103 2509 191 2586 (27.)
221 2507 317 2570 Taeda
341 2510 463 2570 decocta
484 2512 513 2570 in
533 2520 617 2570 aceto
639 2511 764 2571 dentium
779 2507 900 2568 dolores
922 2507 1046 2566 eilicaci-

3 2601 5 2676 ,
44 2600 88 2652 ter
104 2591 256 2652 couluunt.

103 2673 190 2754 (28.)
214 2675 347 2736 'Lentisci
363 2695 402 2736 ex
415 2677 522 2738 arbore
543 2686 574 2736 et
588 2695 687 2737 semen
703 2685 733 2736 et
753 2682 857 2735 cortex
877 2682 907 2732 et
926 2672 1043 2732 lacrima
1053 2681 1089 2736 ta

3 2763 4 2772 ²
42 2761 153 2818 urinam
176 2761 274 2836 cient,
292 2760 392 2824 alvom
414 2762 526 2820 sistunt.
565 2761 715 2820 decoctum
736 2775 836 2818 eornm
851 2756 949 2816 ulcera
972 2773 1046 2832 quae

3 2850 168 2920 inserpunt
197 2844 269 2902 fotu.
310 2842 439 2902 inlinitur
452 2845 482 2902 in
502 2843 603 2902 umidis
633 2853 664 2902 et
688 2843 748 2919 igni
777 2857 879 2918 sacro,
912 2841 1046 2917 gingivas

44 2926 163 2987 conluit.
192 2927 267 2988 lolia
286 2926 420 2986 dentibus
449 2926 553 2987 dolore
576 2935 752 3001 atteruntur,
777 2923 902 2985 mobiles
923 2923 1047 2983 decocto

44 3009 238 3086 conluantur,
270 3009 404 3087 capillum
430 3012 543 3087 tinguit.
585 3009 700 3068 lacrima
723 3008 801 3068 sedis
821 3009 900 3066 vitiis
914 3007 1046 3086 prodest,

45 3109 107 3152 cum
122 3093 192 3171 quid
209 3095 311 3166 siccari
329 3093 515 3153 excellet-ive
528 3111 601 3170 opus
618 3093 663 3150 sit.
693 3091 844 3152 decoctum
857 3099 916 3152 ete
933 3090 1048 3150 lacrima

46 3177 195 3237 stomacho
218 3177 307 3254 utile,
330 3185 440 3236 ructum
463 3186 493 3236 et
517 3179 625 3235 urinam
644 3191 782 3252 movens,
804 3174 881 3252 quod
900 3183 929 3234 et
945 3173 1047 3249 capitis

18 3259 198 3326 auctoribus
221 3279 284 3320 curn
307 3259 426 3339 polenta
447 3259 583 3320 inlinitur.
611 3258 681 3319 folia
709 3267 811 3332 tenera
833 3258 924 3318 oculis
941 3255 1048 3314 indam·

47 3347 127 3404 matis
142 3344 309 3404 inlinuntur.
347 3343 485 3403 mastiche
507 3343 621 3402 lentisci
644 3342 819 3420 replicandis
843 3339 992 3418 palpebris
1014 3347 1089 3402 etth

33 3425 83 3486 ad
96 3426 309 3488 extendendam
329 3435 424 3486 cutem
442 3429 471 3486 in
495 3429 569 3486 facie
596 3433 626 3485 et
645 3434 803 3502 smegmata
825 3423 993 3498 adhibetur,
1017 3431 1048 3481 et

50 3513 216 3589 nominem
227 3511 437 3589 reicientibus,
453 3511 526 3570 tussi
539 3511 633 3569 veteri
642 3553 651 3587 ,
669 3518 698 3576 et
713 3509 747 3568 ad
766 3525 771 3530 ·
934 3523 947 3538 ⁴
971 3523 1045 3566 acu·
