2396 3900
139 224 198 288 102
476 237 506 285 c.
522 237 785 286 rnmrsncuunr

134 410 196 452 rum
213 392 288 453 hinis
303 394 445 473 utrimque
465 392 612 472 lapidibus
627 395 804 454 statuminari
820 393 924 454 etalio
947 390 1155 470 superintegi.

134 477 234 537 Silvae
258 477 465 558 exstirpandae
495 477 637 538 rationem
662 478 847 539 Democritus
875 476 1025 556 prodidit,
1058 474 1157 553 lupini

133 560 208 621 doro
222 563 252 627 iu
267 580 339 623 suco
355 564 469 623 cicutae
484 579 541 621 unu
558 561 605 623 die
626 573 774 623 macerato
796 563 968 641 sparsisque
983 559 1156 620 radicihus.

92 653 127 710 48
196 648 226 706 7.
249 647 312 726 (9.)
337 645 375 706 Et
391 647 524 725 quoniam
545 656 735 725 praeparatus
757 657 804 706 est
829 663 918 724 ager,
941 662 1021 705 nunc
1038 644 1156 704 indica·

133 730 209 790 hitur
229 740 330 791 natura
350 731 473 808 frugum.
505 740 570 790 suut
591 740 687 791 autem
701 730 758 791 duo
781 732 873 810 prima
894 747 996 791 earum
1016 744 1184 805 generum

133 815 291 890 frumenta,
314 823 345 874 ut
360 817 500 890 triticum,
525 814 683 890 hordeum,
713 824 742 875 et
756 816 918 893 legumina,
945 821 977 873 ut
992 812 1082 888 laha,
1112 811 1156 870 ci-

135 916 195 958 cer.
224 900 387 960 differentia
401 901 499 959 notior
514 916 598 978 quam
614 909 644 959 ut
657 899 778 960 indicari
791 899 907 959 deccat.

90 992 126 1048 tu
200 983 284 1063 (10.)
307 983 348 1063 [ι]
365 983 511 1043 Frumenti
536 984 627 1062 ipsius
648 984 767 1045 totidem
790 1001 903 1061 genera
929 1001 986 1062 per
1010 990 1157 1060 tempora

134 1075 197 1126 satu
212 1068 321 1128 divisa:
343 1068 483 1144 hiberna,
505 1085 581 1147 quaa
597 1070 675 1128 circa
700 1068 888 1145 vergiliarum
914 1083 1059 1128 occasum
1086 1073 1155 1126 sata

133 1159 212 1212 terra
236 1170 292 1230 per
315 1152 439 1212 hiemem
466 1152 642 1228 nutriuntur,
673 1161 705 1211 ut
727 1154 868 1227 triticum,
901 1152 965 1226 iar,
988 1150 1151 1224 hordeum,
1163 1162 1189 1203 lt

134 1237 261 1312 aestiva,
290 1254 365 1314 quae
381 1244 494 1296 aestate
509 1246 576 1296 ante
590 1237 778 1312 vergiliarum
793 1246 927 1298 exortum
945 1243 1100 1310 seruntur,
1121 1242 1154 1293 ut

133 1319 257 1395 milium,
285 1322 434 1400 punicum,
469 1321 591 1395 sesima,
621 1321 796 1397 horminum,
830 1323 903 1397 irio,
928 1320 1034 1381 ltaliae
1066 1319 1151 1379 dunt·

133 1411 213 1463 taxat
226 1407 291 1465 ritu.
322 1405 452 1484 alioquin
469 1406 497 1464 in
514 1402 637 1466 Graecia
655 1414 684 1465 et
704 1407 734 1464 in
750 1404 822 1466 Asia
840 1408 937 1466 omnia
960 1423 978 1465 a
1004 1403 1151 1481 vergilia-

132 1505 194 1546 rum
212 1505 319 1549 occasu
343 1498 492 1564 seruntur,
518 1489 659 1567 quaedam
685 1499 780 1550 autem
802 1499 929 1570 utroque
956 1498 1097 1568 tempore
1121 1488 1151 1546 in

91 1570 232 1649 toltaliu,
259 1591 296 1634 ex
311 1573 356 1632 his
372 1574 514 1652 quaedam
532 1582 562 1633 et
575 1575 661 1633 tertio
676 1576 764 1635 veris.
798 1574 887 1653 aliqui
908 1591 1001 1634 verna
1022 1573 1148 1646 milium,
1160 1592 1185 1633 ru

133 1657 281 1733 punicum,
304 1657 427 1734 lentem,
455 1659 551 1733 cicer,
577 1659 678 1720 alicam
709 1659 877 1738 appellant,
907 1659 1075 1718 sementiva
1098 1675 1149 1718 au·

133 1742 350 1821 tamniticam,
373 1741 530 1818 hordeum,
552 1742 665 1818 labam,
690 1761 812 1822 napum,
835 1760 946 1822 rapam.
987 1753 1019 1803 et
1043 1744 1074 1802 iu
1097 1742 1150 1802 tri·

133 1825 183 1884 tici
204 1844 314 1902 genere
336 1843 407 1904 pars
427 1826 525 1904 aliqua
546 1826 646 1903 pahuli
667 1836 713 1886 est
732 1828 945 1907 quadripedum
965 1844 1058 1889 causa
1080 1827 1149 1901 sati,

134 1917 162 1967 ut
183 1909 317 1986 farrago,
338 1919 368 1968 et
387 1910 416 1968 in
433 1910 641 1987 leguminibus,
665 1921 695 1972 ut
717 1913 801 1972 vicia.
840 1921 871 1972 at
894 1928 1052 1973 commune
1074 1928 1149 1990 qua·

19 2001 28 2018 ·
90 2003 123 2057 51
134 1991 283 2068 dripedum
303 1993 506 2071 hominumque
528 1995 592 2054 usui
615 1994 752 2074 lupinum.
798 1997 839 2077 [h]
861 1996 1024 2075 Legumina
1049 1995 1182 2057 omniane

133 2074 261 2149 singulas
281 2075 390 2135 habeut
410 2077 526 2137 radices
547 2088 666 2157 praeter
682 2081 795 2157 iaham,
819 2099 931 2161 easque
958 2081 1148 2154 surculosus,

133 2157 276 2234 quianon
296 2159 324 2217 in
345 2159 432 2221 multa
453 2160 631 2240 dividuntur,
659 2165 815 2226 altissimas
837 2174 933 2226 autem
958 2167 1051 2226 cicer.
1086 2165 1148 2224 iru-

131 2247 227 2299 menta
243 2242 339 2301 multis
355 2243 519 2306 radicantur
538 2246 619 2307 libris
640 2250 702 2308 sine
729 2251 826 2310 ramis.
852 2249 988 2326 Erumpit
1010 2267 1028 2309 a
1050 2250 1147 2327 primo

131 2332 194 2381 satu
211 2324 353 2386 hordeum
374 2326 421 2386 die
442 2339 593 2408 septumo,
623 2332 770 2410 legumina
784 2342 888 2412 quartu
910 2332 978 2412 vel,
1001 2351 1068 2392 curn
1088 2342 1147 2393 tar·

131 2406 267 2484 dissime,
297 2417 448 2488 septumo,
477 2413 545 2474 laha
574 2430 667 2476 axv.
692 2417 728 2478 ad
748 2430 826 2493 xx„
854 2417 1005 2494 legumina
1028 2419 1058 2476 in
1084 2417 1178 2476 sle-2⁸

130 2499 221 2568 gypto
240 2494 326 2553 tertio
342 2493 399 2553 die.
431 2513 470 2555 ex
483 2495 595 2558 hordeo
611 2500 733 2561 alterum
749 2511 837 2580 caput
857 2502 940 2578 grani
960 2503 990 2560 in
1012 2501 1147 2564 radicem

130 2575 200 2670 erit,
223 2575 345 2636 alterum
361 2578 389 2636 in
404 2578 535 2658 herbam,
557 2601 631 2661 quae
643 2593 673 2644 et
690 2587 771 2664 prior
785 2585 882 2646 lloret.
913 2584 1047 2646 radicem
1065 2601 1147 2645 cras·

130 2674 191 2715 sror
207 2676 277 2736 pars
291 2661 374 2736 graui
388 2662 492 2740 fundit,
511 2668 625 2726 tenuior
642 2668 754 2729 liorem.
788 2671 896 2730 ceteris
914 2668 1079 2729 seminibus
1096 2686 1147 2730 ea·

88 2739 196 2802 tudem
209 2757 279 2818 pars
295 2751 325 2800 et
337 2743 468 2806 radicem
484 2757 514 2808 et
528 2750 639 2811 llorem.
666 2753 707 2833 [3]
720 2753 876 2815 Frumenta
891 2754 989 2815 hieme
1005 2755 1036 2814 in
1051 2753 1145 2814 herha

129 2829 209 2920 sunt,
239 2840 331 2922 vernp
350 2835 486 2906 tempore
507 2833 679 2912 fastigantur
699 2839 729 2897 in
752 2838 887 2917 stipulam
908 2856 987 2917 quae
1012 2847 1082 2898 sunt
1104 2838 1175 2899 hist

128 2905 209 2964 herm
225 2923 360 2984 generas,
386 2920 416 2970 at
430 2915 539 2977 milium
555 2928 584 2978 et
599 2920 732 2998 panicum
747 2922 775 2980 in
801 2923 927 2983 culmum
943 2923 1146 3000 geniculatum

85 2997 119 3051 sa
130 2996 159 3046 et
176 3005 352 3065 concavum,
373 2997 482 3058 sesima
500 3019 572 3063 vero
592 3005 621 3063 in
641 3005 830 3066 ferulaceum.
862 3006 998 3067 Omnium
1014 3018 1145 3069 satorum

3 3121 5 3128 ,
127 3069 236 3130 fructus
252 3081 301 3131 aut
316 3075 407 3151 spicis
430 3084 610 3162 continetur,
633 3096 663 3148 ut
683 3089 787 3166 tritici,
810 3090 932 3167 hordei,
957 3094 1146 3172 muniturque
1189 3149 1191 3164 η,

2 3147 20 3585 l

125 3153 204 3251 vallo
225 3155 374 3254 aristarum
396 3174 502 3227 contra
524 3172 585 3230 avis
607 3182 637 3233 et
655 3191 761 3250 parvas
788 3175 1005 3255 quadripedes,
1039 3187 1091 3238 aut
1105 3178 1144 3236 in·
1188 3181 1190 3246 j

124 3235 249 3297 cludrtur
264 3237 392 3317 stquurs,
416 3255 448 3304 ut
467 3247 659 3332 leguminum,
681 3267 730 3317 aut
744 3259 890 3336 vasculis,
913 3268 945 3320 ut
960 3263 1094 3323 sesimaa
1111 3247 1190 3322 acat'

125 3321 290 3416 papaveris.
320 3324 430 3422 milium
445 3339 478 3390 et
493 3339 626 3412 panicum
640 3349 748 3401 tantum
762 3359 816 3420 pro
832 3344 976 3421 indiviso,
1000 3356 1033 3406 et
1045 3345 1143 3428 parvis
1188 3343 1190 3362 ³

125 3400 225 3464 aurbus
247 3416 414 3483 expositum
438 3424 495 3475 est.
536 3422 689 3485 indefensa
711 3427 820 3505 quippe
846 3427 1029 3492 membranis
1054 3429 1143 3492 conti·

126 3493 236 3544 nentur.
272 3492 406 3567 panicum
423 3513 441 3556 a
459 3505 605 3578 paniculis
621 3507 742 3588 dictum,
767 3514 916 3573 cacumine
932 3513 1078 3592 languide
1096 3533 1143 3576 ιιιι·
1163 3363 1190 3874 j
