2406 3914
291 255 372 302 uun.
384 253 476 303 man.
493 255 581 303 xxm.
600 252 643 304 ut.
659 244 814 322 (te-67.)
1003 246 1060 306 291

57 410 113 469 dum
133 409 161 468 iu
180 405 273 469 herba
297 417 350 468 est.
383 408 441 469 hoc
464 410 586 489 amplius
609 410 702 471 oculis
722 411 869 490 inponitur
888 410 1013 470 decocta
1034 412 1064 471 in

56 495 124 553 rino.
165 492 318 552 stomacho
339 493 444 553 inutilis
466 495 494 552 in
515 493 589 554 cibis
611 504 640 554 et
662 496 774 556 animae
788 495 961 572 gravitatem
981 494 1061 556 lacit.

56 577 212 638 stellionum
233 575 378 637 morsibus
400 579 525 654 resistit,
550 579 619 638 item
646 576 793 639 ulceribus
819 594 893 656 qnae
920 579 1061 638 cacoethe

55 670 169 737 vocant,
192 669 222 720 ct
237 661 353 721 auribus
369 661 464 720 oleum
480 661 558 740 qnod
574 679 612 721 ex
627 679 662 722 ea
678 661 708 722 lit
723 663 866 740 prodesse
887 662 1018 722 diximus.
1033 682 1068 726 ss,
1080 684 1103 717 u

38 745 235 806 sSesamcides
265 763 282 805 a
308 745 492 806 similitudine
521 763 627 805 numen
655 747 788 824 accepit,
816 762 907 822 grano
932 763 1040 823 amaro,
1053 757 1104 810 133

55 829 118 889 lolio
138 830 261 890 minore.
293 830 420 889 nascitur
440 831 468 888 in
492 829 646 907 glareosis.
683 829 808 890 detrahit
831 827 918 889 bilem
938 831 967 889 iu
986 847 1060 908 aqua

55 922 152 992 potum.
186 931 287 972 semen
302 913 428 972 inlinitur
442 913 500 990 igni
513 930 616 989 sacre,
632 913 747 974 discutit
764 930 865 993 panos.
896 913 949 974 Est
961 916 1059 974 etiam·
1107 975 1108 978 ,

54 1015 109 1056 nunu
130 996 211 1056 aliud
232 996 413 1057 sesamoides
436 996 593 1073 Anticyras
615 1015 757 1073 nascens,
786 997 863 1075 quod
883 997 950 1057 ideo
973 998 1061 1076 aliqui

54 1081 239 1155 Anticyricon
267 1090 391 1158 vocant,
425 1089 525 1142 cetera
555 1081 649 1141 simile
675 1082 834 1159 erigeronti
863 1080 990 1154 herbae,
1023 1080 1060 1140 de

29 1179 104 1244 rtpna
116 1165 251 1224 dicemus
265 1181 319 1224 suo
330 1165 419 1242 loco,
437 1181 528 1241 grano
544 1181 685 1226 sesamae.
715 1165 841 1226 daturin
855 1166 923 1224 vino
939 1165 1054 1226 dulciss,
1068 1186 1102 1220 rer

54 1249 83 1310 ad
96 1248 296 1310 detractiones
314 1258 449 1326 qnantum
465 1248 556 1308 tribus
577 1249 674 1327 digitis
692 1250 812 1327 capitur.
841 1250 963 1308 miscent
976 1246 1015 1307 ibi
1031 1257 1059 1307 et

55 1333 172 1394 ellebori
189 1331 250 1392 albi
264 1349 350 1392 nuum
365 1341 396 1393 et
408 1332 552 1393 dimidium
565 1333 699 1408 obolum,
715 1333 915 1412 purgationem
931 1349 994 1391 cam
1009 1331 1058 1394 ad·

54 1417 180 1476 hibentes
203 1433 337 1476 maxume
357 1418 487 1476 insaniae
507 1417 753 1494 melancholicae,
775 1415 983 1492 comitialibus,
1004 1433 1056 1494 po·

54 1500 151 1578 dagris.
186 1509 217 1559 et
233 1517 288 1578 per
305 1518 339 1559 se
354 1500 508 1561 drachmae
526 1501 657 1578 pondere
674 1501 809 1560 exinanit.

29 1605 47 1646 u
107 1583 196 1664 (65.)
218 1583 365 1644 Hordeum
379 1592 524 1664 optumum
537 1583 614 1662 quod
628 1585 867 1645 candidissimum.
891 1601 977 1642 sucus
990 1582 1102 1645 de·134

54 1669 121 1728 cocti
136 1669 168 1728 in
183 1685 260 1746 aqua
276 1668 398 1728 caelesti
411 1668 553 1744 digeritur
567 1670 595 1727 in
610 1668 759 1746 pastillos,
782 1677 812 1727 ut
827 1666 990 1726 infundatur
1007 1684 1059 1726 ex·

53 1752 185 1812 alteratis
197 1753 360 1812 interaneis
380 1760 410 1812 et
426 1752 531 1812 volvis.
563 1753 635 1812 cinis
653 1753 717 1812 eius
732 1751 872 1812 ambustis
886 1751 1014 1812 inlinitur
1029 1758 1060 1809 et

54 1835 182 1896 carnibus
204 1853 280 1913 quae
304 1835 445 1895 recedunt
464 1834 500 1894 ab
519 1835 634 1895 ossibus
654 1845 684 1896 et
705 1834 904 1913 eruptionibus
928 1834 1057 1913 pituitae,

53 1921 130 1980 nnus
152 1921 255 1980 aranei
275 1919 428 1979 morsibus.
457 1918 533 1978 idem
554 1919 697 1998 adsperso
714 1920 775 1980 sale
795 1936 831 1979 ac
846 1918 934 1979 melle
951 1918 1056 1978 cando·

27 2003 259 2065 crendentibus
276 2012 306 2062 et
319 2005 491 2064 suavitatem
507 2004 566 2063 oris
582 2003 661 2064 iacit.
691 2021 744 2064 eos
761 2003 809 2081 qui
825 2020 899 2082 pane
914 2001 1100 2063 hordea-135

53 2103 99 2146 teo
120 2095 243 2148 utuntur
262 2085 364 2147 morbo
386 2087 492 2166 pedum
513 2089 648 2166 temptari
670 2097 786 2165 negant.
831 2104 937 2148 novem
959 2087 1058 2164 granis

52 2169 228 2232 inmncnlum
249 2171 273 2229 si
295 2171 359 2250 quis
384 2170 597 2248 circumducat,
619 2170 740 2250 singulis
759 2180 805 2231 ter
824 2188 908 2231 mann
930 2171 1056 2244 sinistra,

54 2263 77 2314 et
90 2257 185 2316 omnia
196 2256 225 2314 in
237 2257 333 2332 ignem
347 2254 467 2330 abiciat,
483 2254 635 2315 confestim
649 2257 743 2315 sanari
754 2257 842 2316 aiunt.
868 2263 914 2313 eet
925 2263 956 2313 et
966 2253 1057 2314 herba

52 2339 191 2416 phoenice
211 2338 360 2416 appellata
376 2336 512 2414 Graecis,
538 2339 645 2399 nostris
661 2356 732 2399 vero
746 2339 887 2400 hordeum
908 2339 1056 2397 murinum.

26 2421 118 2484 abaco
132 2425 203 2483 trita
226 2441 243 2482 e
260 2425 327 2492 vioe
342 2431 411 2500 pota
428 2422 581 2500 praeclare
598 2423 657 2482 ciet
671 2440 798 2483 meuses.

104 2505 192 2586 (66.)
216 2505 341 2566 'lisanae
356 2523 431 2584 quae
454 2524 492 2566 ex
512 2505 624 2566 hordeo
647 2506 678 2566 iit
697 2506 798 2567 laudes
816 2505 1099 2566 unovolumine136

54 2591 175 2651 condidit
189 2589 405 2669 Hippocrates,
427 2607 502 2669 quae
524 2608 599 2650 nunc
616 2607 717 2651 omnes
735 2592 763 2649 in
779 2590 881 2650 alicam
897 2595 1055 2649 transeunt.

53 2683 151 2752 quanto
162 2675 347 2734 innocentior
358 2674 446 2734 alica!
471 2673 666 2753 Hippocrates
677 2684 774 2736 tamen
784 2673 952 2734 sorbitionis
963 2672 1055 2748 gratia

53 2757 189 2835 laudavit,
206 2760 343 2837 queniam
359 2757 470 2817 lubrica
487 2775 524 2818 ex
538 2756 617 2818 lacili
631 2758 810 2833 hauriretur,
829 2758 964 2836 quoniam
982 2755 1056 2815 sitim

27 2852 180 2919 marceret,
203 2843 339 2921 quoniam
360 2842 389 2902 iu
412 2840 478 2900 alvo
495 2858 552 2901 non
571 2843 792 2917 intumesceret,
814 2841 948 2920 qnoniam
969 2838 1057 2900 lacile

54 2925 220 2986 redderetur
241 2935 272 2985 et
287 2925 415 2986 adsuetis
430 2925 477 2986 hic
499 2923 581 2985 cibus
596 2925 677 2984 solus
698 2927 727 2985 in
742 2925 817 2984 lebri
831 2925 876 2984 bis
891 2924 938 2984 die
954 2931 1057 3004 posset

55 3007 124 3084 dari,
147 3019 258 3071 tantum
275 3017 404 3070 remotus
420 3009 456 3068 ab
475 3009 538 3068 istie
559 3011 606 3087 qui
622 3009 792 3069 medicinam
808 3010 884 3069 lame
905 3015 1056 3068 exercent.

55 3093 234 3154 sorbitionem
256 3102 353 3154 tamen
375 3092 437 3152 dari
456 3101 545 3152 totam
561 3095 653 3153 vetuit
671 3094 785 3154 aliudve
804 3111 888 3172 quam
908 3109 1008 3153 sucum
1022 3092 1056 3150 ti·

0 3212 1 3215 =
56 3193 154 3255 sanae,
175 3180 244 3239 item
268 3176 402 3256 quamdiu
418 3176 511 3256 pedes
526 3176 626 3254 frigidi
641 3188 757 3256 esseut,
780 3187 847 3239 tunc
866 3176 982 3257 quidem
1002 3192 1057 3234 nec

30 3263 194 3337 apotionem
206 3263 340 3341 dandam.
366 3259 411 3320 uu
425 3270 453 3321 et
464 3279 503 3321 ex
516 3262 611 3320 tritico
622 3261 796 3338 glutinosior
808 3263 992 3339 arteriaeque
1008 3276 1057 3318 ex·

55 3343 194 3408 ulceratae
207 3346 317 3406 utilior.

1 3460 4 3482 »
112 3429 196 3509 (67.)
218 3429 348 3506 Amylou
370 3428 489 3488 hebetat
510 3430 630 3506 oculos,
654 3439 684 3488 et
704 3429 792 3506 gnlae
813 3428 914 3488 inutile
937 3433 1100 3488 contraiit

1 3533 3 3551 =
59 3525 134 3588 quam
150 3516 285 3576 creditur.
313 3513 382 3574 item
394 3512 490 3573 aluum
505 3514 595 3590 sistit,
612 3513 770 3592 epiphoras
784 3511 935 3655 oculppum
950 3509 1060 3573 inhibet

838 3596 849 3653 1
884 3596 901 3635 a
