2370 3922
258 315 339 362 usu.
355 315 447 362 msa.
466 317 564 363 xxm
571 293 639 368 ἰι
659 304 811 384 (ιι-ιο)
991 304 1029 366 li

1 483 133 528 norum
153 475 184 528 et
199 467 417 530 chamaeleonte
431 469 522 531 herba
536 473 608 531 mire
623 480 713 532 sanat.
748 467 835 531 cruda
851 485 963 532 amurca
979 487 1030 552 po·

1 575 2 626 ι
31 551 133 629 degras
148 551 244 611 foveri
263 553 450 615 utilissimum.

1 639 2 646 ’
90 634 223 714 4..(38)
240 635 366 696 Οιιιιιιι
381 638 517 698 loliorum
528 623 627 698 eadem
643 647 750 698 natura.
769 638 900 716 spodium
911 659 928 700 e
941 639 1028 700 cauli·
1038 649 1072 704 76

1 717 101 778 lculis
118 719 322 779 vehementius
343 720 456 781 inhibet
475 722 703 782 rheumatismos.
736 723 818 781 sedat
836 731 866 781 et
879 723 1031 783 inhamma·

13 806 128 862 ιιιιιιιιι
145 803 306 880 oculorum,
320 814 426 882 purgat
443 805 550 882 ulcera,
566 805 689 864 alienata
701 805 812 884 explet,
830 809 1032 868 excrescentia

31 885 135 946 leniter
156 886 252 945 erodit
266 889 413 965 siccatque
430 897 460 948 ιι
479 889 513 948 ad
531 891 694 948 cicatricem
708 889 857 968 perducit,
879 899 979 950 cetera
1000 897 1031 948 ut
1104 953 1106 956 ,

1 1035 2 1038 ¹
30 972 55 1029 iu
74 969 162 1029 oleis.
195 970 343 1047 peculiare
366 980 460 1032 autem
476 973 553 1050 quod
567 972 637 1032 lolia
653 973 829 1034 decocuntur
846 989 884 1032 ex
898 973 985 1034 melle
1001 980 1031 1032 ιι

30 1053 131 1112 dantur
157 1053 342 1114 coclearibus
369 1063 470 1116 contra
500 1059 646 1133 sanguinis
669 1057 898 1116 exscreationes.
931 1058 1072 1120 oleumii

4 1209 7 1210 ⁷
31 1145 136 1195 tantum
149 1138 246 1196 acrius
260 1138 466 1217 efficaciusque
478 1139 568 1199 estde
583 1156 629 1199 eo
648 1157 682 1200 os
698 1155 813 1218 quoque
825 1137 969 1200 conicitur
979 1139 1031 1200 illc

3 1216 17 1268 ἶ
30 1219 61 1279 ad
89 1221 259 1280 firmitatem
286 1220 420 1281 dentium.
458 1225 633 1302 inponuntur
653 1224 723 1283 lolia
744 1233 775 1283 ιι
795 1220 979 1303 paronychils
1001 1230 1033 1283 ιι

1 1303 2 1358 l
31 1303 215 1363 carbunculis
230 1313 260 1364 et
277 1313 377 1365 contra
394 1321 506 1367 omnem
522 1307 726 1367 collectionem
742 1324 804 1367 cum
817 1310 896 1384 vino,
911 1310 947 1366 iis
959 1321 1031 1367 vero

1 1417 3 1421 ⁸
31 1405 102 1465 quac
124 1389 275 1466 purganda
293 1391 351 1448 sint
370 1406 433 1448 cum
448 1390 543 1451 melle.
574 1393 732 1450 miscentur
747 1391 895 1450 oculorum
910 1392 1032 1462 medica

30 1472 132 1531 neatis
161 1479 191 1530 et
217 1471 369 1533 decoctum
391 1474 527 1534 loliorum
548 1482 578 1534 et
601 1473 685 1534 sucus
707 1475 835 1534 oleastri
872 1475 982 1534 utiliter
1002 1481 1033 1534 ιι

31 1555 146 1614 acribus
166 1555 323 1616 instillatur
340 1571 402 1616 cum
415 1557 503 1617 melle
518 1557 566 1616 vel
585 1559 609 1616 si
622 1573 675 1636 pus
689 1557 796 1617 eliluat
822 1551 897 1618 hore
910 1559 1029 1618 oleastri
1040 1565 1076 1622 tc

1 1637 232 1714 {racondplomata
254 1639 409 1700 inlinuntur
425 1649 456 1700 ιι
472 1641 671 1719 epinyctides,
695 1643 765 1701 item
782 1651 845 1700 com
860 1641 953 1701 imina
968 1641 1034 1700 hcr-

32 1721 139 1782 deacca
161 1729 268 1782 venter
292 1725 322 1782 iu
347 1719 567 1801 rheumatismo,
594 1740 656 1784 cum
684 1725 752 1785 olco
775 1727 879 1803 capitis
904 1722 1032 1784 dolores.

1 1843 2 1852 .
34 1807 155 1865 cutem·
145 1825 177 1864 ιιι
197 1808 296 1904 capite
318 1807 353 1866 ab
378 1809 493 1868 ossibus
519 1808 706 1868 recedentem
724 1804 854 1868 cauliculi
873 1805 986 1868 dccccli
1004 1814 1034 1866 ct

1 1881 3 1951 l
33 1907 92 1948 cunr
116 1889 207 1949 melle
232 1891 352 1968 inpositi
376 1894 564 1970 conprimunt.
593 1909 632 1952 en
653 1892 782 1952 oleastro
803 1893 905 1951 matari
922 1894 951 1950 in
966 1891 1033 1950 cibo

1 2031 2 2038 ,
32 1977 136 2052 sumpti
161 1975 268 2032 sistunt
290 1969 402 2052 alvom,
431 1978 501 2036 tosti
519 1983 613 2035 autem
629 1983 660 2035 et
675 1993 738 2035 cam
751 1973 841 2036 nrelle
860 1977 918 2034 triti
933 1991 1034 2034 nomas

0 2063 209 2134 repurgant,
228 2057 421 2118 carbunculos
435 2067 577 2138 rumpunt

92 2141 177 2219 (39)
206 2139 272 2200 clei
290 2150 417 2200 naturam
433 2153 593 2221 causasque
611 2143 724 2203 abunde
740 2139 870 2202 diximus.
899 2141 933 2202 ad
946 2141 1034 2200 necdi-
1043 2150 1077 2204 79

34 2227 121 2282 cinam
143 2243 182 2283 cx
205 2224 265 2284 olei
282 2225 440 2301 generibus
455 2227 526 2286 haec
542 2229 705 2306 pertinent,
726 2225 907 2286 utilissimum
921 2237 990 2285 esse
1025 2225 1070 2309 ¹24,

37 2307 229 2406 omphacium,
243 2321 383 2386 proxume
401 2312 505 2387 vinde,
521 2319 675 2388 praeterea
690 2325 773 2388 quam
787 2322 917 2369 mamrme
930 2273 1076 2368 recensm'

34 2392 87 2450 nisi
101 2406 166 2451 cum
184 2393 411 2452 vetustissimam
428 2397 592 2472 quaeritur,
610 2401 714 2470 tenue,
731 2394 881 2454 odormum
899 2393 1034 2470 qnodque

1 2478 90 2534 *cnon
116 2476 268 2551 mordeat,
298 2493 315 2536 e
342 2477 460 2537 diverso
484 2493 567 2555 quam
588 2475 669 2537 cibus
690 2477 816 2554 eligitur.
854 2476 1036 2553 omphacium

33 2559 156 2636 prodest
178 2561 315 2636 gingivis
353 2562 379 2619 si
403 2563 585 2622 contineatur
607 2563 636 2621 in
659 2573 730 2633 ore,
755 2559 885 2620 colorem
910 2559 1035 2618 dentium

33 2643 175 2719 custodit,
193 2645 284 2719 magis
300 2660 382 2719 quam
399 2645 467 2704 alibi
484 2645 606 2704 sudores
622 2644 747 2705 cohibet.

93 2727 177 2806 (40.)
207 2725 390 2787 Οιιιιιιιιιιιιο
405 2727 483 2788 idem
498 2725 620 2787 effectus
635 2731 681 2806 qur
694 2743 826 2788 rosaceo
851 2727 1079 2790 omniautemsso

33 2809 100 2870 oleo
126 2809 258 2869 mollitur
282 2820 406 2888 corpus,
438 2815 571 2888 vigorem
587 2820 618 2871 et
641 2812 731 2870 robur
748 2811 860 2887 accipit.
886 2804 1035 2869 stomacho

4 2895 209 2954 ilcoutrarium
223 2901 312 2972 angel
330 2901 360 2952 et
374 2895 502 2954 ulcerum
518 2897 711 2970 incrementa,
728 2895 819 2952 laucis
835 2901 990 2970 exasperet
1007 2901 1037 2952 ιι

33 2993 145 3037 recena
161 2978 256 3037 omnia
274 2977 412 3056 hebetat,
435 2981 592 3057 praecipue
607 2977 733 3056 psimithi
757 2984 787 3036 et
807 2975 892 3054 gypsi
913 2979 943 3035 ιιι
963 2990 1037 3054 epra

32 3060 121 3120 mulsa
144 3069 193 3120 aut
209 3061 328 3121 licorurn
347 3063 486 3121 siccarum
500 3063 624 3150 depacto
637 3069 746 3140 potum,
763 3067 864 3120 contra
876 3063 1037 3122 meconium

34 3163 69 3202 cx
83 3162 176 3222 aqua,
194 3152 294 3204 contra
312 3144 503 3222 cantharidas,
522 3147 693 3224 buprestim,
710 3143 926 3228 salamandram,
942 3147 1038 3222 pityo-

33 3245 158 3306 campas,
176 3244 231 3306 per
246 3247 278 3287 se
290 3237 391 3307 potum
402 3229 600 3306 redditumque
612 3230 818 3308 vomitionibus
832 3237 931 3289 contra
943 3229 1038 3287 omnia

5 3325 119 3392 usupra
136 3313 222 3372 dicta.
253 3312 451 3373 lassitudinum
465 3321 495 3372 et
513 3314 731 3390 perfrictionum
747 3315 871 3372 reiectio
887 3320 942 3370 est.
979 3319 1077 3374 tor-81

35 3397 104 3456 mina
120 3396 245 3456 calidum
260 3404 359 3475 potum
374 3397 485 3473 cyathis
502 3411 566 3472 sen,
582 3399 733 3474 magiscpre
747 3405 809 3456 ruta
823 3395 905 3454 simui
917 3395 1039 3454 decocta

36 3479 132 3556 pellit,
156 3483 229 3540 item
242 3484 354 3541 ventris
373 3480 511 3540 annualia.
547 3480 636 3540 solvit
651 3481 745 3540 alvom
758 3481 890 3540 heminae
903 3491 1039 3538 mensam

37 3581 96 3622 cum
116 3566 189 3624 vino
207 3571 238 3623 et
253 3565 344 3624 calida
360 3576 432 3642 aqua
446 3571 546 3642 potum
561 3571 609 3624 aut
626 3566 736 3624 ιιιιιιιι
753 3576 840 3640 suco,
851 3562 1038 3623 =volnerariis

74 3669 144 3706 rum.
162 3669 226 3706 nur.
243 3669 311 3706 rrrsr.
327 3654 374 3706 IV.
836 3647 854 3706 2
