2370 3922
186 245 228 306 46
524 256 556 306 c.
570 257 667 304 rurus
685 255 837 304 succum

188 427 286 470 sucum
302 410 369 470 daut
383 409 547 470 ischiadicis
562 409 662 470 utilem
678 409 772 486 cyathi
788 411 874 469 unius
885 417 967 488 potu.
1000 407 1164 486 quidamma

186 495 249 553 rina
265 511 338 570 aqua
353 510 502 554 macerare
516 493 623 554 malunt
639 502 670 554 ot
687 493 838 553 infundere
850 493 989 569 clystere.
1017 509 1165 569 perungor-

187 585 233 635 tur
250 577 354 637 eodem
368 593 439 636 suco
453 577 600 637 ischiadici
616 577 712 637 addito
726 577 802 636 oleo.
826 577 939 656 quidam
953 576 1034 635 etad
1052 583 1165 651 anangu-

188 661 259 718 riam
276 668 392 719 utuntur
407 662 526 720 semine.
554 661 669 737 genista
684 670 766 719 tunsa
787 677 850 718 cum
871 661 997 736 magia
1017 675 1112 734 genua
1128 659 1166 716 dc

189 741 279 802 leutio
296 751 384 802 sanat.
1173 761 1178 804 t

147 834 180 889 ot
251 826 334 903 (41.)
361 824 491 901 lipriceu
512 828 566 887 iam
588 831 694 888 ericam
711 835 797 886 vocat
819 825 951 886 benacus
973 824 1097 885 similem
1117 839 1168 880 sco

188 910 234 986 pis
250 909 413 986 Amerinis,
436 911 529 969 sanari
561 909 630 968 dicit
651 929 685 970 ea
706 912 897 969 carcinomata
917 911 946 967 iu
972 911 1042 968 vino
1063 906 1178 980 decom

189 995 315 1069 tritaque
331 1009 394 1052 curu
409 992 495 1052 melle
509 991 598 1051 inlita.
611 993 784 1052 -eandem
801 1012 869 1053 esse
883 993 1063 1052 arbitrantur
1073 989 1178 1067 quidni

189 1077 342 1135 tamaricen
353 1109 414 1172 f,
434 1075 487 1135 sed
498 1076 533 1134 ad
549 1074 655 1135 lienem
666 1079 821 1154 praecipua
839 1083 901 1152 est,
916 1077 940 1135 si
957 1093 1045 1135 sucus
1059 1075 1120 1134 elus
1131 1089 1178 1131 cu>

188 1175 309 1236 pressus
326 1161 355 1218 in
370 1161 439 1218 uiuo
455 1158 578 1218 bibatur.
611 1159 743 1237 adeoque
757 1159 917 1220 mirabilem
931 1161 994 1219 eius
1008 1155 1166 1235 antipathia

189 1250 289 1302 contra
305 1242 397 1301 solum
410 1241 467 1302 boc
486 1244 631 1302 viscerum
651 1244 774 1318 faciunt,
798 1252 830 1302 ut
849 1242 1017 1317 adfirment,
1043 1243 1069 1300 si
1093 1257 1128 1300 ex
1144 1255 1178 1298 st·

146 1336 182 1388 68
192 1325 285 1385 alveis
301 1325 386 1384 factis
400 1325 516 1400 bibant,
531 1343 600 1385 sues
615 1328 678 1385 sine
696 1326 774 1386 liene
787 1327 919 1386 inveniri.
945 1334 977 1386 et
990 1325 1063 1384 ideo
1079 1323 1169 1382 bonini

189 1425 305 1486 quoqne
324 1408 456 1486 splenico
472 1409 566 1468 cibum
581 1418 738 1487 potumque
753 1410 820 1469 daut
834 1412 863 1468 in
877 1411 956 1469 vasis
973 1427 1014 1468 en
1036 1426 1073 1468 ca
1092 1408 1167 1466 factis

188 1494 286 1569 gravis
302 1501 396 1552 autem
412 1501 512 1552 auctor
526 1493 555 1551 in
571 1491 711 1552 medicina
725 1495 835 1570 virgam
850 1512 889 1553 ex
904 1511 939 1552 ea
955 1492 1130 1564 defractum,
1147 1495 1168 1546 rt

188 1593 284 1653 neque
299 1585 405 1636 terram
422 1593 517 1654 neque
532 1576 641 1636 ferrum
656 1579 829 1654 attingeret,
854 1577 957 1638 sedare
972 1577 1089 1635 ventris
1103 1573 1145 1633 dol

163 1658 167 1664 ’
188 1677 238 1719 res
254 1659 438 1720 adseveravit
455 1661 609 1737 inpositam
625 1663 663 1720 ita
678 1668 709 1718 ut
723 1663 818 1719 tunica
834 1662 987 1738 cinctuque
1002 1659 1123 1736 corpori
1136 1653 1168 1714 af

148 1763 176 1805 o.
190 1746 414 1821 reprimeretur.
434 1743 539 1820 volgus
553 1743 700 1802 infelicem
717 1743 852 1803 arborem
866 1761 930 1803 eam
944 1742 1090 1821 appellat,
1105 1738 1167 1800 utli-

191 1830 295 1902 ximus,
312 1827 445 1903 quoniam
456 1826 527 1886 nihil
542 1827 620 1886 ferat
636 1844 690 1886 nec
709 1835 823 1886 seratur
837 1843 974 1903 umquam.

147 1921 181 1976 69
252 1909 333 1987 (42.)
368 1907 523 1970 Corinthus
545 1920 576 1970 et
596 1926 669 1987 quae
690 1911 766 1970 circa
789 1918 835 1970 est
856 1909 976 1970 Graecia
992 1909 1088 1987 bryan
1101 1911 1169 1968 vocal

190 1995 312 2069 eiusque
328 1992 384 2052 duo
401 2011 511 2070 genera
527 1994 611 2068 facit,
629 1994 794 2054 silvestrem
808 1994 893 2072 plane
905 1993 1050 2069 sterilem,
1068 1992 1125 2052 alte

189 2077 342 2136 mitiorem.
372 2075 445 2137 haec
463 2079 562 2137 fertio
584 2078 724 2155 Aegypto
739 2077 880 2154 Syriaque
903 2079 992 2136 etiam
1005 2075 1137 2136 abundan

190 2161 334 2237 lignosum
354 2161 476 2220 fructum
497 2162 634 2221 maiorem
655 2160 749 2238 galla,
772 2177 906 2239 asperum
919 2169 1027 2237 gustu,
1049 2176 1111 2238 quo
1126 2173 1166 2214 nr

190 2243 246 2303 dici
273 2251 390 2303 utuntur
416 2246 480 2304 vice
504 2245 650 2320 gallacia
678 2244 929 2322 conpositionibus
950 2262 1023 2321 quus
1047 2241 1166 2301 anthera

189 2334 302 2390 vocant.
336 2336 365 2387 et
390 2327 496 2405 lignum
517 2337 612 2387 autem
635 2336 665 2386 et
690 2328 744 2386 llos
762 2336 792 2386 et
814 2327 884 2386 folia
900 2337 931 2387 et
945 2335 1051 2386 cortex
1076 2329 1106 2384 in
1119 2339 1176 2384 edit

150 2419 185 2476 ft)
198 2411 264 2471 dom
283 2429 351 2469 usus
367 2411 556 2487 adhibentur,
581 2427 746 2489 quamquam
765 2413 939 2470 remissiora.
972 2410 1057 2469 datur
1073 2406 1166 2484 sangui

146 2493 149 2498 “
190 2513 256 2554 nem
273 2495 461 2554 reicientibus
477 2504 579 2554 corten
592 2497 676 2554 tritus
688 2503 718 2554 et
733 2503 833 2554 contra
846 2494 988 2571 profluvia
1002 2493 1176 2561 feminarum

192 2578 328 2639 coeliacis
361 2596 484 2656 quoquc.
526 2579 602 2636 idem
635 2587 735 2638 tunsus
761 2580 961 2655 inpositusque
989 2576 1166 2636 collectiores

192 2665 283 2722 omnis
299 2663 418 2722 inhibet.
448 2661 526 2720 foliis
543 2662 714 2738 exprimitur
729 2679 813 2720 sucus
830 2659 864 2720 ad
879 2659 952 2719 hacc
966 2659 1078 2719 eadem.
1111 2665 1136 2716 ct
1146 2656 1165 2711 in

192 2748 259 2806 rino
277 2746 465 2820 decocuntur,
482 2747 544 2822 ipsa
562 2762 635 2803 vero
651 2745 764 2803 adiecto
777 2743 864 2802 melle
876 2745 1052 2820 gangraenis
1063 2741 1166 2801 iulium

193 2837 246 2888 tur.
266 2830 414 2892 decoctum
429 2845 529 2888 eorum
540 2830 570 2886 in
586 2829 654 2887 vino
671 2837 782 2904 potum,
789 2826 823 2859 *²⁷⁶¹
836 2828 961 2904 inposita
979 2843 1043 2884 cum
1058 2841 1125 2885 rosa

149 2921 182 2976 fl
196 2921 226 2972 ct
235 2928 301 2972 cera
314 2911 422 2970 sedant.
447 2913 490 2970 sic
503 2920 534 2970 et
548 2911 726 2989 epinyctidas
741 2919 858 2984 sanant,
880 2909 1007 2969 dentium
1020 2908 1117 2967 dolori
1133 2921 1165 2962 au

193 2998 322 3071 riumque
329 2994 479 3053 decoctum
487 2994 719 3054 eorumsalutare
730 3003 788 3069 est,
795 2993 878 3053 radix
884 2993 919 3052 ad
927 2992 1028 3052 eadem
1040 2991 1165 3050 similiter.

192 3079 262 3138 folia
280 3077 335 3136 hoc
347 3078 466 3154 amplius
475 3078 509 3137 ad
525 3095 644 3154 eaquae
661 3086 782 3155 serpunt
795 3078 970 3154 inponuntur
979 3093 1042 3134 cum
1052 3074 1164 3152 poleuta.

193 3179 292 3221 semen
307 3159 455 3218 drachmae
465 3161 594 3238 pondere
610 3161 747 3220 adversus
762 3159 913 3238 phalangia
929 3167 959 3218 et
973 3175 1098 3217 araneos
1109 3153 1165 3215 bibi·

194 3253 256 3318 tur,
273 3259 335 3300 cum
350 3243 468 3302 altilium
485 3261 557 3304 vero
572 3246 671 3322 pingui
687 3242 844 3305 furunculis
865 3243 1019 3320 inponitur.
1036 3241 1136 3300 efficax
1150 3260 1157 3267 ‘¹

150 3337 186 3391 ⁷2
196 3335 297 3386 contra
308 3329 485 3402 serpentium
493 3329 567 3386 ictus
579 3336 779 3406 praeterquam
791 3327 926 3404 aspidum.
943 3341 1066 3384 necnon
1078 3319 1163 3382 morbo

195 3407 600 3483 regio,phthiriasi,lendibus
616 3411 766 3469 decoctum
777 3409 1028 3486 infusumprodest
1039 3405 1164 3466 abuudan-

194 3493 319 3566 tiamque
332 3491 480 3550 mulierum
488 3493 572 3551 sistit.
588 3493 777 3552 cinisarboris
792 3491 827 3552 ad
836 3494 928 3553 omnia
941 3493 1041 3552 eadem
1050 3489 1162 3569 prodest
