2458 3906
281 239 361 287 nur.
377 239 469 288 urar.
485 240 558 286 xxr.
575 234 662 290 4-6.
680 228 836 307 (ro—17.)
992 229 1054 292 237

67 395 155 454 ninum
178 393 313 470 ingeniis.
353 395 527 473 colligantur
544 412 667 473 namque
684 414 784 455 mense
801 395 874 456 lulio
891 398 972 476 scapi
994 415 1057 458 are·

66 487 167 539 scentes
190 477 234 538 lili
256 478 305 558 qui
326 481 538 558 suspenduntur
559 481 587 539 in
613 480 702 539 fumo.
744 481 811 540 dein
837 480 1006 541 nudantibus
1025 501 1058 543 sc

66 562 165 622 nodulis
179 563 209 621 in
229 563 316 623 faece
333 565 407 641 nigri
423 567 481 624 vini
495 563 543 624 vel
558 563 663 624 Graeci
678 583 778 625 mense
792 567 893 626 llartio
908 583 1056 626 maceran-

66 655 102 706 tur
120 656 148 706 ut
170 647 303 707 colorem
325 649 487 728 percipiant
510 658 598 726 atque
617 649 656 709 ita
679 650 708 708 iu
730 647 903 709 scrobiculis
924 659 1059 710 seruntur
1118 669 1119 672 ¹

50 731 170 792 chemicis
190 731 285 792 faecis
303 733 493 794 circumfusis.
526 735 569 793 sic
588 732 656 793 liunt
676 751 823 812 purpurea
845 733 922 811 lilia,
944 735 1057 795 mirum·

66 832 111 894 ‹pe
124 817 218 896 tingui
230 816 338 895 aliquid
353 826 385 878 ut
397 826 534 882 nascatur
550 817 699 882 iniectum.

112 900 139 961 6.
162 902 250 980 (14.)
273 900 473 963 Violisbonos
486 921 654 983 proxumus,
671 920 828 982 earumque
841 902 925 982 plura
936 915 1099 983 generant

65 1003 230 1064 purpureae,
253 985 368 1064 luteae,
390 986 491 1064 albae,
513 989 619 1067 plantis
644 1004 744 1048 omnes
761 997 792 1048 ut
813 988 878 1048 olus
899 998 988 1051 satae.
1021 1009 1059 1049 ex

65 1071 92 1131 iis
103 1089 169 1132 vero
185 1088 264 1151 quac
280 1080 385 1150 sponte
402 1075 508 1151 apricis
531 1081 560 1134 et
581 1074 686 1133 macris
707 1073 782 1132 locis
799 1075 972 1152 proveniunt
992 1091 1058 1151 pur-

42 1172 158 1232 mpureae
179 1157 288 1216 latiore
308 1156 380 1217 iolio
396 1159 490 1218 statim
507 1157 543 1216 ab
562 1157 661 1218 radice
683 1173 807 1218 carnoso
823 1166 945 1235 exeunt,
963 1158 1058 1220 solae·

65 1257 110 1317 que
126 1239 241 1302 Graeco
264 1243 379 1302 nomine
400 1259 416 1302 a
438 1243 544 1302 ceteris
566 1242 784 1318 discernuntur,
806 1241 972 1322 appellatae
988 1244 1015 1303 ia
1032 1251 1061 1302 et

65 1322 93 1383 ab
113 1324 153 1384 bis
175 1325 305 1386 ianthina
325 1326 428 1386 vestis.
460 1326 485 1386 E
508 1327 608 1386 sativis
628 1344 760 1388 maxuma
783 1327 940 1387 auctoritas
962 1326 1058 1387 luteis.

64 1424 157 1484 genera
181 1410 218 1468 iis
244 1407 408 1472 Tusculana
432 1420 462 1471 ει
484 1428 559 1490 quae
581 1412 689 1471 marina
706 1410 889 1490 appellatur,
913 1411 984 1472 lolio
1007 1411 1059 1472 ali·

65 1503 154 1570 quanto
168 1495 294 1570 latiore,
310 1495 363 1556 sed
378 1495 470 1555 minus
488 1494 620 1556 odorato.
642 1497 670 1554 in
688 1504 778 1556 totum
793 1512 865 1554 vero
887 1495 948 1554 sine
966 1495 1058 1555 odore

42 1578 216 1658 itmlouloque
235 1579 309 1640 iolio
326 1577 490 1655 Gelotiana,
510 1597 610 1639 munus
629 1581 769 1656 autumni,
786 1588 904 1640 ceierae
919 1581 1008 1639 veris.

115 1663 197 1742 (15.)
222 1663 367 1724 Proxuma
389 1665 417 1724 ei
438 1664 532 1725 oaltba
553 1675 598 1724 εει
621 1673 650 1723 ει
670 1663 838 1725 conchulari
860 1663 1102 1742 amplitudinaaii

64 1747 137 1806 vincit
158 1765 283 1808 numero
303 1747 440 1808 loliorum
464 1749 599 1809 marinam
625 1750 751 1828 quinqua
774 1766 832 1808 noa
856 1749 1058 1809 excedentem.

64 1829 150 1890 eadem
163 1832 262 1892 odore
281 1840 451 1912 superatur,
469 1843 514 1892 εει
529 1835 605 1892 enim
619 1835 719 1910 gravis
735 1832 860 1893 caltbae.
892 1849 949 1892 non
966 1831 1062 1891 levior

65 1915 87 1972 ei
110 1935 191 1994 quam
220 1933 342 1995 scopam
369 1919 480 1994 regiam
506 1917 673 1996 appellant,
706 1934 876 1996 quamquam
900 1917 971 1977 lolia
997 1918 1059 1976 eius

39 1997 146 2076 colent,
162 2019 224 2060 non
240 1999 341 2062 dores.

115 2086 198 2164 (16.)
222 2084 335 2147 Baccar
349 2102 466 2164 quoque
482 2085 587 2145 radicis
606 2092 713 2145 tantum
733 2085 874 2145 odoratae
887 2093 947 2160 est,
966 2087 1056 2162 aqui·
1068 2091 1104 2146 ιι

20 2216 24 2225 .
64 2165 167 2228 busdam
182 2169 306 2230 nardum
324 2171 461 2231 rusticum
476 2168 662 2249 appellatum.
694 2177 839 2246 unguenta
855 2188 893 2229 ex
909 2187 944 2229 ea
962 2169 1060 2228 radice

64 2251 115 2312 ieri
133 2255 223 2314 solita
245 2255 322 2332 apud
349 2255 482 2332 antiquos
513 2253 725 2332 Aristophanes
746 2255 863 2333 priscae
891 2254 1060 2314 comoediae

65 2347 138 2414 pocta
157 2339 246 2399 testis
264 2346 320 2398 cst.
352 2339 426 2398 unde
450 2337 564 2416 quidam
581 2354 683 2397 errore
699 2336 776 2398 ialso
792 2337 974 2398 barbaricam
998 2355 1060 2396 eam

37 2421 251 2499 cappellabant.
289 2422 363 2482 odor
383 2426 431 2483 ἐει
455 2423 632 2482 cinnamomo
659 2439 827 2501 proxumus.
866 2421 969 2499 gracili
995 2421 1061 2480 solo

63 2523 109 2564 nec
129 2508 228 2568 umido
249 2509 394 2586 provenit.
434 2506 606 2566 simillimum
631 2507 658 2566 ei
681 2507 859 2567 combretum
881 2503 1055 2582 appellatur,
1069 2513 1104 2566 30

63 2588 186 2650 loliorum
211 2591 343 2651 exilitate
361 2607 452 2670 usque
468 2591 496 2651 in
512 2590 559 2650 iila
574 2599 739 2668 attenuata,
763 2599 792 2649 ει
808 2589 961 2668 procerius
977 2604 1061 2664 quam
1102 2638 1104 2644 .

62 2673 167 2734 baccar.
184 2673 221 2713 **
235 2674 312 2736 baec
333 2686 407 2736 sunt.
438 2683 545 2735 tantum
562 2691 662 2734 eorum
680 2692 797 2754 quoque
813 2691 897 2734 error
912 2673 1061 2748 corrigen-

64 2757 108 2816 dus
123 2769 167 2819 est
189 2762 239 2839 qui
263 2757 371 2820 baccar
391 2760 528 2820 rusticum
549 2759 667 2818 nardum
689 2757 889 2839 appellavere.
921 2765 965 2816 est
987 2758 1062 2816 enim

37 2841 111 2902 auita
122 2843 216 2908 berba
232 2846 276 2903 sio
289 2846 490 2921 cognominata
508 2861 594 2922 quam
610 2843 714 2904 Graeci
730 2861 836 2903 asaron
851 2850 967 2918 vocant,
982 2843 1062 2901 ouius

64 2929 182 3004 speciem
194 2929 377 3008 figuramque
394 2929 515 2989 diximus
529 2928 557 2987 in
571 2928 652 2988 nardi
663 2925 833 3004 generibus.
856 2927 1020 3006 quinimmo
1044 2945 1072 2988 m,
1082 2944 1104 2978 a

65 3028 158 3072 amnon
175 3014 295 3073 invenio
311 3015 450 3090 vocitari,
470 3013 604 3090 quoniam
621 3012 649 3070 in
666 3029 790 3072 coronas
806 3030 864 3072 non
881 3011 1011 3072 addatur.

118 3098 202 3176 (17.)
231 3095 359 3158 Crocum
385 3098 519 3157 silvestre
543 3104 697 3174 optumum.
730 3115 832 3156 serere
855 3098 884 3156 in
907 3095 989 3155 ltalia
1012 3093 1062 3151 mi·
1072 3103 1104 3156 31

64 3197 138 3242 nume
156 3182 294 3262 expedit,
316 3182 354 3242 ad
375 3181 510 3260 scrupula
530 3197 624 3258 usque
644 3181 758 3257 singula
782 3181 858 3241 areis
874 3178 1063 3257 decoquenti-

37 3262 119 3328 cius.
150 3269 257 3327 seritur
276 3265 384 3326 radicis
406 3265 505 3326 bulbo.
537 3265 660 3324 saiivom
681 3264 765 3324 latius
781 3266 932 3343 maiusque
952 3269 983 3320 ει
1000 3262 1063 3320 niti·

65 3347 137 3432 dius,
157 3351 211 3412 sed
230 3350 322 3411 multo
345 3349 457 3426 lenius,
480 3349 662 3426 degenerans
683 3349 808 3428 ubique,
829 3368 885 3410 nec
909 3345 1064 3407 iocundum

65 3435 142 3494 etiam
157 3433 297 3511 Cyrenis,
316 3434 365 3494 ubi
382 3450 499 3513 semper
514 3434 604 3494 dores
620 3433 816 3493 laudatissimi.
846 3433 938 3511 prima
960 3429 1063 3490 nobili·

12 3609 13 3616 ἵ
65 3524 104 3576 tas
115 3515 215 3580 citime
232 3527 264 3579 et
277 3518 319 3579 ibi
334 3519 363 3578 iu
375 3516 491 3594 Coryco
503 3526 618 3593 monte,
637 3517 705 3576 dein
720 3517 827 3593 Lyciae
840 3514 980 3594 Olympo,
997 3530 1065 3572 mrn
