2396 3900
158 213 217 276 138
510 225 540 273 c.
556 223 817 274 crumenarum

156 382 210 440 nisi
232 381 341 441 siccum
364 381 492 440 construi
513 388 641 460 oportet.
680 379 708 437 ni
729 378 817 439 luerit
841 378 1027 438 observatum
1049 377 1110 436 boc
1127 377 1171 437 di-

157 465 301 543 ligenter,
328 465 467 525 exhalare
490 465 628 524 matutino
649 462 785 523 nebulam
808 462 947 540 quendam
965 471 1077 537 metas,
1098 479 1173 522 mox

111 548 238 614 adtsolc
256 548 377 609 accendi
394 557 424 608 et
439 548 621 626 conflagrare
637 555 748 607 certum
765 555 819 607 est.
848 545 958 606 Rursus
975 546 1066 623 rigari
1080 545 1170 606 dese·

158 642 204 694 ota
219 641 346 712 oportet,
361 641 392 692 ut
406 642 524 693 secetur
536 631 698 693 autumnale
714 632 811 691 lenum
826 630 904 709 quod
915 637 1021 691 vocent
1034 631 1169 690 cordum.

156 716 336 778 Interamnae
353 718 381 776 in
394 716 512 777 Umbria
530 725 633 796 qnater
649 733 724 776 anno
742 723 888 791 secantur,
906 717 991 776 etiem
1001 731 1059 775 non
1071 715 1192 793 rigua,t

156 810 202 860 ter
217 818 290 861 vero
306 801 456 881 plerisque
471 803 500 860 in
515 802 606 876 locis,
627 810 657 860 et
672 809 777 878 postea
793 802 899 879 inipso
916 799 1023 878 pabulo
1041 816 1101 858 uon
1118 800 1171 859 mi-

156 904 210 945 uus
225 885 410 946 emolumenti
425 895 471 946 est
487 903 571 964 quam
586 903 603 946 e
617 885 695 948 leno.
725 885 960 946 ermenteriarum
973 883 1003 944 id
1020 901 1108 963 cura,
1128 885 1170 944 iu·

155 979 373 1050 meritorumque
384 971 592 1049 progeneratio
604 987 686 1029 suum
698 971 804 1048 cuique
816 969 966 1029 consilium
979 967 1069 1046 dabit,
1083 978 1170 1047 optu-

155 1071 202 1116 mo
217 1073 348 1116 maxume
364 1054 566 1132 quadrigarum
579 1063 711 1132 quaestu.

111 1147 167 1201 264
232 1139 316 1218 (68.)
342 1139 382 1218 [1]
403 1138 563 1199 Solstitium
591 1139 693 1217 peragi
721 1139 750 1198 in
778 1146 881 1198 octava
906 1145 989 1215 parte
1014 1136 1114 1197 cancri
1142 1145 1197 1196 etu

110 1221 149 1298 {3⁶¹
163 1231 268 1282 octavo
285 1222 427 1284 kalendas
438 1222 492 1283 lul.
507 1224 639 1284 diximus.
670 1241 790 1300 magnus
804 1222 852 1281 bic
867 1221 932 1282 anni
945 1220 1046 1296 cerdo,
1063 1237 1172 1298 magna

155 1324 205 1366 res
224 1306 330 1367 mundi.
360 1309 389 1366 in
403 1306 460 1368 boc
474 1325 567 1386 usque
582 1325 599 1368 e
614 1307 714 1368 bruma
726 1315 861 1367 crescunt
874 1305 948 1382 dies,
964 1315 1100 1366 creverat
1116 1322 1172 1365 sex

156 1391 302 1452 mensibus
321 1392 366 1452 sol
380 1393 444 1472 ipse
460 1391 496 1453 ad
513 1392 678 1471 aquilonem
698 1390 842 1451 scandens
863 1407 898 1450 ac
921 1407 975 1468 per
995 1389 1086 1450 ardue
1110 1391 1170 1448 eni·

156 1493 205 1534 sus
221 1474 257 1536 ab
274 1493 308 1536 ce
323 1484 400 1537 meta
415 1477 517 1556 incipit
531 1475 610 1536 hecti
626 1486 655 1536 et
670 1474 792 1553 degredi
809 1475 844 1536 ed
861 1483 1004 1549 austrum,
1030 1482 1170 1534 aucturus

111 1561 265 1622 ahhnoctis
282 1559 347 1620 aliis
362 1579 416 1620 sex
435 1561 582 1622 mensibus
605 1560 810 1639 ablaturusque
833 1558 890 1619 dici
913 1575 1087 1618 mensuram.
1125 1557 1197 1618 Exu

156 1642 213 1704 boo
228 1642 333 1704 deinde
348 1645 481 1723 rapiendi
500 1644 739 1722 convehendique
754 1645 866 1704 lmctus
884 1642 959 1704 alios
980 1651 1069 1720 atque
1093 1642 1170 1703 alios

155 1737 280 1806 tempus,
302 1738 332 1788 et
348 1729 541 1808 praeparandi
564 1748 597 1788 se
612 1738 713 1790 contre
732 1745 848 1788 saevam
861 1727 1011 1806 feramque
1030 1725 1170 1802 hiemem,

156 1812 340 1891 decebatque
358 1812 416 1872 boc
430 1812 584 1874 discrimen
598 1813 762 1873 indubitatis
781 1813 856 1873 notis
876 1813 1008 1888 signasse
1028 1820 1169 1872 naturam.

154 1913 240 1974 quem
255 1895 293 1955 ob
311 1913 372 1956 rem
389 1914 439 1956 eas
454 1897 583 1957 manibus
605 1899 677 1976 ipsis
697 1897 892 1974 agricolarum
915 1896 1058 1973 ingessit,
1079 1896 1169 1956 verti·

153 1997 212 2057 que
229 1980 311 2038 iussit
326 1980 390 2058 ipse
408 1980 455 2040 die
469 1980 540 2042 lolia
556 1990 585 2041 ct
600 2000 667 2042 esse
690 1980 817 2042 conlecti
836 1980 940 2041 sideris
962 1981 1092 2057 signum,
1114 1993 1197 2040 necat

154 2063 330 2122 silvestrium
346 2063 482 2124 arborum
497 2075 748 2145 remotarumque,
766 2075 797 2125 ut
817 2067 846 2124 in
863 2064 954 2124 saltus
969 2064 1073 2124 devios
1088 2081 1169 2124 mon·

156 2148 251 2225 tisque
274 2147 396 2208 cundum
417 2159 497 2209 esset
518 2150 726 2230 quaerentibus
739 2151 822 2228 signa
831 2195 840 2228 ,
856 2166 914 2208 nou
928 2167 1028 2208 rursus
1045 2146 1169 2209 urbana·

156 2249 218 2291 rum
229 2241 259 2292 et
273 2249 349 2310 quae
360 2235 485 2312 topiario
497 2243 603 2294 tentum
616 2235 760 2310 coluntur,
774 2250 945 2313 quamquam
957 2233 1002 2292 his
1016 2241 1046 2292 et
1061 2231 1171 2293 invilla

110 2315 308 2380 accusandis.
337 2319 424 2378 vertit
439 2317 525 2378 oleae
540 2327 606 2379 ante
622 2319 714 2396 pedes
730 2327 821 2396 satae,
836 2319 923 2377 vertit
941 2316 1021 2378 tiliae
1035 2316 1073 2377 ed
1089 2315 1170 2376 mille

156 2418 225 2460 usus
243 2401 404 2478 petendae,
421 2404 508 2462 vertit
523 2402 624 2482 populi
639 2402 723 2463 albae
739 2403 825 2463 etiam
840 2400 946 2461 vitibus
968 2409 1086 2480 nuptae.
1121 2399 1197 2460 ads

154 2483 212 2544 buc
228 2503 328 2564 parum
342 2493 397 2545 est.
431 2486 552 2562 ulmum,
575 2488 682 2566 inquit,
701 2488 759 2546 vite
774 2485 901 2546 dotatam
915 2484 1024 2561 babes,
1042 2494 1072 2544 et
1086 2484 1170 2544 huius

155 2577 274 2629 vertam.
302 2568 410 2648 pabulo
424 2569 495 2632 lolia
517 2569 581 2632 eius
603 2571 719 2648 stringis
749 2579 796 2630 aut
823 2570 964 2648 deputas,
992 2568 1116 2648 adspice
1142 2576 1171 2627 et

155 2662 239 2714 tenes
257 2652 346 2714 sidus.
365 2653 432 2714 «elie
447 2663 529 2732 parte
553 2655 664 2717 caelum
686 2655 846 2734 respiciunt
865 2671 951 2732 quam
972 2671 1029 2732 qua
1053 2661 1168 2732 specte-

110 2743 244 2800 adivere
267 2738 371 2816 pridie.
405 2738 496 2798 selice
512 2739 606 2799 omnia
628 2739 755 2816 adliges,
776 2737 931 2798 humillima
948 2737 1085 2798 arborum
1106 2739 1169 2816 ipse

156 2829 218 2880 toto
243 2822 338 2898 capite
359 2821 460 2899 altior,
484 2831 514 2882 et
536 2822 620 2883 buius
645 2824 847 2900 circumagam.
890 2822 958 2900 quid
979 2831 1008 2882 ta
1027 2823 1197 2882 rusticum!

156 2901 311 2983 quereris?
326 2922 384 2965 non
403 2915 460 2966 stat
473 2924 529 2986 per
545 2924 591 2966 me
606 2909 756 2985 quominus
769 2906 881 2967 caelum
892 2905 1049 2984 intelleges
1061 2915 1092 2967 et
1105 2923 1168 2966 cae·

156 2987 241 3049 lestia
256 2988 343 3050 scias.
374 2989 450 3051 dabo
473 3001 503 3052 et
524 2990 643 3051 auribus
666 2993 793 3068 signum:
814 2991 988 3069 palumbium
1003 2992 1105 3070 utique
1121 3007 1168 3050 ex·

155 3071 221 3132 audi
240 3074 374 3151 gemitus.
405 3077 547 3136 transisse
562 3075 720 3136 solstitium
739 3083 842 3135 caveto
859 3084 955 3154 putes,
972 3076 1027 3134 nisi
1045 3093 1111 3136 cum
1130 3075 1168 3134 iu·

111 3167 163 3222 268
172 3157 324 3219 cubantem
337 3158 445 3219 videris
457 3159 629 3238 palumbem.
656 3160 697 3239 [a]
720 3158 768 3218 Ab
783 3159 909 3220 solstitio
921 3160 957 3221 ed
971 3158 1110 3219 fidiculae
1122 3175 1168 3218 oc·

156 3260 253 3303 cesum
272 3254 319 3302 v1.
335 3242 476 3303 kalendas
498 3242 585 3304 lulias
608 3242 727 3304 Caesari
744 3240 836 3304 Orion
858 3243 1004 3318 exoritur,
1027 3261 1101 3304 zona
1122 3255 1197 3303 ausi

154 3335 211 3386 tem
228 3328 290 3386 cius
309 3336 412 3404 quarto
428 3345 519 3388 nonas
532 3327 691 3403 Assyriae,
715 3327 855 3406 Aegypto
876 3345 948 3387 vero
964 3343 1098 3406 procyon
1113 3345 1167 3386 ma·

152 3412 242 3470 tutino
259 3418 422 3486 aestuosus,
442 3411 519 3490 quod
535 3411 614 3472 sidus
627 3410 704 3490 apud
719 3410 866 3472 Romanos
882 3410 1041 3472 nonhabet
1055 3429 1168 3485 nomen,

153 3493 207 3552 nisi
222 3493 379 3554 caniculam
394 3494 468 3555 banc
479 3495 612 3556 volumus
623 3495 766 3573 intellegi,
782 3495 839 3556 boc
852 3505 897 3556 est
907 3497 1047 3556 minorem
1059 3512 1168 3569 cenem,
