2396 3900
168 230 208 290 74
514 242 544 291 c.
560 242 656 290 anxur
672 241 821 291 succum

169 405 197 456 et
209 397 337 474 extendi,
348 414 385 455 ue
398 395 515 456 crudum
524 395 712 474 relinquatur,
724 413 823 456 verum
836 395 915 473 exigi
925 410 1071 456 mensura.
1091 391 1166 454 male

168 482 340 558 pastinatum
364 479 583 559 deprehendunt
602 475 720 540 scamna
743 480 914 559 inaequalia.
949 477 1098 538 metienda
1120 485 1166 538 est

127 573 178 628 160
188 574 217 623 et
235 583 270 626 ea
289 583 357 644 pars
382 581 455 643 quae
477 566 629 626 interiacet
644 565 762 643 pulvini.
796 563 911 624 Surculi
932 572 1066 623 seruntur
1091 569 1122 620 et
1138 562 1166 618 in

168 648 275 709 scrobe
294 657 322 708 et
340 649 369 708 in
386 648 469 708 sulco
487 649 631 726 longiore.
658 651 840 726 superquam
857 649 1011 707 tenerrima
1024 647 1165 723 ingeritur

166 740 254 808 terra,
270 732 321 794 sed
333 733 361 791 iu
373 732 477 809 gracili
489 733 553 793 solo
565 733 672 794 irustra
683 733 738 792 nisi
749 731 892 792 substrata
905 731 1067 810 pinguiore.
1084 747 1164 808 pem·
1179 754 1194 794 s

166 833 235 876 mas
258 834 320 878 non
338 817 507 894 pauciores
535 835 618 896 quam
647 817 718 878 duas
743 817 833 893 integi
858 824 976 894 oportet
1000 824 1031 874 et
1056 830 1164 889 proxu-

166 917 240 960 mam
265 901 364 978 attingi
381 909 503 978 terram,
521 900 624 961 eodem
635 899 745 980 paxillo
763 899 885 978 deprimi
900 908 929 960 et
946 899 1077 977 spissari.
1124 899 1164 956 iu·

165 993 281 1044 teresse
308 985 337 1044 in
359 984 500 1062 plantario
527 985 721 1064 sesquipedes
743 985 818 1044 iuter
839 984 905 1045 bina
928 981 1038 1042 semina
1054 982 1085 1040 in
1101 981 1164 1040 lati·

165 1067 300 1144 tudinem,
317 1069 346 1127 in
358 1068 563 1146 longitudinem
574 1070 723 1128 semisses.
746 1070 785 1128 ita
795 1077 877 1128 satos
891 1066 1047 1128 malleolos
1058 1074 1163 1144 quarto

167 1162 196 1212 et
207 1153 347 1212 vicesimo
365 1170 466 1212 mense
484 1153 619 1214 renidere
635 1153 671 1213 ad
687 1152 772 1212 imum
785 1152 945 1228 articulum,
963 1151 1017 1210 uisi
1029 1150 1086 1228 ipsi
1097 1165 1164 1227 par-
1176 1169 1196 1210 u

167 1243 257 1294 catur.
281 1235 432 1296 oculorum
452 1237 519 1298 inde
530 1237 650 1296 materia
662 1237 775 1311 emicat,
788 1254 851 1297 curn
864 1253 921 1315 qua
932 1243 1016 1294 sexto
1028 1251 1064 1294 ac
1075 1234 1162 1294 trice·

124 1326 173 1381 161
187 1320 259 1378 simo
273 1337 373 1379 mense
387 1321 537 1381 viveradix
549 1321 730 1381 mundemur.
763 1319 803 1398 [5]
816 1317 870 1379 Est
881 1328 911 1379 et
924 1318 1072 1378 luxuriosa
1087 1318 1162 1376 ratio

165 1403 230 1460 vitis
247 1403 363 1464 serendi
375 1413 405 1464 ut
417 1414 552 1482 quattuor
561 1404 690 1465 malleoli
703 1403 867 1464 vehementi
882 1402 998 1464 vinculo
1012 1401 1163 1476 conligen-

164 1496 210 1546 tur
228 1487 256 1546 in
273 1497 358 1565 parte
376 1487 524 1548 luxuriosa
536 1497 623 1567 atque
635 1489 675 1548 ita
687 1488 735 1547 vel
747 1505 800 1566 per
813 1503 880 1547 ossa
893 1485 991 1546 bubuli
1003 1487 1097 1546 cruris
1114 1484 1163 1544 vel

165 1587 219 1648 per
242 1570 318 1631 colla
344 1571 443 1632 fictilia
459 1573 573 1633 traiecti
596 1571 752 1632 obruantur
771 1571 846 1632 binis
870 1567 1058 1631 eminentibus
1082 1582 1197 1644 genu-15

164 1655 227 1712 mis.
252 1665 401 1715 umescunt
412 1656 469 1715 luoc
480 1655 566 1715 modo
580 1656 728 1734 recisique
740 1654 885 1733 palmitem
896 1655 1034 1714 emittunt.
1056 1660 1163 1730 postea

165 1738 259 1800 dstula
281 1739 372 1799 fracta
394 1740 477 1799 radix
499 1739 592 1800 libere
618 1739 696 1818 capit
718 1740 788 1798 viris
812 1755 924 1816 uvaque
955 1737 1013 1797 iert
1038 1736 1162 1796 omnium

124 1832 174 1886 162
187 1839 345 1899 corporum
360 1840 477 1883 suorum
494 1823 603 1883 acinos.
637 1822 670 1882 ln
692 1822 749 1883 alio
771 1840 883 1900 genere
906 1823 1022 1882 inventu
1044 1821 1162 1880 novicio

165 1905 279 1965 finditur
295 1906 465 1983 malleolus,
487 1906 672 1985 medullaque
695 1920 779 1966 erasa
798 1908 826 1966 in
849 1923 883 1966 se
900 1905 1084 1982 conliguntur
1106 1905 1163 1982 ipsi

165 1988 265 2048 caules
282 1988 321 2048 ita
340 1999 370 2048 ut
384 1990 662 2068 gemmisparcatur
680 1991 756 2050 omni
772 1989 868 2050 modo.
892 1998 951 2049 tum
967 1987 1119 2049 malleolus
1133 1989 1194 2050 inm

164 2080 243 2132 terra
259 2071 325 2132 iimo
342 2074 429 2133 mixta
447 2074 568 2151 seritur,
581 2083 611 2133 et
623 2092 685 2133 cum
697 2089 838 2152 spargere
851 2072 941 2134 caulis
954 2073 1064 2150 coepit,
1082 2073 1161 2132 deci-

166 2154 241 2215 ditur
256 2154 421 2235 foditurque
439 2158 566 2236 saepius.
602 2157 668 2218 talis
691 2175 765 2218 uvae
785 2157 887 2218 acinos
906 2156 975 2218 nihil
998 2157 1072 2218 inim
1092 2155 1162 2232 ligni

164 2237 313 2300 habituros
332 2238 494 2301 Columella
515 2243 671 2319 promittit,
692 2259 756 2300 cum
776 2242 877 2303 vivere
890 2242 998 2302 semina
1016 2241 1081 2319 ipsu
1094 2258 1160 2318 per·

122 2331 173 2386 163
185 2341 269 2402 quarn
287 2326 386 2385 mirum
403 2327 440 2386 sit
453 2325 579 2387 medulla
590 2325 733 2403 adempta,
757 2323 845 2385 Nasci
858 2324 991 2386 surculos
1004 2325 1090 2384 etiam
1100 2325 1160 2403 qui-

163 2407 217 2468 bus
229 2425 287 2469 non
302 2410 338 2468 sit
354 2410 516 2470 articulatio
534 2410 658 2485 arboris,
674 2425 730 2468 non
741 2409 926 2470 omittendum
937 2409 1059 2468 videtur.
1083 2423 1160 2469 nam·
1170 2427 1193 2466 as

164 2511 220 2570 que
238 2494 308 2554 lruxi
318 2495 492 2554 tenuissimis
511 2495 605 2572 quinis
621 2493 739 2554 senisve
757 2492 910 2571 conligatis
928 2493 1044 2572 depacti
1054 2509 1161 2570 prove·

163 2579 250 2640 niunt.
285 2580 429 2657 quondam
451 2580 479 2637 iu
502 2578 707 2637 observatione
730 2586 792 2638 erat
818 2586 849 2637 ut
870 2577 1102 2654 defringerentur
1123 2594 1162 2636 ex

163 2662 290 2738 inputata
311 2661 405 2736 buxo,
425 2661 510 2722 aliter
529 2662 630 2721 vivere
649 2661 836 2722 concrediti.
860 2660 1015 2722 detraxere
1034 2660 1093 2719 hoc
1111 2678 1160 2720 ex·

122 2752 173 2806 164
185 2745 353 2820 perimente.
400 2745 440 2824 [6]
468 2746 609 2805 Seminari
632 2762 728 2806 curum
754 2745 885 2824 sequitur
905 2747 1053 2804 vinearum
1074 2745 1159 2804 ratio.

163 2829 288 2905 quinque
300 2846 440 2905 generum
450 2828 521 2890 lxae:
537 2829 647 2906 sparsis
659 2847 713 2907 per
724 2837 830 2890 terram
842 2827 1021 2908 palmitibus,
1040 2837 1090 2890 aut
1106 2843 1189 2906 pereo

164 2929 196 2968 se
215 2913 273 2970 vite
292 2912 444 2988 subrecta,
464 2911 512 2972 vel
531 2912 782 2988 cumadminiculo
800 2914 862 2972 siue
880 2913 959 2990 iugo,
977 2921 1025 2973 aut
1036 2911 1160 2991 pedatae

120 3002 170 3057 165
181 2993 306 3072 simplici
326 2997 412 3073 iugo,
433 3005 482 3056 aut
503 2996 704 3075 conpluviatae
727 2996 908 3075 quadripliei.
939 2997 1021 3070 Quae
1035 2997 1160 3075 pedatae

161 3078 253 3154 ratic,
284 3079 385 3140 eadem
409 3080 597 3157 intellegetur
619 3083 680 3141 eius
701 3097 818 3159 quoque
835 3082 863 3139 in
886 3098 942 3159 qua
960 3083 1022 3142 sine
1042 3080 1159 3140 admini-

165 3162 231 3222 culo
259 3162 325 3222 vitis
352 3181 407 3242 per
435 3183 468 3226 se
498 3164 594 3225 stabit
639 3165 668 3226 ld
690 3165 764 3224 euim
786 3181 844 3224 uon
865 3163 896 3224 lit
917 3165 972 3223 nisi
997 3164 1159 3242 pedamenti

162 3247 269 3325 inopia
310 3248 465 3328 simplici
457 3265 525 3326 rugo
550 3256 663 3310 constat
685 3256 822 3348 porrecto
851 3247 952 3309 ordine
983 3262 1070 3326 quern
1093 3263 1185 3310 can-as

162 3332 265 3389 terium
287 3331 444 3411 appellant
486 3333 591 3394 melior
612 3348 648 3393 ea
669 3333 753 3408 vino,
785 3334 917 3410 quoniam
939 3331 1030 3392 sibi
1022 3350 1086 3410 rpsa
1104 3347 1158 3392 non

94 3396 125 3479 ιι
162 3412 313 3476 obumbrat
332 3416 510 3494 adsiduoque
522 3417 587 3477 sole
608 3417 741 3515 coquitur
759 3425 788 3476 et
804 3415 937 3476 addatum
953 3417 1046 3492 magis
1062 3417 1156 3491 sentit,

134 3501 148 3541 t
162 3497 288 3558 celerius
298 3516 394 3560 rorem
404 3499 526 3577 dimittit,
536 3501 740 3579 pampinationi
753 3514 868 3577 quoque
879 3509 907 3559 et
917 3502 1062 3561 occationi
1072 3500 1156 3561 ornul-
