2370 3922
1139 125 1149 150 b

355 171 435 259 nar.
453 211 544 259 mer.
565 212 647 260 xxv.
665 209 691 260 2.
706 207 730 258 a.
750 200 866 278 (5-7.)
1060 195 1099 259 tr

103 364 161 424 luit
181 363 275 422 rabidi
291 365 370 422 oanis
387 372 501 423 morsus
518 381 656 442 pavorem
671 383 762 443 aquae
778 373 924 444 potusque
945 365 1038 422 omnis
1055 362 1104 423 ad-

107 447 210 508 ierens
232 446 336 506 odium.
372 465 466 527 nuper
487 447 633 507 cuiusdam
647 449 795 509 militantis
821 449 851 506 in
872 448 1022 526 praetorio
1046 465 1104 504 ma-

107 539 155 589 ter
173 529 246 589 vidit
261 533 291 588 in
309 531 408 608 quiete
434 539 465 589 ut
485 530 612 590 radicem
628 533 774 592 silvestris
795 549 881 590 rosae
899 547 982 608 quarn
1000 545 1104 605 cynor-

106 613 223 672 rhodon
237 622 344 674 vocant
360 613 513 673 blanditam
529 614 585 672 sibi
600 615 738 693 adspectu
751 614 845 693 pridie
857 616 886 673 in
899 615 1028 672 innecto
1039 615 1104 670 mit-

61 730 68 758 t
82 703 189 755 steret
204 696 265 755 lilio
281 696 443 757 bibendam.
472 699 501 756 in
515 696 669 771 Laeetania
685 697 924 774 resgerebatur,
944 695 1103 772 Hispaniae

107 796 251 857 proxuma
267 787 361 856 parte,
376 797 504 858 casuque
522 781 625 840 accidit
643 790 674 839 ut
688 782 779 840 milite
794 799 810 838 a
825 797 923 844 morsu
938 781 1016 838 canis
1033 780 1103 836 inci-

107 863 211 940 piente
227 881 427 940 expavescere
450 881 538 940 aquas
562 866 767 941 superveniret
786 861 912 942 epistula
937 863 1046 920 orantis
1071 869 1103 920 ut

107 953 228 1023 pareret
249 946 403 1022 religioni,
432 953 623 1023 servatusque
647 957 749 1007 estex
769 949 917 1024 insperato
943 953 973 1002 ct
997 953 1103 1021 postea

109 1030 241 1106 quisquis
257 1029 392 1088 auxilium
407 1028 500 1088 simile
520 1033 678 1108 temptavit.
709 1031 780 1090 alias
803 1027 877 1108 apud
894 1036 1029 1088 auctores
1052 1045 1100 1102 ey·
1110 1037 1148 1094 18

74 1111 248 1170 uonorrbodi
268 1130 323 1170 una
339 1111 481 1171 medicina
498 1121 561 1171 erat
576 1113 758 1191 spongeolae
775 1131 850 1192 quae
872 1113 901 1170 in
916 1111 1018 1170 mediis
1045 1114 1102 1188 spi·

107 1196 154 1254 nis
173 1196 237 1253 eius
252 1194 380 1255 nascitur
400 1198 499 1256 cinere
515 1214 578 1254 curn
592 1197 680 1256 melle
695 1197 843 1274 alopecias
856 1196 959 1274 capitis
977 1194 1102 1272 expleri.

107 1278 138 1336 in
159 1276 261 1336 eadem
282 1281 432 1355 provincia
454 1282 580 1355 cognovi
603 1282 633 1338 in
647 1297 720 1357 agro
739 1279 864 1357 hospitis
890 1297 983 1356 nuper
999 1278 1039 1336 ibi
1055 1295 1102 1336 re-

106 1369 223 1438 pertum
249 1361 449 1421 dracunculum
471 1363 647 1439 appellatum
672 1363 783 1422 caulem
805 1363 938 1441 pollicari
965 1362 1104 1420 erassitu-

23 1487 25 1492 ,
108 1444 189 1518 dine,
205 1445 437 1504 versicoloribus
455 1446 619 1522 viperarum
634 1446 770 1522 maculis,
788 1457 873 1524 quern
888 1445 1022 1504 ferebant
1035 1461 1105 1502 con-

72 1541 98 1582 ae
108 1534 154 1585 tra
171 1529 296 1585 omnium
310 1546 424 1587 morsus
441 1547 509 1588 esse
525 1528 667 1606 remedio,
684 1529 768 1587 aliurn
782 1547 865 1606 quam
879 1545 952 1605 quos
967 1529 996 1586 in
1010 1528 1103 1604 priori

107 1611 256 1669 volumine
276 1610 405 1670 eiusdem
424 1613 547 1670 nominis
565 1611 707 1688 diximus,
730 1613 782 1672 sed
801 1613 866 1671 huie
883 1610 938 1670 alia
957 1611 1059 1686 ligura,
1071 1612 1163 1668 παρ’

107 1693 187 1752 aliud
201 1693 366 1752 miraculum
381 1697 529 1754 exserenti
545 1713 577 1754 se
592 1703 671 1755 terra
685 1694 720 1756 ad
734 1697 839 1773 primas
853 1696 1031 1771 serpentium
1037 1711 1103 1751 ver·
1112 1702 1148 1756 19

107 1778 245 1834 nationes
268 1776 395 1852 bipedali
419 1779 484 1837 iere
511 1777 678 1853 altitudine,
699 1795 858 1854 rursusque
877 1795 939 1836 cum
955 1775 1058 1835 iisdem
1072 1777 1103 1833 in

109 1867 219 1918 terram
235 1859 389 1936 condenti,
406 1878 463 1919 nec
479 1863 594 1919 omnino
616 1861 760 1921 occultato
780 1879 816 1920 eo
833 1860 953 1938 adparet
967 1875 1103 1936 serpens,

5 1953 9 1962 ·
71 1942 158 2012 torel
185 1941 242 2000 boc
269 1961 374 2020 perse
399 1945 469 2002 satis
488 1943 621 2003 officioso
645 1953 765 2004 naturae
784 1962 920 2020 munere,
946 1945 971 2001 si
996 1949 1104 2000 tantum

107 2034 318 2103 praemoneret
334 2035 506 2105 tempusque
524 2026 683 2091 formidinis
699 2027 921 2088 demonstraret.

175 2108 203 2168 3.
236 2107 299 2168 Nee
314 2109 473 2169 bestiarum
489 2111 582 2169 solum
596 2103 631 2170 ad
646 2110 806 2170 nocendum
822 2110 937 2169 scelera
951 2115 1033 2182 sunt,
1050 2105 1148 2168 sedro

15 2192 34 2268 j
107 2193 226 2250 interim
240 2209 376 2270 aquarum
389 2211 503 2270 quoque
520 2211 552 2251 ae
567 2194 703 2252 locorum.
731 2193 764 2253 ln
779 2193 929 2253 Germania
941 2189 1104 2249 transllbe·

108 2291 176 2332 num
192 2277 324 2344 eastrisa
343 2274 512 2335 Germanico
535 2274 664 2336 Caesare
683 2279 825 2355 promotis
846 2277 986 2334 maritimo
1009 2281 1103 2331 tractu

72 2357 176 2416 ttions
196 2366 259 2417 erat
274 2376 366 2436 aquae
383 2358 473 2418 dulcis
494 2359 591 2435 solus,
613 2377 669 2436 qua
686 2369 755 2437 pota
775 2362 849 2418 intra
870 2359 1016 2417 biennium
1033 2356 1103 2415 den-

110 2448 155 2499 tes
171 2441 344 2502 deoiderent
364 2459 571 2518 conpagesque
585 2444 614 2500 in
635 2443 759 2518 genibus
775 2443 966 2501 solverentur.
999 2449 1104 2498 stoma·

108 2541 201 2582 eaoen
217 2524 320 2583 medici
336 2525 480 2596 vocabant
496 2532 526 2582 et
546 2524 735 2600 scelotyrben
755 2543 790 2584 ea
805 2525 885 2584 mala.
916 2532 1034 2599 reperta
1054 2539 1103 2580 au-

108 2606 182 2665 xilio
201 2615 248 2666 est
266 2606 358 2666 herba
372 2625 447 2686 quae
460 2615 582 2666 vocatur
598 2607 771 2684 Britannica,
786 2626 843 2667 non
859 2608 957 2666 nervis
973 2605 1103 2664 modoet

110 2691 172 2748 oris
198 2690 282 2749 malis
307 2690 454 2767 salutaris,
480 2690 533 2749 sed
559 2699 660 2750 contra
683 2692 801 2766 anginas
824 2707 940 2768 quoque
956 2697 987 2747 et
1001 2697 1103 2748 eontra

71 2774 267 2850 aoserpentis.
302 2772 372 2832 lolia
387 2773 477 2834 babet
494 2774 622 2850 oblonga
639 2775 738 2850 nigra,
760 2773 883 2832 radicem
898 2775 1017 2848 nigram.
1052 2789 1098 2830 su·
1109 2782 1144 2835 21

108 2873 161 2914 eus
179 2858 242 2915 eius
259 2857 429 2933 exprimitur
445 2865 476 2915 et
491 2875 508 2916 e
524 2856 630 2916 radice.
668 2857 769 2915 florem
784 2856 906 2915 vibones
923 2864 1038 2931 vocant,
1053 2856 1102 2931 qui

56 3001 58 3006 ,
107 2937 253 2997 collectus
268 2940 348 3016 prius
364 2957 447 3016 quam
457 2941 583 2999 tonitrua
599 2940 747 3000 audiantur
763 2948 793 2998 et
808 2939 963 2998 devoratus
980 2955 1102 2998 securos

106 3022 138 3080 in
154 3029 247 3080 totum
269 3021 372 3081 reddit.
403 3039 476 3098 gens
503 3032 560 3081 tum
575 3023 640 3099 lida,
663 3025 692 3082 in
708 3039 763 3099 qua
779 3030 873 3081 castra
894 3031 993 3099 erant,
1022 3039 1103 3080 mon·
1154 3090 1159 3094 ¹

108 3111 245 3164 stravere
262 3105 350 3180 illam,
366 3107 513 3182 mirorque
530 3109 653 3164 nominis
667 3123 792 3182 eausam,
812 3107 867 3163 nisi
882 3105 960 3165 iorte
972 3106 1103 3165 confines

72 3203 223 3250 ttoeeano
253 3187 418 3248 Britanniae
447 3189 537 3248 veluti
566 3191 747 3268 propinquae
768 3187 912 3247 dicavere.
947 3190 1102 3248 nonenim

107 3270 177 3330 inde
193 3271 377 3348 appellatam,
394 3275 526 3350 quoniam
538 3271 577 3331 ibi
592 3273 721 3352 pluruma
735 3279 914 3347 nasceretur,
930 3280 1041 3330 eertum
1056 3281 1102 3332 est

107 3355 256 3414 etiamtum
270 3355 415 3414 Britannia
430 3355 530 3414 libera.

169 3437 232 3514 (7.)
251 3436 316 3497 Fuit
330 3438 445 3514 quidem
459 3446 490 3497 et
504 3438 550 3498 bic
563 3439 705 3514 quondam
719 3439 841 3499 ambitus
859 3438 1022 3498 nominibus
1037 3440 1099 3500 suia
1109 3449 1148 3502 η
