2396 3900
270 220 575 269 mss.rs1sr.xt⁷111.
594 217 638 271 aa.
660 209 814 286 (ot—68.)
987 209 1046 272 139

51 372 112 432 utin
128 371 216 431 astris
234 371 377 449 pingitur,
400 373 435 434 ad
456 381 568 434 aestum
585 391 764 453 magnopere
784 375 950 454 pertinens,
972 375 1047 436 sicut

53 455 124 536 paulo
137 471 207 514 mox
223 455 404 517 docebimus.
435 470 500 518 1111.
517 474 609 518 nonas
627 456 783 519 Chaldaeis
800 475 908 519 corona
928 476 1022 519 ocem
1036 470 1089 526 269

52 540 107 600 cidit
125 541 283 616 matutino,
306 539 421 602 dnicae
441 539 532 601 Orion
554 551 632 602 totus
651 559 687 602 eo
705 542 753 603 die
776 544 915 603 exoritur.
952 546 1045 622 pridie

51 623 102 684 idm
119 622 205 684 lulius
229 623 368 703 Aegypto
386 623 475 685 Orion
494 625 599 686 desinit
619 627 745 702 exoriri,
772 639 843 687 xvl.
864 625 924 687 bal.
947 627 1045 706 Augu·

34 707 251 783 tnmdssyriae
263 725 394 787 procyon
407 711 547 786 exoritur,
562 710 630 771 dein
644 720 712 791 post
723 710 846 771 triduum
861 712 924 771 iere
939 711 1046 791 ubique

12 767 15 820 l
51 791 200 852 mnemon
217 794 295 852 inter
310 795 402 853 omnis
418 793 497 854 sidus
516 794 645 856 indicans
660 794 739 875 qnod
755 796 834 855 canis
848 803 942 855 ortum
958 813 1045 856 roca·

12 885 13 898 ¹
51 893 107 952 nm,
118 875 181 936 sole
199 885 315 956 partem
326 878 444 956 primam
456 877 550 939 leonis
564 879 709 957 ingresso.
733 878 797 938 lloc
809 879 839 940 bt
851 887 919 958 post
933 880 1088 944 soleti-270

51 962 218 1021 boumn.
236 961 294 1021 die.
330 961 595 1022 sentiuntidmaria
610 971 640 1023 et
658 973 771 1039 terrae,
792 963 899 1023 multae
921 981 993 1024 vero
1016 972 1045 1024 et

11 1083 15 1108 t
50 1045 125 1120 brae,
139 1053 171 1104 ut
186 1045 252 1105 suis
266 1045 341 1104 locis
356 1045 487 1105 diximus.
518 1065 614 1126 neque
636 1055 682 1107 est
706 1049 801 1107 minor
822 1049 850 1107 ei
870 1048 1020 1108 veneratio
1033 1046 1087 1133 ᾖξ’

11 1129 117 1212 {nquam
130 1128 291 1208 descriptis
305 1130 334 1188 in
357 1129 429 1190 deos
453 1129 565 1206 stellis,
588 1130 780 1209 accenditque
803 1131 896 1191 solem
921 1140 952 1190 et
978 1149 1036 1192 ma·

50 1229 117 1291 qnam
126 1222 227 1274 aestus
241 1214 353 1292 optinet
364 1231 490 1275 causam.
516 1227 593 1275 x111.
606 1214 664 1276 kal.
676 1214 799 1293 August.
813 1214 951 1294 Aegypto
966 1216 1044 1293 aqui-

10 1285 12 1360 l
51 1297 185 1358 laoccidit
204 1299 346 1359 matutino
373 1299 586 1376 etesiarumque
613 1298 761 1378 prodromi
785 1299 869 1360 flatus
895 1299 1044 1378 incipiunt,

10 1363 12 1392 ¹
51 1381 111 1460 quod
129 1379 245 1442 Gaesar
256 1396 291 1442 x.
308 1381 449 1443 kelandas
469 1384 578 1443 sentire
595 1381 706 1443 ltaliam
722 1383 904 1444 existbnavit.
934 1382 1086 1463 aquilaa'il

10 1467 12 1548 l
52 1465 146 1525 Atticae
166 1466 311 1526 matutino
334 1465 460 1542 occidit,
488 1479 539 1526 111.
559 1465 618 1526 lral.
641 1468 723 1544 regia
749 1470 779 1526 in
802 1475 924 1546 pectore
950 1467 1045 1526 leonis

9 1549 119 1628 lostells
136 1551 280 1611 matutino
309 1549 428 1611 Caesari
450 1551 582 1627 emergit.
620 1564 694 1612 viti.
722 1550 786 1611 idos
808 1550 884 1628 Aug.
914 1558 1045 1610 arcturus

9 1629 12 1740 q
49 1632 142 1694 medius
158 1634 283 1714 occidit,
298 1647 348 1694 111.
366 1634 429 1694 idus
443 1633 559 1695 fidicula
576 1651 683 1694 occasu
699 1652 752 1695 suo
767 1644 929 1695 autumnum
946 1633 1044 1694 incho-

9 1741 13 1834 q
48 1726 83 1792 at,
95 1719 131 1776 uti
149 1720 174 1778 is
193 1718 325 1779 adnotat.
352 1717 406 1778 sed
422 1735 493 1778 vera
510 1718 583 1777 ratio
601 1718 629 1778 id
645 1718 709 1779 beri
727 1719 836 1780 invenit
847 1731 892 1778 VI.
907 1717 970 1778 idus
981 1735 1045 1778 eas·

49 1800 108 1860 dem.
135 1802 176 1882 [3]
203 1800 239 1862 ln
250 1802 308 1863 boc
318 1803 459 1880 temporis
474 1801 628 1863 intervallo
643 1821 694 1864 res
706 1821 814 1864 summa
825 1803 924 1862 vitium
936 1802 1088 1878 agitantia

50 1884 201 1946 decretorio
219 1887 285 1946 uvis
300 1885 397 1946 sidere
414 1885 465 1946 illo
481 1884 558 1964 quod
575 1886 734 1946 caniculam
750 1887 977 1966 appellavimus,
997 1903 1087 1944 unsa

27 1967 79 2028 ale
90 1969 298 2031 carbunculare
309 1970 441 2031 dicuntur
450 1979 483 2029 ut
495 1970 619 2048 quodam
633 1971 760 2031 uredinis
773 1970 901 2031 carbone
914 1978 1043 2030 exustae.

51 2069 95 2113 ron
110 2063 307 2134 conparantur
322 2053 389 2114 huic
400 2054 476 2114 malo
491 2052 657 2131 grandines,
676 2054 827 2132 procellae
840 2071 973 2133 quaeque
985 2071 1044 2113 um·

52 2155 120 2215 quarn
134 2157 269 2200 annonae
284 2137 410 2199 intulere
427 2140 586 2199 caritatem.
618 2155 753 2215 agrorum
768 2140 876 2218 quippe
889 2138 963 2199 mala
979 2147 1045 2198 sunt

8 2231 10 2344 l
50 2221 588 2368 ll.tl¹'¹¹ltllllllli‘llll
601 2221 1046 2385 lldllllls.¹lt.lffilll

8 2373 10 2462 ἓ
26 2353 182 2468 υρτοιίοεεέ
199 2391 329 2452 mallent.
357 2391 453 2451 lerunt
467 2390 681 2466 Democritum,
700 2392 748 2469 qui
762 2391 870 2470 primus
885 2388 1088 2454 intellexitblb

50 2475 224 2555 ostenditque
244 2474 321 2536 caeli
343 2493 407 2535 cum
429 2475 515 2535 terris
537 2475 725 2550 societatem,
746 2473 950 2552 spernentibus
971 2473 1047 2533 banc

51 2577 133 2620 curarn
152 2562 218 2621 eius
238 2559 466 2638 opulentissimis
484 2559 605 2635 civium,
629 2559 763 2638 praevisa
784 2558 843 2618 olei
867 2558 987 2618 caritate
1008 2573 1046 2616 ex

8 2673 10 2690 ι
50 2643 131 2704 lutuno
146 2645 336 2722 vergiliarum
360 2652 424 2704 ortu
448 2661 504 2722 qua
525 2641 647 2702 diximus
669 2644 780 2703 ratione
801 2641 1000 2702 ostendemus·
1019 2657 1088 2702 arom

8 2793 9 2796 Ἴ
52 2745 97 2806 qne
108 2729 163 2790 iam
179 2729 309 2808 planius,
326 2745 430 2806 magna
444 2736 502 2787 tum
515 2727 626 2786 vilitate
646 2736 768 2806 propter
779 2743 861 2805 spem
877 2725 973 2785 olivae
996 2741 1045 2785 co·

8 2811 10 2836 ³
25 2813 143 2874 tremisse
158 2815 187 2874 in
203 2821 267 2874 toto
282 2821 374 2874 tractu
387 2829 472 2872 omne
488 2811 595 2886 oleum,
611 2810 778 2872 mirantibus
789 2811 837 2890 qui
847 2817 1047 2889 paupertatem

51 2897 224 2978 quietemque
237 2896 432 2958 doctrinarum
446 2896 474 2956 ei
491 2894 623 2956 sciebant
634 2897 663 2955 in
679 2896 777 2975 primis
790 2894 872 2956 cordi
886 2912 963 2955 esse.
990 2899 1089 2956 ataid

52 2997 98 3059 qne
110 2991 141 3042 ut
155 2982 289 3061 adparuit
304 2997 392 3042 causa
407 2989 437 3040 et
451 2981 554 3058 ingens
573 2979 733 3040 divitiarum
750 2996 863 3056 cursus,
882 2978 1046 3040 restituisse

51 3066 203 3128 mercedem
219 3068 323 3126 unxiae
340 3074 370 3126 et
383 3064 485 3126 avidae
502 3064 680 3125 dominorum
696 3066 910 3142 poenitentiae,
927 3071 1044 3123 conten·

8 3203 10 3212 ,
52 3156 101 3208 turn
112 3151 149 3211 ita
164 3150 339 3230 probavisse
355 3168 428 3229 opes
443 3148 499 3209 sibi
513 3149 542 3209 in
557 3149 646 3223 facili,
665 3166 729 3208 cunr
745 3149 851 3224 vellet,
873 3149 948 3208 lore.
982 3145 1045 3206 Hoc

8 3219 143 3310 ''apostes
161 3236 278 3297 Sextias
299 3253 316 3294 e
337 3233 474 3295 Romanis
492 3233 650 3312 sapientiae
674 3232 905 3294 adsectatoribus
922 3230 1045 3291 Athenis

52 3315 112 3378 iecit
124 3319 225 3380 eadem
236 3321 358 3381 ratione.
388 3326 467 3380 tanta
489 3316 649 3378 litterarum
662 3318 781 3378 occasio
799 3325 860 3391 est,
879 3332 951 3393 quas
964 3313 1043 3392 equi·

54 3400 110 3462 dem
121 3404 249 3465 miscebo
264 3403 431 3482 agrestibus
446 3403 574 3479 negotiis
590 3418 673 3479 quam
693 3412 798 3481 potero
815 3397 940 3460 dilucide
958 3407 1045 3475 atque

53 3489 206 3568 perspicue.
230 3490 365 3567 Plerique
382 3488 484 3550 dixere
500 3503 597 3547 rorem
610 3486 733 3546 inustum
745 3484 809 3544 sole
825 3482 886 3544 acri
899 3481 1088 3559 irugibusait

9 1841 11 1854 r

9 1857 11 1884 l
