<?xml version="1.0" encoding="UTF-8"?>
<!DOCTYPE html PUBLIC "-//W3C//DTD XHTML 1.0 Transitional//EN"
    "http://www.w3.org/TR/xhtml1/DTD/xhtml1-transitional.dtd">
<html xmlns="http://www.w3.org/1999/xhtml" xml:lang="en" lang="en">
 <head>
  <title>
</title>
<meta http-equiv="Content-Type" content="text/html;charset=utf-8" />
  <meta name='ocr-system' content='tesseract 3.04.00' />
  <meta name='ocr-capabilities' content='ocr_page ocr_carea ocr_par ocr_line ocrx_word'/>
</head>
<body>
  <div class='ocr_page' id='page_1' title='image "./naturalishistor00plingoog_0524.png"; bbox 0 0 2396 3922; ppageno 0'>
   <div class='ocr_carea' id='block_1_1' title="bbox 84 251 836 356">
    <p class='ocr_par' dir='ltr' id='par_1_1' title="bbox 84 251 836 356">
     <span class='ocr_line' id='line_1_1' title="bbox 84 251 836 356; baseline 0 -34"><span class='ocrx_word' id='word_1_1' title='bbox 84 251 95 356; x_wconf 35' lang='lat' dir='ltr'>j</span> <span class='ocrx_word' id='word_1_2' title='bbox 195 259 257 324; x_wconf 70' lang='lat'><strong>108</strong></span> <span class='ocrx_word' id='word_1_3' title='bbox 530 271 836 322; x_wconf 80' lang='lat' dir='ltr'><strong>o.r›u1n1snoouo1</strong></span> 
     </span>
    </p>
   </div>
   <div class='ocr_carea' id='block_1_2' title="bbox 27 415 1181 3498">
    <p class='ocr_par' dir='ltr' id='par_1_2' title="bbox 190 415 1159 589">
     <span class='ocr_line' id='line_1_2' title="bbox 190 415 1158 506; baseline -0.001 -18"><span class='ocrx_word' id='word_1_4' title='bbox 190 431 324 506; x_wconf 77' lang='lat' dir='ltr'><strong>inspersa</strong></span> <span class='ocrx_word' id='word_1_5' title='bbox 339 427 451 505; x_wconf 90' lang='lat' dir='ltr'><strong>potioni</strong></span> <span class='ocrx_word' id='word_1_6' title='bbox 466 415 530 486; x_wconf 65' lang='lat' dir='ltr'><strong>orni</strong></span> <span class='ocrx_word' id='word_1_7' title='bbox 547 443 694 506; x_wconf 80' lang='lat' dir='ltr'><strong>papauere</strong></span> <span class='ocrx_word' id='word_1_8' title='bbox 709 433 788 486; x_wconf 74' lang='lat' dir='ltr'><strong>walo</strong></span> <span class='ocrx_word' id='word_1_9' title='bbox 803 434 833 486; x_wconf 90' lang='lat' dir='ltr'><strong>et</strong></span> <span class='ocrx_word' id='word_1_10' title='bbox 856 427 942 502; x_wconf 87' lang='lat' dir='ltr'><strong>trito,</strong></span> <span class='ocrx_word' id='word_1_11' title='bbox 961 425 1009 486; x_wconf 86' lang='lat' dir='ltr'><strong>vel</strong></span> <span class='ocrx_word' id='word_1_12' title='bbox 1031 443 1110 486; x_wconf 79' lang='lat' dir='ltr'><strong>sunus</strong></span> <span class='ocrx_word' id='word_1_13' title='bbox 1125 427 1158 487; x_wconf 70' lang='lat' dir='ltr'><strong>in</strong></span> 
     </span>
     <span class='ocr_line' id='line_1_3' title="bbox 191 509 1159 589; baseline -0.003 -18"><span class='ocrx_word' id='word_1_14' title='bbox 191 512 274 572; x_wconf 69' lang='lat' dir='ltr'><strong>hans</strong></span> <span class='ocrx_word' id='word_1_15' title='bbox 290 519 339 570; x_wconf 89' lang='lat' dir='ltr'><strong>not</strong></span> <span class='ocrx_word' id='word_1_16' title='bbox 353 519 449 588; x_wconf 84' lang='lat' dir='ltr'><strong>potos,</strong></span> <span class='ocrx_word' id='word_1_17' title='bbox 465 511 619 570; x_wconf 70' lang='lat' dir='ltr'>Vettonica</span> <span class='ocrx_word' id='word_1_18' title='bbox 632 510 661 568; x_wconf 90' lang='lat' dir='ltr'><strong>in</strong></span> <span class='ocrx_word' id='word_1_19' title='bbox 682 509 749 570; x_wconf 82' lang='lat' dir='ltr'><strong>rino</strong></span> <span class='ocrx_word' id='word_1_20' title='bbox 771 509 853 589; x_wconf 74' lang='lat' dir='ltr'><strong>ferro</strong></span> <span class='ocrx_word' id='word_1_21' title='bbox 875 509 1029 570; x_wconf 85' lang='lat' dir='ltr'><strong>oalelaeto.</strong></span> <span class='ocrx_word' id='word_1_22' title='bbox 1075 509 1159 568; x_wconf 86' lang='lat' dir='ltr'><strong>eaden</strong></span> 
     </span>
    </p>

    <p class='ocr_par' dir='ltr' id='par_1_3' title="bbox 154 591 1159 671">
     <span class='ocr_line' id='line_1_4' title="bbox 154 591 1159 671; baseline 0.002 -21"><span class='ocrx_word' id='word_1_23' title='bbox 154 616 187 657; x_wconf 74' lang='lat' dir='ltr'><strong>ze.</strong></span> <span class='ocrx_word' id='word_1_24' title='bbox 197 615 221 650; x_wconf 81' lang='lat' dir='ltr'><strong>ss</strong></span> <span class='ocrx_word' id='word_1_25' title='bbox 233 594 375 654; x_wconf 75' lang='lat' dir='ltr'><strong>coeliacis</strong></span> <span class='ocrx_word' id='word_1_26' title='bbox 389 595 418 652; x_wconf 91' lang='lat' dir='ltr'><strong>in</strong></span> <span class='ocrx_word' id='word_1_27' title='bbox 432 594 500 654; x_wconf 81' lang='lat' dir='ltr'><strong>vino</strong></span> <span class='ocrx_word' id='word_1_28' title='bbox 516 602 631 653; x_wconf 85' lang='lat' dir='ltr'><strong>austero</strong></span> <span class='ocrx_word' id='word_1_29' title='bbox 646 593 745 668; x_wconf 82' lang='lat' dir='ltr'><strong>datur,</strong></span> <span class='ocrx_word' id='word_1_30' title='bbox 767 591 811 652; x_wconf 91' lang='lat' dir='ltr'><strong>his</strong></span> <span class='ocrx_word' id='word_1_31' title='bbox 832 602 862 652; x_wconf 94' lang='lat' dir='ltr'><strong>et</strong></span> <span class='ocrx_word' id='word_1_32' title='bbox 876 593 963 652; x_wconf 88' lang='lat' dir='ltr'><strong>iberis</strong></span> <span class='ocrx_word' id='word_1_33' title='bbox 976 591 1113 671; x_wconf 80' lang='lat' dir='ltr'><strong>inponitur</strong></span> <span class='ocrx_word' id='word_1_34' title='bbox 1128 593 1159 652; x_wconf 89' lang='lat' dir='ltr'><strong>uti</strong></span> 
     </span>
    </p>

    <p class='ocr_par' dir='ltr' id='par_1_4' title="bbox 147 674 1181 1166">
     <span class='ocr_line' id='line_1_5' title="bbox 147 674 1160 755; baseline -0.004 -17"><span class='ocrx_word' id='word_1_35' title='bbox 147 679 299 744; x_wconf 68' lang='lat' dir='ltr'><strong>ludintun</strong></span> <span class='ocrx_word' id='word_1_36' title='bbox 317 686 371 736; x_wconf 87' lang='lat' dir='ltr'><strong>ost.</strong></span> <span class='ocrx_word' id='word_1_37' title='bbox 406 677 548 737; x_wconf 76' lang='lat' dir='ltr'><strong>Tenesno</strong></span> <span class='ocrx_word' id='word_1_38' title='bbox 563 676 645 736; x_wconf 84' lang='lat' dir='ltr'><strong>radix</strong></span> <span class='ocrx_word' id='word_1_39' title='bbox 658 676 837 755; x_wconf 71' lang='lat' dir='ltr'><strong>nymphaeae</strong></span> <span class='ocrx_word' id='word_1_40' title='bbox 852 675 1005 736; x_wconf 75' lang='lat' dir='ltr'><strong>Heracliae</strong></span> <span class='ocrx_word' id='word_1_41' title='bbox 1022 695 1039 734; x_wconf 91' lang='lat' dir='ltr'><strong>e</strong></span> <span class='ocrx_word' id='word_1_42' title='bbox 1055 675 1116 734; x_wconf 85' lang='lat' dir='ltr'><strong>uino</strong></span> <span class='ocrx_word' id='word_1_43' title='bbox 1128 674 1160 734; x_wconf 92' lang='lat' dir='ltr'><strong>hi·</strong></span> 
     </span>
     <span class='ocr_line' id='line_1_6' title="bbox 190 759 1181 839; baseline 0 -17"><span class='ocrx_word' id='word_1_44' title='bbox 190 763 277 836; x_wconf 84' lang='lat' dir='ltr'><strong>bitur,</strong></span> <span class='ocrx_word' id='word_1_45' title='bbox 295 759 430 839; x_wconf 75' lang='lat' dir='ltr'><strong>psyllium</strong></span> <span class='ocrx_word' id='word_1_46' title='bbox 444 763 472 818; x_wconf 86' lang='lat' dir='ltr'><strong>in</strong></span> <span class='ocrx_word' id='word_1_47' title='bbox 486 777 577 838; x_wconf 82' lang='lat' dir='ltr'><strong>aqua,</strong></span> <span class='ocrx_word' id='word_1_48' title='bbox 596 761 676 820; x_wconf 86' lang='lat' dir='ltr'><strong>noori</strong></span> <span class='ocrx_word' id='word_1_49' title='bbox 691 760 796 822; x_wconf 88' lang='lat' dir='ltr'><strong>radiois</strong></span> <span class='ocrx_word' id='word_1_50' title='bbox 811 759 972 822; x_wconf 83' lang='lat' dir='ltr'><strong>decoetun.</strong></span> <span class='ocrx_word' id='word_1_51' title='bbox 1003 759 1181 833; x_wconf 65' lang='lat' dir='ltr'><strong>ninoisuoust,</strong></span> 
     </span>
     <span class='ocr_line' id='line_1_7' title="bbox 188 841 1162 920; baseline -0.006 -16"><span class='ocrx_word' id='word_1_52' title='bbox 188 846 286 904; x_wconf 82' lang='lat' dir='ltr'><strong>alvom</strong></span> <span class='ocrx_word' id='word_1_53' title='bbox 305 846 380 903; x_wconf 87' lang='lat' dir='ltr'><strong>sistit</strong></span> <span class='ocrx_word' id='word_1_54' title='bbox 396 853 425 902; x_wconf 90' lang='lat' dir='ltr'><strong>et</strong></span> <span class='ocrx_word' id='word_1_55' title='bbox 440 843 611 917; x_wconf 71' lang='lat' dir='ltr'><strong>dysinterias</strong></span> <span class='ocrx_word' id='word_1_56' title='bbox 628 851 657 902; x_wconf 88' lang='lat' dir='ltr'><strong>et</strong></span> <span class='ocrx_word' id='word_1_57' title='bbox 676 843 785 904; x_wconf 65' lang='lat' dir='ltr'><strong>nenias</strong></span> <span class='ocrx_word' id='word_1_58' title='bbox 808 841 945 902; x_wconf 84' lang='lat' dir='ltr'><strong>rotundas</strong></span> <span class='ocrx_word' id='word_1_59' title='bbox 967 843 1060 920; x_wconf 89' lang='lat' dir='ltr'><strong>pellit.</strong></span> <span class='ocrx_word' id='word_1_60' title='bbox 1103 858 1162 915; x_wconf 89' lang='lat' dir='ltr'><strong>syn·</strong></span> 
     </span>
     <span class='ocr_line' id='line_1_8' title="bbox 189 925 1163 1007; baseline -0.005 -20"><span class='ocrx_word' id='word_1_61' title='bbox 189 929 271 1007; x_wconf 89' lang='lat' dir='ltr'><strong>phyti</strong></span> <span class='ocrx_word' id='word_1_62' title='bbox 291 926 374 986; x_wconf 82' lang='lat' dir='ltr'><strong>radix</strong></span> <span class='ocrx_word' id='word_1_63' title='bbox 394 935 462 1004; x_wconf 89' lang='lat' dir='ltr'><strong>pota</strong></span> <span class='ocrx_word' id='word_1_64' title='bbox 487 927 514 984; x_wconf 87' lang='lat' dir='ltr'><strong>iu</strong></span> <span class='ocrx_word' id='word_1_65' title='bbox 539 927 605 985; x_wconf 84' lang='lat' dir='ltr'><strong>rino</strong></span> <span class='ocrx_word' id='word_1_66' title='bbox 627 925 723 986; x_wconf 87' lang='lat' dir='ltr'><strong>alrorn</strong></span> <span class='ocrx_word' id='word_1_67' title='bbox 743 934 772 984; x_wconf 86' lang='lat' dir='ltr'><strong>ot</strong></span> <span class='ocrx_word' id='word_1_68' title='bbox 793 925 978 999; x_wconf 72' lang='lat' dir='ltr'><strong>dysinteriam</strong></span> <span class='ocrx_word' id='word_1_69' title='bbox 1001 926 1093 999; x_wconf 85' lang='lat' dir='ltr'><strong>sistit,</strong></span> <span class='ocrx_word' id='word_1_70' title='bbox 1110 926 1163 982; x_wconf 87' lang='lat' dir='ltr'><strong>iten</strong></span> 
     </span>
     <span class='ocr_line' id='line_1_9' title="bbox 188 1007 1162 1080; baseline -0.007 -9"><span class='ocrx_word' id='word_1_71' title='bbox 188 1013 283 1071; x_wconf 88' lang='lat' dir='ltr'><strong>dauni.</strong></span> <span class='ocrx_word' id='word_1_72' title='bbox 326 1011 437 1070; x_wconf 80' lang='lat' dir='ltr'><strong>aizoum</strong></span> <span class='ocrx_word' id='word_1_73' title='bbox 458 1010 537 1068; x_wconf 85' lang='lat' dir='ltr'><strong>loliis</strong></span> <span class='ocrx_word' id='word_1_74' title='bbox 562 1010 691 1071; x_wconf 87' lang='lat' dir='ltr'><strong>enutritis</strong></span> <span class='ocrx_word' id='word_1_75' title='bbox 713 1026 752 1068; x_wconf 89' lang='lat' dir='ltr'><strong>err</strong></span> <span class='ocrx_word' id='word_1_76' title='bbox 774 1011 840 1068; x_wconf 82' lang='lat' dir='ltr'><strong>rino</strong></span> <span class='ocrx_word' id='word_1_77' title='bbox 867 1009 1038 1071; x_wconf 82' lang='lat' dir='ltr'><strong>torminibus</strong></span> <span class='ocrx_word' id='word_1_78' title='bbox 1063 1007 1162 1080; x_wconf 86' lang='lat' dir='ltr'><strong>resistit,</strong></span> 
     </span>
     <span class='ocr_line' id='line_1_10' title="bbox 187 1089 969 1166; baseline -0.008 -12"><span class='ocrx_word' id='word_1_79' title='bbox 187 1096 310 1155; x_wconf 85' lang='lat' dir='ltr'><strong>aloinrae</strong></span> <span class='ocrx_word' id='word_1_80' title='bbox 324 1095 422 1152; x_wconf 79' lang='lat' dir='ltr'><strong>sienne</strong></span> <span class='ocrx_word' id='word_1_81' title='bbox 436 1094 527 1152; x_wconf 81' lang='lat' dir='ltr'><strong>lerina</strong></span> <span class='ocrx_word' id='word_1_82' title='bbox 544 1092 712 1150; x_wconf 79' lang='lat' dir='ltr'><strong>torminibus</strong></span> <span class='ocrx_word' id='word_1_83' title='bbox 728 1097 798 1166; x_wconf 90' lang='lat' dir='ltr'><strong>pota</strong></span> <span class='ocrx_word' id='word_1_84' title='bbox 814 1107 878 1148; x_wconf 79' lang='lat' dir='ltr'><strong>orans</strong></span> <span class='ocrx_word' id='word_1_85' title='bbox 891 1089 969 1148; x_wconf 89' lang='lat' dir='ltr'><strong>rino.</strong></span> 
     </span>
    </p>

    <p class='ocr_par' dir='ltr' id='par_1_5' title="bbox 27 1172 1181 1999">
     <span class='ocr_line' id='line_1_11' title="bbox 27 1172 1181 1254; baseline -0.005 -18"><span class='ocrx_word' id='word_1_86' title='bbox 27 1176 35 1187; x_wconf 93' lang='grc'><em>“</em></span> <span class='ocrx_word' id='word_1_87' title='bbox 143 1188 182 1242; x_wconf 72' lang='lat' dir='ltr'><strong>st</strong></span> <span class='ocrx_word' id='word_1_88' title='bbox 253 1176 339 1254; x_wconf 73' lang='lat'><strong>(29.)</strong></span> <span class='ocrx_word' id='word_1_89' title='bbox 363 1175 534 1251; x_wconf 71' lang='lat' dir='ltr'><strong>hstrapalns</strong></span> <span class='ocrx_word' id='word_1_90' title='bbox 547 1175 617 1234; x_wconf 86' lang='lat' dir='ltr'><strong>lolia</strong></span> <span class='ocrx_word' id='word_1_91' title='bbox 632 1175 719 1236; x_wconf 87' lang='lat' dir='ltr'><strong>habet</strong></span> <span class='ocrx_word' id='word_1_92' title='bbox 733 1175 821 1251; x_wconf 73' lang='lat' dir='ltr'><strong>longa</strong></span> <span class='ocrx_word' id='word_1_93' title='bbox 834 1175 967 1252; x_wconf 78' lang='lat' dir='ltr'><strong>incisuris</strong></span> <span class='ocrx_word' id='word_1_94' title='bbox 982 1175 1093 1250; x_wconf 89' lang='lat' dir='ltr'><strong>multis,</strong></span> <span class='ocrx_word' id='word_1_95' title='bbox 1108 1172 1181 1244; x_wconf 72' lang='lat' dir='ltr'><strong>oblitu</strong></span> 
     </span>
     <span class='ocr_line' id='line_1_12' title="bbox 188 1257 1164 1338; baseline -0.002 -20"><span class='ocrx_word' id='word_1_96' title='bbox 188 1279 245 1338; x_wconf 85' lang='lat' dir='ltr'><strong>qua</strong></span> <span class='ocrx_word' id='word_1_97' title='bbox 263 1261 342 1319; x_wconf 88' lang='lat' dir='ltr'><strong>oiron</strong></span> <span class='ocrx_word' id='word_1_98' title='bbox 361 1257 505 1333; x_wconf 90' lang='lat' dir='ltr'><strong>radioern,</strong></span> <span class='ocrx_word' id='word_1_99' title='bbox 530 1258 621 1318; x_wconf 84' lang='lat' dir='ltr'><strong>naulis</strong></span> <span class='ocrx_word' id='word_1_100' title='bbox 639 1260 692 1317; x_wconf 89' lang='lat' dir='ltr'><strong>tris</strong></span> <span class='ocrx_word' id='word_1_101' title='bbox 706 1267 754 1318; x_wconf 87' lang='lat' dir='ltr'><strong>aut</strong></span> <span class='ocrx_word' id='word_1_102' title='bbox 771 1267 904 1334; x_wconf 86' lang='lat' dir='ltr'><strong>quattuor</strong></span> <span class='ocrx_word' id='word_1_103' title='bbox 917 1258 1055 1320; x_wconf 85' lang='lat' dir='ltr'><strong>loliorum</strong></span> <span class='ocrx_word' id='word_1_104' title='bbox 1070 1258 1164 1335; x_wconf 82' lang='lat' dir='ltr'><strong>pleros,</strong></span> 
     </span>
     <span class='ocr_line' id='line_1_13' title="bbox 190 1340 1166 1419; baseline -0.004 -17"><span class='ocrx_word' id='word_1_105' title='bbox 190 1345 293 1403; x_wconf 88' lang='lat' dir='ltr'><strong>llorern</strong></span> <span class='ocrx_word' id='word_1_106' title='bbox 309 1340 465 1416; x_wconf 86' lang='lat' dir='ltr'><strong>hyaointhi,</strong></span> <span class='ocrx_word' id='word_1_107' title='bbox 488 1341 601 1400; x_wconf 82' lang='lat' dir='ltr'><strong>radiens</strong></span> <span class='ocrx_word' id='word_1_108' title='bbox 617 1341 752 1416; x_wconf 72' lang='lat' dir='ltr'><strong>villosas,</strong></span> <span class='ocrx_word' id='word_1_109' title='bbox 769 1341 938 1418; x_wconf 85' lang='lat' dir='ltr'><strong>inplioatas,</strong></span> <span class='ocrx_word' id='word_1_110' title='bbox 958 1341 1081 1417; x_wconf 85' lang='lat' dir='ltr'><strong>rubras,</strong></span> <span class='ocrx_word' id='word_1_111' title='bbox 1098 1357 1166 1419; x_wconf 81' lang='lat' dir='ltr'><strong>prae</strong></span> 
     </span>
     <span class='ocr_line' id='line_1_14' title="bbox 187 1423 1168 1503; baseline -0.005 -18"><span class='ocrx_word' id='word_1_112' title='bbox 187 1427 285 1486; x_wconf 89' lang='lat' dir='ltr'><strong>doras.</strong></span> <span class='ocrx_word' id='word_1_113' title='bbox 316 1426 442 1484; x_wconf 80' lang='lat' dir='ltr'><strong>nascitur</strong></span> <span class='ocrx_word' id='word_1_114' title='bbox 455 1427 484 1483; x_wconf 93' lang='lat' dir='ltr'><strong>in</strong></span> <span class='ocrx_word' id='word_1_115' title='bbox 499 1425 640 1503; x_wconf 86' lang='lat' dir='ltr'><strong>petrosis,</strong></span> <span class='ocrx_word' id='word_1_116' title='bbox 658 1426 765 1502; x_wconf 77' lang='lat' dir='ltr'><strong>aprinis</strong></span> <span class='ocrx_word' id='word_1_117' title='bbox 778 1433 808 1484; x_wconf 93' lang='lat' dir='ltr'><strong>et</strong></span> <span class='ocrx_word' id='word_1_118' title='bbox 823 1423 923 1486; x_wconf 75' lang='lat' dir='ltr'><strong>iisdem</strong></span> <span class='ocrx_word' id='word_1_119' title='bbox 939 1425 1095 1500; x_wconf 74' lang='lat' dir='ltr'><strong>nivalibus,</strong></span> <span class='ocrx_word' id='word_1_120' title='bbox 1109 1425 1168 1482; x_wconf 86' lang='lat' dir='ltr'><strong>sient</strong></span> 
     </span>
     <span class='ocr_line' id='line_1_15' title="bbox 187 1507 1166 1586; baseline -0.006 -18"><span class='ocrx_word' id='word_1_121' title='bbox 187 1510 307 1568; x_wconf 84' lang='lat' dir='ltr'><strong>Pheneo</strong></span> <span class='ocrx_word' id='word_1_122' title='bbox 322 1507 476 1568; x_wconf 73' lang='lat' dir='ltr'><strong>Arcadiae.</strong></span> <span class='ocrx_word' id='word_1_123' title='bbox 513 1510 557 1566; x_wconf 82' lang='lat' dir='ltr'><strong>vis</strong></span> <span class='ocrx_word' id='word_1_124' title='bbox 577 1510 604 1566; x_wconf 94' lang='lat' dir='ltr'><strong>ei</strong></span> <span class='ocrx_word' id='word_1_125' title='bbox 624 1507 660 1566; x_wconf 89' lang='lat' dir='ltr'><strong>nd</strong></span> <span class='ocrx_word' id='word_1_126' title='bbox 682 1507 833 1585; x_wconf 84' lang='lat' dir='ltr'><strong>spissanda</strong></span> <span class='ocrx_word' id='word_1_127' title='bbox 854 1525 990 1586; x_wconf 86' lang='lat' dir='ltr'><strong>eorporn.</strong></span> <span class='ocrx_word' id='word_1_128' title='bbox 1031 1509 1123 1568; x_wconf 79' lang='lat' dir='ltr'><strong>atron</strong></span> <span class='ocrx_word' id='word_1_129' title='bbox 1139 1507 1166 1563; x_wconf 88' lang='lat' dir='ltr'><strong>si·</strong></span> 
     </span>
     <span class='ocr_line' id='line_1_16' title="bbox 187 1591 1181 1669; baseline -0.007 -16"><span class='ocrx_word' id='word_1_130' title='bbox 187 1595 238 1653; x_wconf 86' lang='lat' dir='ltr'><strong>stit</strong></span> <span class='ocrx_word' id='word_1_131' title='bbox 252 1593 335 1653; x_wconf 82' lang='lat' dir='ltr'><strong>radix</strong></span> <span class='ocrx_word' id='word_1_132' title='bbox 352 1594 380 1650; x_wconf 91' lang='lat' dir='ltr'><strong>in</strong></span> <span class='ocrx_word' id='word_1_133' title='bbox 396 1593 463 1651; x_wconf 69' lang='lat' dir='ltr'><strong>dno</strong></span> <span class='ocrx_word' id='word_1_134' title='bbox 478 1601 563 1669; x_wconf 89' lang='lat' dir='ltr'><strong>pota,</strong></span> <span class='ocrx_word' id='word_1_135' title='bbox 584 1608 641 1668; x_wconf 86' lang='lat' dir='ltr'><strong>quo</strong></span> <span class='ocrx_word' id='word_1_136' title='bbox 659 1591 691 1650; x_wconf 80' lang='lat' dir='ltr'><strong>bt</strong></span> <span class='ocrx_word' id='word_1_137' title='bbox 705 1601 734 1652; x_wconf 89' lang='lat' dir='ltr'><strong>ut</strong></span> <span class='ocrx_word' id='word_1_138' title='bbox 753 1600 869 1652; x_wconf 69' lang='lat' dir='ltr'><strong>meent</strong></span> <span class='ocrx_word' id='word_1_139' title='bbox 882 1593 993 1652; x_wconf 80' lang='lat' dir='ltr'><strong>urinam</strong></span> <span class='ocrx_word' id='word_1_140' title='bbox 1007 1603 1181 1669; x_wconf 69' lang='lat' dir='ltr'><strong>reperoutsop</strong></span> 
     </span>
     <span class='ocr_line' id='line_1_17' title="bbox 188 1673 1166 1754; baseline -0.006 -18"><span class='ocrx_word' id='word_1_141' title='bbox 188 1677 316 1754; x_wconf 80' lang='lat' dir='ltr'><strong>liquore,</strong></span> <span class='ocrx_word' id='word_1_142' title='bbox 332 1678 407 1736; x_wconf 88' lang='lat' dir='ltr'><strong>sieut</strong></span> <span class='ocrx_word' id='word_1_143' title='bbox 423 1675 561 1754; x_wconf 81' lang='lat' dir='ltr'><strong>pleraque</strong></span> <span class='ocrx_word' id='word_1_144' title='bbox 578 1674 761 1751; x_wconf 78' lang='lat' dir='ltr'><strong>quaesitore</strong></span> <span class='ocrx_word' id='word_1_145' title='bbox 782 1675 894 1734; x_wconf 85' lang='lat' dir='ltr'><strong>sistunt.</strong></span> <span class='ocrx_word' id='word_1_146' title='bbox 935 1683 1020 1738; x_wconf 83' lang='lat' dir='ltr'><strong>annot</strong></span> <span class='ocrx_word' id='word_1_147' title='bbox 1041 1683 1071 1734; x_wconf 86' lang='lat' dir='ltr'><strong>et</strong></span> <span class='ocrx_word' id='word_1_148' title='bbox 1088 1673 1166 1748; x_wconf 83' lang='lat' dir='ltr'><strong>dysin</strong></span> 
     </span>
     <span class='ocr_line' id='line_1_18' title="bbox 188 1757 1169 1830; baseline -0.006 -11"><span class='ocrx_word' id='word_1_149' title='bbox 188 1761 301 1820; x_wconf 81' lang='lat' dir='ltr'><strong>terinos</strong></span> <span class='ocrx_word' id='word_1_150' title='bbox 313 1761 342 1818; x_wconf 91' lang='lat' dir='ltr'><strong>in</strong></span> <span class='ocrx_word' id='word_1_151' title='bbox 356 1760 425 1818; x_wconf 80' lang='lat' dir='ltr'><strong>vino</strong></span> <span class='ocrx_word' id='word_1_152' title='bbox 439 1758 639 1830; x_wconf 77' lang='lat' dir='ltr'><strong>retrusurus,</strong></span> <span class='ocrx_word' id='word_1_153' title='bbox 661 1757 780 1818; x_wconf 88' lang='lat' dir='ltr'><strong>dillioile</strong></span> <span class='ocrx_word' id='word_1_154' title='bbox 800 1767 894 1818; x_wconf 87' lang='lat' dir='ltr'><strong>autern</strong></span> <span class='ocrx_word' id='word_1_155' title='bbox 908 1757 1047 1818; x_wconf 89' lang='lat' dir='ltr'><strong>tunditur.</strong></span> <span class='ocrx_word' id='word_1_156' title='bbox 1084 1757 1169 1816; x_wconf 87' lang='lat' dir='ltr'><strong>eaden</strong></span> 
     </span>
     <span class='ocr_line' id='line_1_19' title="bbox 186 1839 1165 1924; baseline -0.004 -24"><span class='ocrx_word' id='word_1_157' title='bbox 186 1845 370 1919; x_wconf 72' lang='lat' dir='ltr'><strong>gingivarum</strong></span> <span class='ocrx_word' id='word_1_158' title='bbox 390 1842 587 1920; x_wconf 81' lang='lat' dir='ltr'><strong>suppurationi</strong></span> <span class='ocrx_word' id='word_1_159' title='bbox 601 1840 811 1924; x_wconf 21' lang='lat' dir='ltr'><strong>utilissimaqest</strong></span> <span class='ocrx_word' id='word_1_160' title='bbox 829 1841 918 1900; x_wconf 71' lang='lat' dir='ltr'><strong>fotu·</strong></span> <span class='ocrx_word' id='word_1_161' title='bbox 942 1842 1095 1918; x_wconf 74' lang='lat' dir='ltr'><strong>colligitur</strong></span> <span class='ocrx_word' id='word_1_162' title='bbox 1106 1839 1165 1898; x_wconf 86' lang='lat' dir='ltr'><strong>eritu</strong></span> 
     </span>
     <span class='ocr_line' id='line_1_20' title="bbox 187 1924 920 1999; baseline -0.004 -14"><span class='ocrx_word' id='word_1_163' title='bbox 187 1927 324 1998; x_wconf 77' lang='lat' dir='ltr'><strong>arimanni,</strong></span> <span class='ocrx_word' id='word_1_164' title='bbox 341 1941 405 1984; x_wconf 84' lang='lat' dir='ltr'><strong>euni</strong></span> <span class='ocrx_word' id='word_1_165' title='bbox 421 1925 491 1983; x_wconf 88' lang='lat' dir='ltr'><strong>lolia</strong></span> <span class='ocrx_word' id='word_1_166' title='bbox 508 1925 610 1999; x_wconf 84' lang='lat' dir='ltr'><strong>amisit,</strong></span> <span class='ocrx_word' id='word_1_167' title='bbox 625 1925 751 1986; x_wconf 81' lang='lat' dir='ltr'><strong>sineatur</strong></span> <span class='ocrx_word' id='word_1_168' title='bbox 767 1924 920 1984; x_wconf 84' lang='lat' dir='ltr'><strong>inumbra.</strong></span> 
     </span>
    </p>

    <p class='ocr_par' dir='ltr' id='par_1_6' title="bbox 143 2002 1181 2085">
     <span class='ocr_line' id='line_1_21' title="bbox 143 2002 1181 2085; baseline -0.01 -14"><span class='ocrx_word' id='word_1_169' title='bbox 143 2017 178 2071; x_wconf 77' lang='lat' dir='ltr'><strong>st</strong></span> <span class='ocrx_word' id='word_1_170' title='bbox 253 2008 339 2085; x_wconf 82' lang='lat'>(30.)</span> <span class='ocrx_word' id='word_1_171' title='bbox 360 2007 398 2066; x_wconf 77' lang='lat' dir='ltr'><strong>Et</strong></span> <span class='ocrx_word' id='word_1_172' title='bbox 412 2007 517 2068; x_wconf 86' lang='lat' dir='ltr'><strong>ladano</strong></span> <span class='ocrx_word' id='word_1_173' title='bbox 534 2008 641 2067; x_wconf 88' lang='lat' dir='ltr'><strong>sistitur</strong></span> <span class='ocrx_word' id='word_1_174' title='bbox 655 2007 737 2067; x_wconf 81' lang='lat' dir='ltr'><strong>aluos</strong></span> <span class='ocrx_word' id='word_1_175' title='bbox 754 2015 893 2084; x_wconf 81' lang='lat' dir='ltr'><strong>utroque,</strong></span> <span class='ocrx_word' id='word_1_176' title='bbox 920 2008 1000 2085; x_wconf 85' lang='lat' dir='ltr'><strong>quod</strong></span> <span class='ocrx_word' id='word_1_177' title='bbox 1023 2009 1053 2067; x_wconf 93' lang='lat' dir='ltr'><strong>in</strong></span> <span class='ocrx_word' id='word_1_178' title='bbox 1077 2002 1181 2082; x_wconf 74' lang='lat' dir='ltr'><strong>segeti-y</strong></span> 
     </span>
    </p>

    <p class='ocr_par' dir='ltr' id='par_1_7' title="bbox 118 2087 1181 2752">
     <span class='ocr_line' id='line_1_22' title="bbox 118 2087 1165 2170; baseline -0.006 -20"><span class='ocrx_word' id='word_1_179' title='bbox 118 2093 120 2097; x_wconf 84' lang='lat'>&#39;</span> <span class='ocrx_word' id='word_1_180' title='bbox 187 2091 243 2150; x_wconf 88' lang='lat' dir='ltr'><strong>bus</strong></span> <span class='ocrx_word' id='word_1_181' title='bbox 257 2093 401 2164; x_wconf 78' lang='lat' dir='ltr'><strong>nascitur,</strong></span> <span class='ocrx_word' id='word_1_182' title='bbox 425 2098 566 2150; x_wconf 88' lang='lat' dir='ltr'><strong>oontunso</strong></span> <span class='ocrx_word' id='word_1_183' title='bbox 584 2100 614 2148; x_wconf 90' lang='lat' dir='ltr'><strong>et</strong></span> <span class='ocrx_word' id='word_1_184' title='bbox 634 2089 769 2150; x_wconf 83' lang='lat' dir='ltr'><strong>cribrato.</strong></span> <span class='ocrx_word' id='word_1_185' title='bbox 798 2089 905 2150; x_wconf 92' lang='lat' dir='ltr'><strong>bibitor</strong></span> <span class='ocrx_word' id='word_1_186' title='bbox 927 2107 965 2150; x_wconf 84' lang='lat' dir='ltr'><strong>ex</strong></span> <span class='ocrx_word' id='word_1_187' title='bbox 986 2108 1064 2170; x_wconf 85' lang='lat' dir='ltr'><strong>aqua</strong></span> <span class='ocrx_word' id='word_1_188' title='bbox 1083 2087 1165 2158; x_wconf 85' lang='lat' dir='ltr'><strong>mulsa,</strong></span> 
     </span>
     <span class='ocr_line' id='line_1_23' title="bbox 187 2171 1166 2252; baseline -0.007 -21"><span class='ocrx_word' id='word_1_189' title='bbox 187 2177 256 2232; x_wconf 87' lang='lat' dir='ltr'><strong>itern</strong></span> <span class='ocrx_word' id='word_1_190' title='bbox 277 2171 367 2232; x_wconf 91' lang='lat' dir='ltr'><strong>nobili</strong></span> <span class='ocrx_word' id='word_1_191' title='bbox 389 2191 407 2230; x_wconf 90' lang='lat' dir='ltr'><strong>e</strong></span> <span class='ocrx_word' id='word_1_192' title='bbox 433 2175 511 2231; x_wconf 85' lang='lat' dir='ltr'><strong>vino.</strong></span> <span class='ocrx_word' id='word_1_193' title='bbox 553 2172 640 2232; x_wconf 91' lang='lat' dir='ltr'><strong>ledon</strong></span> <span class='ocrx_word' id='word_1_194' title='bbox 660 2173 823 2250; x_wconf 87' lang='lat' dir='ltr'><strong>appellator</strong></span> <span class='ocrx_word' id='word_1_195' title='bbox 842 2173 934 2233; x_wconf 86' lang='lat' dir='ltr'><strong>herba</strong></span> <span class='ocrx_word' id='word_1_196' title='bbox 959 2193 999 2236; x_wconf 80' lang='lat' dir='ltr'><strong>ex</strong></span> <span class='ocrx_word' id='word_1_197' title='bbox 1023 2192 1079 2252; x_wconf 85' lang='lat' dir='ltr'><strong>qua</strong></span> <span class='ocrx_word' id='word_1_198' title='bbox 1100 2173 1127 2230; x_wconf 89' lang='lat' dir='ltr'><strong>lit</strong></span> <span class='ocrx_word' id='word_1_199' title='bbox 1145 2171 1166 2226; x_wconf 90' lang='lat' dir='ltr'><strong>in</strong></span> 
     </span>
     <span class='ocr_line' id='line_1_24' title="bbox 186 2253 1163 2334; baseline -0.009 -18"><span class='ocrx_word' id='word_1_200' title='bbox 186 2255 288 2334; x_wconf 79' lang='lat' dir='ltr'><strong>cypro</strong></span> <span class='ocrx_word' id='word_1_201' title='bbox 309 2255 407 2315; x_wconf 86' lang='lat' dir='ltr'><strong>barbis</strong></span> <span class='ocrx_word' id='word_1_202' title='bbox 432 2271 582 2333; x_wconf 86' lang='lat' dir='ltr'><strong>oeprarunr</strong></span> <span class='ocrx_word' id='word_1_203' title='bbox 602 2255 825 2316; x_wconf 80' lang='lat' dir='ltr'><strong>adhaerescens.</strong></span> <span class='ocrx_word' id='word_1_204' title='bbox 870 2257 996 2317; x_wconf 91' lang='lat' dir='ltr'><strong>nobilius</strong></span> <span class='ocrx_word' id='word_1_205' title='bbox 1018 2260 1048 2317; x_wconf 90' lang='lat' dir='ltr'><strong>in</strong></span> <span class='ocrx_word' id='word_1_206' title='bbox 1066 2253 1163 2316; x_wconf 80' lang='lat' dir='ltr'><strong>Arabia.</strong></span> 
     </span>
     <span class='ocr_line' id='line_1_25' title="bbox 187 2339 1163 2417; baseline -0.001 -20"><span class='ocrx_word' id='word_1_207' title='bbox 187 2341 290 2398; x_wconf 87' lang='lat' dir='ltr'><strong>titiam</strong></span> <span class='ocrx_word' id='word_1_208' title='bbox 309 2347 338 2397; x_wconf 85' lang='lat' dir='ltr'><strong>ot</strong></span> <span class='ocrx_word' id='word_1_209' title='bbox 352 2341 380 2397; x_wconf 94' lang='lat' dir='ltr'><strong>in</strong></span> <span class='ocrx_word' id='word_1_210' title='bbox 396 2341 480 2413; x_wconf 83' lang='lat' dir='ltr'><strong>Syrio</strong></span> <span class='ocrx_word' id='word_1_211' title='bbox 496 2349 582 2416; x_wconf 80' lang='lat' dir='ltr'><strong>atque</strong></span> <span class='ocrx_word' id='word_1_212' title='bbox 601 2339 711 2414; x_wconf 83' lang='lat' dir='ltr'><strong>hirioa,</strong></span> <span class='ocrx_word' id='word_1_213' title='bbox 729 2340 806 2417; x_wconf 84' lang='lat' dir='ltr'><strong>qnod</strong></span> <span class='ocrx_word' id='word_1_214' title='bbox 818 2341 944 2400; x_wconf 82' lang='lat' dir='ltr'><strong>toxiounu</strong></span> <span class='ocrx_word' id='word_1_215' title='bbox 959 2350 1078 2402; x_wconf 82' lang='lat' dir='ltr'><strong>uocant.</strong></span> <span class='ocrx_word' id='word_1_216' title='bbox 1115 2353 1163 2396; x_wconf 88' lang='lat' dir='ltr'><strong>ner·</strong></span> 
     </span>
     <span class='ocr_line' id='line_1_26' title="bbox 186 2422 1181 2486; baseline 0 -6"><span class='ocrx_word' id='word_1_217' title='bbox 186 2440 242 2481; x_wconf 80' lang='lat' dir='ltr'><strong>vos</strong></span> <span class='ocrx_word' id='word_1_218' title='bbox 268 2424 343 2481; x_wconf 85' lang='lat' dir='ltr'><strong>eninr</strong></span> <span class='ocrx_word' id='word_1_219' title='bbox 365 2425 394 2481; x_wconf 92' lang='lat' dir='ltr'><strong>in</strong></span> <span class='ocrx_word' id='word_1_220' title='bbox 414 2440 483 2482; x_wconf 84' lang='lat' dir='ltr'><strong>areu</strong></span> <span class='ocrx_word' id='word_1_221' title='bbox 510 2423 702 2482; x_wconf 86' lang='lat' dir='ltr'><strong>oireumdntos</strong></span> <span class='ocrx_word' id='word_1_222' title='bbox 722 2422 795 2484; x_wconf 89' lang='lat' dir='ltr'><strong>lanis</strong></span> <span class='ocrx_word' id='word_1_223' title='bbox 815 2423 929 2484; x_wconf 87' lang='lat' dir='ltr'><strong>trahunt</strong></span> <span class='ocrx_word' id='word_1_224' title='bbox 950 2424 1181 2486; x_wconf 72' lang='lat' dir='ltr'><strong>adhaerescunt</strong></span> 
     </span>
     <span class='ocr_line' id='line_1_27' title="bbox 143 2503 1163 2590; baseline -0.007 -24"><span class='ocrx_word' id='word_1_225' title='bbox 143 2506 250 2590; x_wconf 52' lang='lat'><strong>4⁸¹2?</strong></span> <span class='ocrx_word' id='word_1_226' title='bbox 262 2506 378 2566; x_wconf 84' lang='lat' dir='ltr'><strong>roseida</strong></span> <span class='ocrx_word' id='word_1_227' title='bbox 391 2505 533 2583; x_wconf 79' lang='lat' dir='ltr'><strong>lanugine.</strong></span> <span class='ocrx_word' id='word_1_228' title='bbox 550 2505 633 2584; x_wconf 90' lang='lat' dir='ltr'><strong>plura</strong></span> <span class='ocrx_word' id='word_1_229' title='bbox 645 2505 681 2564; x_wconf 92' lang='lat' dir='ltr'><strong>de</strong></span> <span class='ocrx_word' id='word_1_230' title='bbox 689 2523 726 2565; x_wconf 90' lang='lat' dir='ltr'><strong>eo</strong></span> <span class='ocrx_word' id='word_1_231' title='bbox 735 2505 937 2566; x_wconf 78' lang='lat' dir='ltr'><strong>dirimosinter</strong></span> <span class='ocrx_word' id='word_1_232' title='bbox 948 2516 1105 2583; x_wconf 80' lang='lat' dir='ltr'><strong>unguenta.</strong></span> <span class='ocrx_word' id='word_1_233' title='bbox 1122 2503 1163 2562; x_wconf 87' lang='lat' dir='ltr'><strong>hut</strong></span> 
     </span>
     <span class='ocr_line' id='line_1_28' title="bbox 186 2586 1162 2670; baseline -0.002 -22"><span class='ocrx_word' id='word_1_234' title='bbox 186 2592 389 2666; x_wconf 79' lang='lat' dir='ltr'><strong>gravissimum</strong></span> <span class='ocrx_word' id='word_1_235' title='bbox 404 2589 495 2649; x_wconf 87' lang='lat' dir='ltr'><strong>odore</strong></span> <span class='ocrx_word' id='word_1_236' title='bbox 513 2598 558 2648; x_wconf 85' lang='lat' dir='ltr'><strong>est</strong></span> <span class='ocrx_word' id='word_1_237' title='bbox 573 2588 811 2667; x_wconf 80' lang='lat' dir='ltr'><strong>durissimumque</strong></span> <span class='ocrx_word' id='word_1_238' title='bbox 822 2598 910 2652; x_wconf 82' lang='lat' dir='ltr'><strong>tantu.</strong></span> <span class='ocrx_word' id='word_1_239' title='bbox 936 2586 1162 2670; x_wconf 83' lang='lat' dir='ltr'><strong>plurnnunerin</strong></span> 
     </span>
     <span class='ocr_line' id='line_1_29' title="bbox 186 2672 1160 2752; baseline -0.005 -21"><span class='ocrx_word' id='word_1_240' title='bbox 186 2683 284 2732; x_wconf 83' lang='lat' dir='ltr'><strong>terrae</strong></span> <span class='ocrx_word' id='word_1_241' title='bbox 313 2674 443 2750; x_wconf 78' lang='lat' dir='ltr'><strong>oolligit,</strong></span> <span class='ocrx_word' id='word_1_242' title='bbox 470 2691 533 2732; x_wconf 73' lang='lat' dir='ltr'><strong>eun</strong></span> <span class='ocrx_word' id='word_1_243' title='bbox 561 2672 700 2750; x_wconf 82' lang='lat' dir='ltr'><strong>probetur</strong></span> <span class='ocrx_word' id='word_1_244' title='bbox 720 2690 852 2734; x_wconf 84' lang='lat' dir='ltr'><strong>maxume</strong></span> <span class='ocrx_word' id='word_1_245' title='bbox 875 2691 992 2752; x_wconf 86' lang='lat' dir='ltr'><strong>purum,</strong></span> <span class='ocrx_word' id='word_1_246' title='bbox 1023 2674 1160 2738; x_wconf 78' lang='lat' dir='ltr'><strong>odoratus,</strong></span> 
     </span>
    </p>

    <p class='ocr_par' dir='ltr' id='par_1_8' title="bbox 164 2755 1181 3174">
     <span class='ocr_line' id='line_1_30' title="bbox 164 2755 1160 2832; baseline -0.001 -20"><span class='ocrx_word' id='word_1_247' title='bbox 164 2792 167 2800; x_wconf 85' lang='lat'>-</span> <span class='ocrx_word' id='word_1_248' title='bbox 185 2757 287 2831; x_wconf 82' lang='lat' dir='ltr'><strong>molle,</strong></span> <span class='ocrx_word' id='word_1_249' title='bbox 301 2758 403 2832; x_wconf 87' lang='lat' dir='ltr'><strong>viride,</strong></span> <span class='ocrx_word' id='word_1_250' title='bbox 419 2757 590 2816; x_wconf 85' lang='lat' dir='ltr'><strong>resinosnnr.</strong></span> <span class='ocrx_word' id='word_1_251' title='bbox 618 2763 717 2816; x_wconf 86' lang='lat' dir='ltr'><strong>natura</strong></span> <span class='ocrx_word' id='word_1_252' title='bbox 732 2758 760 2816; x_wconf 91' lang='lat' dir='ltr'><strong>ei</strong></span> <span class='ocrx_word' id='word_1_253' title='bbox 773 2755 937 2831; x_wconf 81' lang='lat' dir='ltr'><strong>molliendi,</strong></span> <span class='ocrx_word' id='word_1_254' title='bbox 954 2757 1098 2832; x_wconf 84' lang='lat' dir='ltr'><strong>sinuandi,</strong></span> <span class='ocrx_word' id='word_1_255' title='bbox 1112 2767 1160 2811; x_wconf 89' lang='lat' dir='ltr'><strong>oon·</strong></span> 
     </span>
     <span class='ocr_line' id='line_1_31' title="bbox 188 2834 1181 2918; baseline -0.008 -22"><span class='ocrx_word' id='word_1_256' title='bbox 188 2839 348 2914; x_wconf 78' lang='lat' dir='ltr'><strong>coquendi,</strong></span> <span class='ocrx_word' id='word_1_257' title='bbox 377 2857 506 2899; x_wconf 84' lang='lat' dir='ltr'><strong>soranum</strong></span> <span class='ocrx_word' id='word_1_258' title='bbox 533 2837 694 2899; x_wconf 80' lang='lat' dir='ltr'><strong>adliciendi.</strong></span> <span class='ocrx_word' id='word_1_259' title='bbox 740 2839 876 2918; x_wconf 87' lang='lat' dir='ltr'><strong>napillurn</strong></span> <span class='ocrx_word' id='word_1_260' title='bbox 899 2841 1038 2901; x_wconf 78' lang='lat' dir='ltr'><strong>fluentem</strong></span> <span class='ocrx_word' id='word_1_261' title='bbox 1066 2834 1181 2900; x_wconf 77' lang='lat' dir='ltr'><strong>contos</strong></span> 
     </span>
     <span class='ocr_line' id='line_1_32' title="bbox 185 2920 1159 2999; baseline -0.001 -21"><span class='ocrx_word' id='word_1_262' title='bbox 185 2921 389 2997; x_wconf 79' lang='lat' dir='ltr'><strong>nigritiamque</strong></span> <span class='ocrx_word' id='word_1_263' title='bbox 403 2921 542 2999; x_wconf 86' lang='lat' dir='ltr'><strong>eustodit,</strong></span> <span class='ocrx_word' id='word_1_264' title='bbox 564 2920 680 2982; x_wconf 86' lang='lat' dir='ltr'><strong>auribus</strong></span> <span class='ocrx_word' id='word_1_265' title='bbox 697 2939 761 2982; x_wconf 87' lang='lat' dir='ltr'><strong>orror</strong></span> <span class='ocrx_word' id='word_1_266' title='bbox 775 2923 967 2997; x_wconf 86' lang='lat' dir='ltr'><strong>hydromelite</strong></span> <span class='ocrx_word' id='word_1_267' title='bbox 987 2933 1038 2982; x_wconf 87' lang='lat' dir='ltr'><strong>aut</strong></span> <span class='ocrx_word' id='word_1_268' title='bbox 1058 2929 1159 2982; x_wconf 73' lang='lat' dir='ltr'><strong>rosseo</strong></span> 
     </span>
     <span class='ocr_line' id='line_1_33' title="bbox 185 3001 1158 3075; baseline -0.003 -15"><span class='ocrx_word' id='word_1_269' title='bbox 185 3001 351 3075; x_wconf 81' lang='lat' dir='ltr'><strong>infunditur,</strong></span> <span class='ocrx_word' id='word_1_270' title='bbox 368 3003 494 3063; x_wconf 80' lang='lat' dir='ltr'><strong>iuniores</strong></span> <span class='ocrx_word' id='word_1_271' title='bbox 511 3005 585 3064; x_wconf 85' lang='lat' dir='ltr'><strong>ontis</strong></span> <span class='ocrx_word' id='word_1_272' title='bbox 597 3013 627 3064; x_wconf 90' lang='lat' dir='ltr'><strong>et</strong></span> <span class='ocrx_word' id='word_1_273' title='bbox 640 3007 780 3066; x_wconf 84' lang='lat' dir='ltr'><strong>manantia</strong></span> <span class='ocrx_word' id='word_1_274' title='bbox 792 3005 890 3066; x_wconf 81' lang='lat' dir='ltr'><strong>ulnera</strong></span> <span class='ocrx_word' id='word_1_275' title='bbox 905 3005 969 3064; x_wconf 87' lang='lat' dir='ltr'><strong>sule</strong></span> <span class='ocrx_word' id='word_1_276' title='bbox 981 3005 1079 3066; x_wconf 86' lang='lat' dir='ltr'><strong>addito</strong></span> <span class='ocrx_word' id='word_1_277' title='bbox 1088 3005 1158 3068; x_wconf 76' lang='lat' dir='ltr'><strong>sanat</strong></span> 
     </span>
     <span class='ocr_line' id='line_1_34' title="bbox 185 3085 1158 3174; baseline 0.001 -31"><span class='ocrx_word' id='word_1_278' title='bbox 185 3085 286 3143; x_wconf 85' lang='lat' dir='ltr'><strong>tussim</strong></span> <span class='ocrx_word' id='word_1_279' title='bbox 297 3091 428 3143; x_wconf 75' lang='lat' dir='ltr'><strong>reterens</strong></span> <span class='ocrx_word' id='word_1_280' title='bbox 443 3105 507 3174; x_wconf 71' lang='lat' dir='ltr'><strong>oen</strong></span> <span class='ocrx_word' id='word_1_281' title='bbox 519 3097 633 3162; x_wconf 78' lang='lat' dir='ltr'><strong>styrace</strong></span> <span class='ocrx_word' id='word_1_282' title='bbox 648 3095 800 3166; x_wconf 86' lang='lat' dir='ltr'><strong>sumptum,</strong></span> <span class='ocrx_word' id='word_1_283' title='bbox 812 3087 1018 3152; x_wconf 80' lang='lat' dir='ltr'><strong>eihoussirnuin</strong></span> <span class='ocrx_word' id='word_1_284' title='bbox 1029 3089 1064 3149; x_wconf 85' lang='lat' dir='ltr'><strong>ed</strong></span> <span class='ocrx_word' id='word_1_285' title='bbox 1074 3091 1158 3147; x_wconf 78' lang='lat' dir='ltr'><strong>ruunt·</strong></span> 
     </span>
    </p>

    <p class='ocr_par' dir='ltr' id='par_1_9' title="bbox 37 3164 1179 3498">
     <span class='ocr_line' id='line_1_35' title="bbox 143 3164 1158 3250; baseline 0.002 -26"><span class='ocrx_word' id='word_1_286' title='bbox 143 3178 180 3234; x_wconf 74' lang='lat'><strong>49</strong></span> <span class='ocrx_word' id='word_1_287' title='bbox 253 3165 339 3244; x_wconf 85' lang='lat'>(31.)</span> <span class='ocrx_word' id='word_1_288' title='bbox 360 3164 466 3226; x_wconf 83' lang='lat' dir='ltr'><strong>hlvorn</strong></span> <span class='ocrx_word' id='word_1_289' title='bbox 490 3173 565 3229; x_wconf 89' lang='lat' dir='ltr'><strong>sistit</strong></span> <span class='ocrx_word' id='word_1_290' title='bbox 585 3179 615 3228; x_wconf 87' lang='lat' dir='ltr'><strong>et</strong></span> <span class='ocrx_word' id='word_1_291' title='bbox 639 3168 774 3230; x_wconf 85' lang='lat' dir='ltr'><strong>ohoudris</strong></span> <span class='ocrx_word' id='word_1_292' title='bbox 801 3172 864 3230; x_wconf 88' lang='lat' dir='ltr'><strong>sive</strong></span> <span class='ocrx_word' id='word_1_293' title='bbox 885 3171 1158 3250; x_wconf 71' lang='lat' dir='ltr'><strong>pseudodintannoo</strong></span> 
     </span>
     <span class='ocr_line' id='line_1_36' title="bbox 37 3247 1179 3332; baseline 0.001 -23"><span class='ocrx_word' id='word_1_294' title='bbox 37 3323 41 3332; x_wconf 35' lang='grc' dir='ltr'>Ι</span> <span class='ocrx_word' id='word_1_295' title='bbox 186 3247 378 3328; x_wconf 74' lang='lat' dir='ltr'><strong>hypocisthis,</strong></span> <span class='ocrx_word' id='word_1_296' title='bbox 395 3250 572 3312; x_wconf 86' lang='lat' dir='ltr'><strong>orobethron</strong></span> <span class='ocrx_word' id='word_1_297' title='bbox 582 3251 750 3330; x_wconf 85' lang='lat' dir='ltr'><strong>quibusdam</strong></span> <span class='ocrx_word' id='word_1_298' title='bbox 766 3253 853 3329; x_wconf 87' lang='lat' dir='ltr'><strong>dieta,</strong></span> <span class='ocrx_word' id='word_1_299' title='bbox 869 3255 947 3314; x_wconf 87' lang='lat' dir='ltr'><strong>ruolo</strong></span> <span class='ocrx_word' id='word_1_300' title='bbox 960 3253 1179 3332; x_wconf 71' lang='lat' dir='ltr'><strong>granatenses</strong></span> 
     </span>
     <span class='ocr_line' id='line_1_37' title="bbox 161 3329 1156 3414; baseline 0.001 -22"><span class='ocrx_word' id='word_1_301' title='bbox 161 3351 194 3392; x_wconf 74' lang='lat' dir='ltr'><strong>as</strong></span> <span class='ocrx_word' id='word_1_302' title='bbox 204 3354 227 3386; x_wconf 76' lang='grc' dir='ltr'><strong>ιι</strong></span> <span class='ocrx_word' id='word_1_303' title='bbox 241 3343 304 3390; x_wconf 89' lang='lat' dir='ltr'><strong>turo</strong></span> <span class='ocrx_word' id='word_1_304' title='bbox 316 3329 426 3404; x_wconf 84' lang='lat' dir='ltr'><strong>similis,</strong></span> <span class='ocrx_word' id='word_1_305' title='bbox 438 3336 578 3412; x_wconf 67' lang='lat' dir='ltr'><strong>&#39;naseitur,</strong></span> <span class='ocrx_word' id='word_1_306' title='bbox 594 3343 624 3394; x_wconf 89' lang='lat' dir='ltr'><strong>ut</strong></span> <span class='ocrx_word' id='word_1_307' title='bbox 635 3335 767 3409; x_wconf 82' lang='lat' dir='ltr'><strong>diximus,</strong></span> <span class='ocrx_word' id='word_1_308' title='bbox 785 3335 838 3396; x_wconf 89' lang='lat' dir='ltr'><strong>sub</strong></span> <span class='ocrx_word' id='word_1_309' title='bbox 853 3336 959 3414; x_wconf 90' lang='lat' dir='ltr'><strong>oistho,</strong></span> <span class='ocrx_word' id='word_1_310' title='bbox 975 3337 1053 3398; x_wconf 88' lang='lat' dir='ltr'><strong>unde</strong></span> <span class='ocrx_word' id='word_1_311' title='bbox 1067 3346 1156 3396; x_wconf 75' lang='lat' dir='ltr'><strong>nonno</strong></span> 
     </span>
     <span class='ocr_line' id='line_1_38' title="bbox 185 3411 1156 3498; baseline 0.005 -24"><span class='ocrx_word' id='word_1_312' title='bbox 185 3416 260 3474; x_wconf 84' lang='lat' dir='ltr'><strong>haee</strong></span> <span class='ocrx_word' id='word_1_313' title='bbox 281 3413 408 3472; x_wconf 76' lang='lat' dir='ltr'><strong>arelacta</strong></span> <span class='ocrx_word' id='word_1_314' title='bbox 428 3411 456 3469; x_wconf 93' lang='lat' dir='ltr'><strong>in</strong></span> <span class='ocrx_word' id='word_1_315' title='bbox 477 3416 575 3476; x_wconf 84' lang='lat' dir='ltr'><strong>umbra</strong></span> <span class='ocrx_word' id='word_1_316' title='bbox 595 3417 672 3478; x_wconf 85' lang='lat' dir='ltr'><strong>sistit</strong></span> <span class='ocrx_word' id='word_1_317' title='bbox 694 3418 789 3480; x_wconf 85' lang='lat' dir='ltr'><strong>alvom</strong></span> <span class='ocrx_word' id='word_1_318' title='bbox 809 3437 847 3478; x_wconf 81' lang='lat' dir='ltr'><strong>ex</strong></span> <span class='ocrx_word' id='word_1_319' title='bbox 867 3422 935 3480; x_wconf 85' lang='lat' dir='ltr'><strong>vino</strong></span> <span class='ocrx_word' id='word_1_320' title='bbox 956 3421 1044 3498; x_wconf 78' lang='lat' dir='ltr'><strong>nigro</strong></span> <span class='ocrx_word' id='word_1_321' title='bbox 1066 3424 1156 3482; x_wconf 63' lang='lat' dir='ltr'><strong>assuti</strong></span> 
     </span>
    </p>
   </div>
   <div class='ocr_carea' id='block_1_3' title="bbox 185 3493 1155 3576">
    <p class='ocr_par' dir='ltr' id='par_1_10' title="bbox 185 3493 1155 3576">
     <span class='ocr_line' id='line_1_39' title="bbox 185 3493 1155 3576; baseline 0.006 -20"><span class='ocrx_word' id='word_1_322' title='bbox 185 3505 319 3575; x_wconf 79' lang='lat' dir='ltr'><strong>atroque.</strong></span> <span class='ocrx_word' id='word_1_323' title='bbox 360 3493 416 3552; x_wconf 90' lang='lat' dir='ltr'><strong>dno</strong></span> <span class='ocrx_word' id='word_1_324' title='bbox 437 3497 512 3554; x_wconf 86' lang='lat' dir='ltr'><strong>enirn</strong></span> <span class='ocrx_word' id='word_1_325' title='bbox 525 3516 633 3573; x_wconf 76' lang='lat' dir='ltr'><strong>genera</strong></span> <span class='ocrx_word' id='word_1_326' title='bbox 648 3501 726 3576; x_wconf 86' lang='lat' dir='ltr'><strong>eius,</strong></span> <span class='ocrx_word' id='word_1_327' title='bbox 751 3501 871 3565; x_wconf 84' lang='lat' dir='ltr'><strong>eandida</strong></span> <span class='ocrx_word' id='word_1_328' title='bbox 894 3513 924 3563; x_wconf 87' lang='lat' dir='ltr'><strong>et</strong></span> <span class='ocrx_word' id='word_1_329' title='bbox 947 3505 1023 3566; x_wconf 87' lang='lat' dir='ltr'><strong>ruia.</strong></span> <span class='ocrx_word' id='word_1_330' title='bbox 1063 3497 1155 3564; x_wconf 74' lang='lat' dir='ltr'><strong>uenit</strong></span> 
     </span>
    </p>
   </div>
   <div class='ocr_carea' id='block_1_4' title="bbox 0 0 1202 3922">
    <p class='ocr_par' dir='ltr' id='par_1_11' title="bbox 0 0 1202 3922">
     <span class='ocr_line' id='line_1_40' title="bbox 0 0 1202 3922; baseline 0 0"><span class='ocrx_word' id='word_1_331' title='bbox 0 0 1202 3922; x_wconf 95' lang='lat' dir='ltr'><strong> </strong></span> 
     </span>
    </p>
   </div>
  </div>
 </body>
</html>
