2458 3906
261 262 344 310 aar.
360 261 452 310 ruso.
468 261 583 309 xvim.
600 259 643 312 11.
662 249 842 328 (so.)-·xx.
860 251 919 329 (r.)
1040 250 1100 314 187

76 418 225 481 iibanotis
240 417 315 478 locis
330 417 462 496 putribus
479 426 508 476 ct
523 418 629 477 macris
650 435 685 477 ac
705 417 829 478 roscidis
852 419 959 481 seritur
978 423 1098 484 semiue.

77 504 215 566 radicem
230 501 320 563 habet
334 502 467 578 olusatri,
483 501 552 562 nihil
567 509 630 562 ture
649 501 841 563 differentem.
869 522 938 564 usus
955 506 1017 566 eius
1033 517 1100 586 post

78 605 188 650 acuum
202 586 357 647 stomacho
373 585 590 646 saluberrimus.
622 586 736 664 quidam
752 605 816 648 eam
832 589 948 649 nomine
964 590 1021 652 alio
1036 609 1099 653 ros·
1118 589 1125 599 “

78 675 223 734 marinum
239 664 401 750 appellant.
426 672 582 745 zmyrnium
595 670 661 730 olus
673 673 780 730 saritur
791 671 894 732 iisdem
905 673 990 751 iocis,
1007 694 1082 737 mur·
1093 685 1143 742 188

5 809 6 836 ἶ
55 775 204 837 aramque
218 756 321 816 radice
337 755 448 833 resipit.
478 754 580 815 eadem
602 763 632 814 et
652 754 819 834 siliquastro
836 759 920 818 satio.
948 759 1060 839 reliqua
1082 778 1100 821 a

5 843 7 888 i
82 842 195 903 ceteris
211 850 242 901 et
254 840 349 901 odore
366 848 396 899 et
410 856 519 919 sapore
535 839 687 916 differant,
711 847 743 899 ut
757 850 888 918 anctum,
904 851 1041 925 tantaque
1054 855 1100 907 est

4 950 6 1010 t
83 927 242 988 diversitas
265 934 353 1004 atquc
372 925 434 999 vis,
458 933 488 984 ut
508 941 566 984 uon
588 924 681 985 solum
709 923 787 985 aliud
816 924 873 986 alic
899 935 1024 989 mutetur
1046 930 1101 991 sod

4 1013 6 1100 ᾗ
85 1013 174 1072 etiam
187 1011 217 1069 in
236 1018 329 1070 toturn
345 1010 501 1070 auferatur.
534 1008 611 1087 Apio
633 1011 763 1070 eximunt
786 1011 852 1071 ccci
880 1009 1011 1073 obsoniis
1032 1031 1099 1075 aca-

4 1107 5 1168 3
83 1105 152 1169 tum,
172 1094 279 1155 ecdem
295 1093 409 1154 cellarii
420 1094 448 1153 iu
460 1095 556 1154 saccis
568 1093 688 1154 odorem
699 1094 767 1154 uuo
778 1111 908 1171 gravem.
932 1093 1141 1165 Ethacte·189

3 1177 5 1210 ³
48 1179 305 1241 rouushorteusia
320 1177 476 1258 dictasint,
495 1177 623 1238 ciborum
640 1179 734 1256 gratia
749 1178 904 1241 dumtaxat.
936 1198 1098 1243 maxumum

3 1277 4 1346 Τ
84 1263 201 1345 quidem
217 1281 294 1342 opus
306 1263 336 1322 iu
349 1263 453 1323 iisdem
464 1270 584 1323 naturae
596 1271 703 1339 restat,
717 1264 851 1342 quoniam
862 1275 1022 1344 proventus
1037 1275 1098 1328 tan·

3 1369 5 1404 i
83 1358 141 1409 tum
158 1347 254 1409 adhuc
272 1363 456 1426 summasque
470 1347 609 1427 quasdam
624 1349 820 1409 tractavimus.
851 1367 923 1410 vara
935 1360 1033 1412 autern
1049 1369 1098 1412 cu·

83 1434 186 1512 iusque
200 1440 304 1492 natura
320 1443 379 1492 uon
395 1433 449 1492 uisi
463 1431 577 1492 medico
595 1431 700 1492 effectu
723 1433 862 1511 pernosci
884 1443 998 1513 potest,
1023 1453 1097 1516 opus

83 1518 186 1594 ingens
202 1516 412 1595 occultumque
428 1515 583 1576 divinitatis
599 1525 629 1576 et
651 1533 708 1595 quc
730 1516 837 1578 nullum
858 1520 982 1597 reperiri
1003 1521 1098 1599 possit

50 1619 75 1661 rt
84 1604 182 1662 maius.
213 1599 260 1662 Ne
279 1601 402 1680 singulis
423 1600 451 1661 id
470 1600 558 1661 rebus
583 1609 805 1662 contexeremus
826 1603 900 1663 iusta
921 1602 993 1664 iecit
1010 1604 1095 1681 ratio,

83 1705 145 1748 eum
160 1686 196 1748 ad
211 1686 288 1748 alios
304 1685 441 1748 medendi
455 1685 601 1746 desideria
617 1685 812 1765 pertinerent,
832 1686 926 1764 longis
945 1689 1096 1766 utriusque

1 1769 2 1848 i
82 1771 270 1833 dilatioribus
284 1771 400 1848 futuris,
417 1771 442 1830 si
458 1770 685 1830 miscuissemus.
718 1788 792 1830 nruue
807 1772 868 1830 suis
880 1789 1015 1852 quaeque
1030 1791 1095 1852 par·

1 1899 3 1928 3
81 1855 157 1916 tibus
171 1855 352 1916 constabunt
366 1864 561 1934 poteruntque
574 1871 590 1914 a
604 1854 772 1917 volentibus
786 1856 874 1933 iungi.

496 2183 731 2194 --.--.

374 2461 409 2544 G.
438 2459 590 2544 tulit
616 2460 853 2546 sucuro}

199 2631 592 2730 irtuurtlt
633 2631 1020 2728 alticulis

466 2811 769 2881 crcaaxx

541 2995 690 3008 ι--ι-ι-ση

1 3177 2 3182 1
147 3129 306 3209 (Secti)
329 3125 490 3187 iiaxumum
507 3126 573 3187 hinc
588 3143 663 3206 opus
678 3135 797 3187 naturae
814 3127 961 3188 ordiamur
973 3134 1002 3185 et
1014 3123 1097 3184 cibos
1122 3135 1137 3187 1

1 3241 2 3273 1
85 3231 154 3275 suos
172 3215 283 3277 homini
302 3210 482 3273 narrabimus
504 3211 649 3291 faterique
668 3227 808 3288 cogemus
827 3212 927 3289 ignota
950 3227 1018 3270 csse
1041 3225 1095 3286 per

1 3352 2 3379 3
50 3313 160 3378 acquae
176 3301 266 3360 vivat.
300 3312 386 3357 nemo
401 3295 430 3356 id
446 3313 567 3376 parvom
589 3313 625 3356 ac
645 3295 789 3356 modicum
813 3294 1023 3358 existimaverit
1043 3308 1094 3353 ac·

1 3413 2 3430 u
84 3386 188 3444 minum
204 3384 319 3445 vilitate
335 3382 486 3460 deceptus.
515 3398 574 3460 pax
595 3398 694 3441 secum
717 3381 745 3439 iu
762 3380 806 3440 his
822 3389 870 3441 aut
884 3379 992 3440 bellum
1013 3383 1093 3438 natu·

84 3485 134 3528 rae
148 3469 282 3546 dicetur,
307 3467 372 3527 odia
394 3467 576 3546 amicitiaque
596 3483 693 3525 rerum
717 3465 865 3526 surdarum
887 3481 922 3526 ac
937 3478 1026 3523 sensu
1045 3479 1092 3521 ca-

83 3554 206 3614 rentium
222 3563 270 3631 et,
294 3569 351 3631 quo
367 3551 460 3630 magis
481 3551 633 3626 miremur,
656 3549 751 3609 omnia
773 3567 808 3610 ea
830 3548 975 3610 hominum
995 3563 1092 3622 causa,
