2406 3914
134 230 195 290 att
479 238 508 285 c.
527 237 625 284 annu
642 234 791 284 sacuam

132 404 194 469 tur,
222 393 357 453 siluestre
373 390 527 451 dumtaxat.
559 391 747 467 cyclaminum
762 389 808 448 bis
826 405 917 462 anno,
951 404 1026 446 vere
1044 394 1075 444 et
1091 403 1145 445 au·

133 489 240 539 tumne.
269 483 396 536 aestates
410 475 578 553 hiemesque
604 475 686 551 iugit.
714 475 851 534 Seriores
867 489 956 550 supra
974 470 1063 530 dictis
1089 469 1146 528 ali·

133 570 240 641 quanto
260 560 407 620 narcissus
423 557 555 617 etlilium
571 567 650 618 trans
669 559 776 633 maria,
801 559 831 616 in
844 555 928 616 ltalia
949 554 1087 633 quidem,
1117 561 1147 612 nt

99 645 270 718 ediximus,
294 651 360 722 post
376 659 481 702 rusam.
515 659 580 701 narn
596 643 624 700 in
640 641 761 702 Graecia
777 640 886 702 tardius
901 641 1060 699 etiamnum
1074 654 1146 696 ane·

133 745 227 787 mone.
266 735 312 787 cst
331 734 426 786 autern
453 725 527 785 haec
551 726 726 786 silvestrium
751 724 905 784 bulborum
935 722 992 783 llos
1021 721 1168 800 aliaques

90 821 221 890 osquam
238 828 313 889 qnae
334 810 447 870 dicetur
471 811 499 869 in
526 809 655 869 medicis.
690 809 828 887 Sequitur
848 806 993 868 oenanthe
1018 823 1055 864 ac
1082 822 1147 863 me·

92 893 272 955 ¹⁶⁴lanthium
294 903 324 953 et
341 911 379 952 ex
393 892 576 954 silvestribus
591 891 792 968 helichrysos‚
820 891 926 952 deinde
948 890 1075 949 alterum
1090 906 1147 965 ge·

134 998 187 1038 nus
213 994 370 1038 anemonas
393 994 468 1055 qnae
493 977 609 1036 limonia
633 985 771 1051 uocatur,
799 984 867 1054 post
892 975 968 1035 hanc
994 973 1148 1050 gladiolus

134 1062 284 1122 comitatus
299 1060 472 1136 hyacintho,
492 1060 648 1119 novissima
673 1077 756 1135 rosa,
783 1059 946 1137 eademqne
961 1059 1056 1136 prima
1072 1055 1148 1116 deli·

135 1147 173 1206 cit
193 1154 318 1222 excepta
343 1146 448 1220 satira,
476 1161 493 1202 e
518 1145 625 1203 ceteris
650 1143 821 1218 hyacinthus
844 1159 977 1204 maxume
1003 1141 1089 1201 durat
1115 1148 1182 1199 etro

133 1229 211 1288 viola
224 1227 290 1288 alba
308 1237 337 1286 et
353 1226 511 1302 oenanthe,
539 1227 591 1286 sed
607 1227 681 1287 haec
695 1228 751 1302 ita,
778 1228 803 1285 si
819 1226 932 1286 divolsa
949 1224 1059 1286 crebro
1075 1240 1149 1302 pro·

135 1310 267 1372 hibentur
284 1312 313 1370 in
332 1313 458 1386 semine,
487 1311 650 1370 renascitur
670 1310 744 1370 locis
766 1311 883 1388 tepidis.
916 1309 992 1370 odor
1014 1309 1094 1367 idem
1119 1307 1149 1366 ei

92 1403 126 1458 66
138 1397 185 1473 qni
203 1394 428 1473 germinantibus
442 1396 520 1470 uvis,
546 1403 633 1473 atque
650 1394 717 1454 inde
732 1410 846 1453 nomen.
876 1391 1071 1468 Hyacinthum
1095 1407 1148 1450 co-

134 1479 247 1539 mitatur
261 1479 359 1539 labala
374 1478 482 1558 duplex
500 1479 605 1538 luctum
621 1477 810 1556 praeterens,
840 1477 903 1537 eius
921 1493 1009 1556 quern
1028 1473 1147 1554 Apollo

134 1562 278 1623 dilexerat
298 1571 345 1622 aut
363 1579 400 1622 ex
422 1562 521 1622 Aiacis
545 1578 650 1622 cruore
673 1561 759 1638 editi,
784 1562 824 1620 ita
841 1558 1073 1620 discurrentibus
1091 1575 1145 1617 ve·
1157 1577 1180 1617 ιι

134 1649 178 1704 nis
199 1655 230 1706 ut
256 1644 430 1707 Graecarum
456 1647 616 1706 litterarum
642 1645 733 1722 ligura
760 1644 801 1704 At
825 1644 940 1721 legatur
960 1643 1147 1722 inscriptum.

134 1728 323 1804 Helichrysus
338 1730 439 1790 dorem
455 1728 543 1790 habet
557 1745 628 1789 auro
643 1729 782 1803 similem,
809 1728 911 1788 iulium
927 1736 1031 1802 tenue,
1054 1726 1147 1786 canii·

74 1807 81 1820 '
135 1812 228 1872 culum
244 1829 360 1892 quoque
382 1813 522 1890 gracilem
545 1813 598 1872 sed
620 1813 729 1872 durum.
763 1811 821 1872 hoc
838 1828 983 1872 coronare
1001 1828 1036 1869 sc
1053 1807 1147 1886 Magi,

135 1896 159 1952 si
180 1903 210 1954 et
229 1905 373 1974 unguenta
398 1906 542 1957 sumantur
567 1915 605 1956 ex
623 1912 693 1954 auro
715 1895 794 1974 quod
814 1913 929 1973 apyron
951 1901 1078 1969 vocant,
1110 1892 1147 1952 ad

134 1980 254 2054 gratiam
278 1997 394 2058 quoque
408 1983 485 2040 vitae
511 1980 692 2058 gloriamque
715 1980 863 2058 pertinere
881 1978 1068 2039 arbitrantur.
1106 1974 1179 2037 Etm

134 2063 216 2119 verni
236 2063 350 2138 quidem
367 2063 456 2123 dores
473 2063 502 2122 hi
522 2073 596 2124 sunt.
967 2089 976 2102 ’

92 2150 126 2206 67
204 2144 288 2224 (39.)
308 2147 472 2206 Succedunt
491 2147 549 2206 illis
564 2149 684 2222 aestivi,
712 2147 826 2222 lychnis
842 2155 871 2205 et
886 2145 966 2204 lovis
985 2145 1042 2206 llos
1058 2154 1089 2204 et
1104 2144 1145 2206 al·

136 2235 228 2286 terum
244 2245 335 2305 genus
358 2230 417 2306 lili,
447 2231 516 2289 item
530 2231 639 2309 iphyon
660 2239 690 2290 et
714 2248 865 2290 amaracus
882 2247 970 2308 quem
986 2229 1150 2306 Phrygium

135 2313 345 2386 cognominant.
384 2312 437 2373 sed
453 2331 584 2374 maxume
605 2313 775 2393 spectabilis
796 2313 914 2392 pathos.
949 2313 1008 2373 duo
1031 2331 1146 2390 genera

134 2392 232 2454 huius:
261 2414 345 2454 unum
362 2398 408 2457 cui
428 2397 482 2457 ilos
502 2397 647 2472 hyacinthi
665 2406 727 2474 est,
757 2397 832 2458 alter
852 2396 992 2458 candidus
1012 2399 1063 2476 qui
1078 2397 1178 2457 ferens

134 2479 261 2538 nascitur
280 2480 411 2556 tumulis,
441 2482 575 2559 quoniam
595 2482 698 2542 lortius
713 2480 806 2541 durat.
838 2490 868 2540 et
885 2481 936 2539 iris
957 2489 1075 2541 aestate
1091 2481 1145 2540 llo·

134 2571 188 2622 ret.
221 2561 337 2622 Abeunt
360 2571 390 2622 ct
408 2564 438 2624 hi
459 2572 709 2642 marcescuntqne.
748 2564 797 2625 alii
817 2582 919 2624 rursus
941 2563 1068 2624 subeunt
1094 2583 1145 2624 au·
1170 2624 1174 2632 ,

134 2652 252 2704 tumno:·
277 2648 392 2706 tertium
407 2665 499 2724 genus
514 2647 573 2725 lili,
605 2657 633 2708 et
658 2665 776 2708 crocum
795 2658 824 2708 et
841 2649 932 2707 orsini
949 2656 1077 2728 utraque
1092 2667 1144 2726 ge·

134 2744 219 2802 nera,
247 2747 330 2790 unum
347 2729 455 2806 hebes,
481 2730 601 2790 alterum
619 2732 786 2808 odoratum,
814 2733 915 2811 primis
930 2734 1029 2792 omnia
1046 2731 1144 2792 imbri·

92 2808 189 2871 asbus
215 2813 375 2872 emicantia.
410 2811 560 2875 Coronarii
587 2815 701 2892 quidem
727 2825 757 2875 et
784 2817 886 2894 spinae
911 2814 986 2875 dure
1015 2824 1178 2892 utuntnr‚ac

134 2893 241 2969 quippe
258 2912 321 2953 cum
332 2897 433 2974 spinae
453 2897 537 2956 albae
552 2897 686 2958 cauliculi
701 2899 777 2958 inter
788 2899 1005 2960 oblectamenta
1023 2917 1143 2979 quoque

133 2974 219 3051 gulae
233 2977 410 3037 condiantur.
444 2979 497 3038 Hic
523 2988 568 3039 est
588 2985 772 3043 transmaria
794 2982 866 3042 crdo
888 2981 1004 3043 florum.
1040 2986 1070 3042 in
1086 2983 1142 3044 lta-

133 3056 171 3116 lia
191 3056 275 3117 viclis
299 3061 429 3121 succedit
451 3080 535 3137 rosa,
561 3063 626 3122 huic
643 3065 798 3127 intervenit
819 3065 925 3140 lilium,
951 3083 1052 3127 rosam
1072 3085 1141 3142 cya·

132 3159 185 3201 nus
213 3142 337 3218 excipit,
364 3160 483 3216 cyanum
509 3155 679 3206 amarantus.
717 3167 781 3210 nanu
804 3151 995 3227 vicapervica
1021 3169 1143 3230 semper

133 3226 207 3284 viret
224 3225 252 3282 in
265 3224 379 3283 modurn
394 3224 479 3285 liniae
494 3228 572 3288 foliis
588 3232 775 3306 geniculatim
792 3231 987 3309 circumdata,
1015 3236 1141 3314 topiaria
1149 3254 1174 3294 as

132 3307 241 3383 herba,
268 3307 393 3382 inopiam
419 3317 514 3369 tamen
537 3311 639 3371 florum
667 3315 820 3394 aliquando
847 3316 977 3394 supplet.
1021 3319 1100 3378 haec
1126 3337 1141 3378 a

134 3387 254 3450 Graecis
272 3389 503 3468 chamaedaphne
517 3404 649 3455 vocatur.

99 3477 117 3531 9
193 3473 277 3550 (40.)
299 3472 366 3530 Vita
381 3471 548 3550 longissima
572 3479 669 3538 violae
688 3480 773 3542 albae
788 3485 912 3544 trimatu.
950 3484 988 3544 ab
1005 3503 1043 3545 eo
1064 3495 1136 3544 tem-
