2430 3896
146 233 182 295 12
483 244 514 293 o.
530 243 626 291 entur
642 241 794 291 securior

142 402 186 460 cui
202 409 281 462 tanta
292 402 336 462 vis
353 410 398 462 est
414 408 443 460 ut
454 402 483 460 in
492 400 630 480 Aegypto
645 416 771 479 corpora
788 398 932 458 hominum
947 398 1173 459 defunctorum

144 485 264 563 perfusa
281 504 317 546 ec
335 493 499 545 serventur.

99 578 134 633 53
205 569 290 651 (22.)
321 571 456 648 Sequens
470 569 577 649 liquor,
594 570 722 631 crassior
739 569 809 645 iam,
829 569 923 647 picem
940 567 1042 629 fundit.
1078 566 1174 626 haec

141 672 242 714 rursus
260 656 289 714 in
303 657 429 715 cortinas
445 671 550 715 aereas
572 654 705 714 coniecta
719 661 804 713 aceto
818 653 962 731 spissatur
976 661 1007 713 ut
1021 649 1172 729 coagulo

141 737 269 799 Bruttiae
287 756 451 817 cognomen
473 739 605 818 accepit,
621 737 707 798 doliis
725 737 871 798 dumtaxat
885 736 1023 815 vasisque
1041 735 1197 796 ceteriss

142 824 230 899 utilis,
247 825 364 884 lentore
380 823 416 884 ab
434 823 490 884 alia
504 825 571 904 pice
592 822 743 898 differens,
767 823 836 881 item
852 820 955 881 colore
969 821 1115 882 rutilante
1137 827 1174 880 et

141 907 220 986 quod
233 909 368 988 pinguior
380 916 425 969 cst
435 909 559 987 reliqua.
590 908 640 968 illa
653 907 747 966 omnia
759 906 828 966 liunt
841 925 857 966 e
868 906 965 985 piosa,
982 908 1083 966 rosina
1095 904 1173 964 fer-

141 992 275 1053 ventibus
293 1001 396 1053 coeota
410 992 555 1071 lapidibus
572 994 600 1051 in
617 993 709 1052 alveis
724 991 813 1051 validi
825 989 941 1051 roboris
956 999 1015 1069 aut,
1030 991 1059 1050 si
1075 989 1174 1050 alvei

98 1085 134 1140 54
145 1093 203 1135 nou
218 1079 284 1152 sint,
302 1079 389 1138 struis
406 1078 556 1154 congerie,
574 1076 699 1136 velutin
720 1075 858 1136 carbonis
872 1093 935 1136 usu.
965 1073 1047 1135 llaec
1064 1075 1096 1133 in
1117 1075 1172 1133 vi·

140 1179 207 1220 num
219 1162 332 1222 additur
342 1162 453 1222 farinae
463 1161 550 1221 modo
563 1170 656 1236 tunsa,
672 1161 784 1238 nigrior
796 1159 909 1220 colore.
937 1160 1040 1219 eadem
1053 1160 1173 1219 resina
1182 1175 1207 1216 ιιι

141 1247 165 1304 si
182 1263 245 1305 cum
262 1265 337 1326 aqua
360 1247 455 1308 levius
477 1245 659 1325 decoquatur
674 1245 864 1324 coleturque,
887 1243 953 1304 ruio
969 1243 1075 1304 colore
1092 1243 1172 1303 len-

141 1331 229 1390 tescit
241 1347 276 1390 ac
286 1330 432 1391 stillaticia
444 1339 575 1390 vocatur.
600 1339 781 1408 seponuntur
796 1338 891 1390 autern
904 1327 940 1389 ad
954 1329 983 1388 id
998 1329 1065 1390 fere
1083 1329 1172 1389 vitia

140 1415 256 1474 resinae
273 1424 445 1494 cortexque.
477 1415 533 1474 alio
547 1415 706 1492 temperies
718 1413 754 1474 ad
768 1413 924 1493 crapulam.
953 1431 1081 1492 namque
1099 1413 1171 1476 llos

141 1497 247 1558 crudus
259 1501 375 1560 resinae
394 1517 459 1560 cum
472 1498 560 1559 multa
576 1499 673 1559 assula
689 1500 769 1559 tenui
784 1499 926 1577 brevique
943 1498 1064 1558 avolsus
1081 1515 1169 1558 oon·

142 1582 254 1644 ciditur.
272 1584 307 1644 ad
320 1585 445 1644 cribrum
457 1585 563 1643 minuta
579 1583 646 1644 dein
661 1583 786 1644 ferventi
804 1599 888 1662 aqua,
903 1581 999 1644 donec
1014 1593 1169 1662 cogatur,
1180 1601 1214 1643 tu

96 1677 129 1728 55
141 1667 333 1746 perfunditur.
360 1668 450 1729 lluius
466 1685 638 1748 expressum
654 1669 762 1748 pingue
778 1668 935 1746 praecipua
950 1669 1047 1728 resina
1063 1667 1099 1728 lit
1117 1677 1168 1728 at·

140 1770 196 1830 quo
212 1770 278 1813 rara
301 1771 357 1813 neo
379 1755 433 1812 nisi
456 1752 557 1832 paucis
576 1753 605 1811 in
625 1753 700 1812 locis
722 1752 892 1832 subalpinae
915 1751 1016 1812 ltaliae
1040 1769 1167 1813 conve·

138 1837 220 1896 niens
232 1838 364 1897 medicis.
388 1838 504 1897 resinae
517 1835 602 1897 albae
616 1839 750 1916 congium
761 1839 789 1897 in
801 1836 913 1897 duobus
926 1853 1019 1915 aquae
1029 1837 1167 1916 pluviae
1212 1867 1213 1870 ¹

138 1930 252 1981 cocunt.
272 1921 334 1980 alii
350 1921 447 1981 utilius
464 1929 565 2000 putant
586 1923 649 1981 siue
665 1939 739 2000 aquo
755 1939 885 2000 coquere
902 1921 981 1981 leuto
1000 1923 1071 1999 igue
1087 1931 1165 1983 tcto
1213 1969 1214 1978 ι

138 2005 203 2082 die,
227 2006 328 2083 utique
351 2023 422 2065 vase
437 2007 513 2066 aeris
536 2004 612 2082 albi,
631 2007 698 2066 item
716 2005 939 2067 terebinthinam
954 2008 983 2065 in
999 2009 1214 2084 sartaginem,

138 2090 237 2149 cinere
266 2089 407 2166 ferventi,
441 2088 516 2150 hano
545 2092 653 2150 ceteris
680 2090 896 2169 praeferentes.
939 2106 1083 2169 proxuma
1120 2111 1165 2152 ex
1212 2135 1213 2142 ι

137 2173 272 2234 lentisco.
636 2206 639 2216 =

94 2267 128 2322 56
204 2259 252 2319 12.
271 2259 355 2340 (23.)
387 2257 453 2319 Νοιι
473 2260 659 2321 omittendum
682 2261 758 2339 apud
779 2260 899 2322 eosdem
927 2262 1076 2339 zopissam
1100 2279 1162 2322 vc-

138 2345 198 2403 cari
214 2343 348 2405 derasam
363 2344 486 2405 navibus
502 2346 650 2405 maritimis
662 2347 758 2423 picem
771 2362 834 2405 cum
849 2361 931 2422 cera,
942 2344 1012 2405 nihil
1022 2361 1083 2405 non
1101 2365 1161 2407 ex·
1212 2381 1213 2384 =

136 2427 270 2506 periente
300 2429 374 2506 vita,
403 2429 493 2489 multo
525 2430 723 2490 efficaciorem
753 2431 788 2490 ad
809 2432 904 2489 omnia
933 2429 1037 2509 quibus
1063 2431 1213 2509 picesco,

92 2518 126 2576 57
139 2513 314 2592 resinaeque
335 2523 473 2593 prosunt,
499 2514 639 2574 videlicet
660 2513 776 2574 adiecto
795 2513 865 2574 salis
888 2513 975 2575 callo.
1006 2515 1162 2594 Aperitur

135 2597 221 2676 picea
238 2617 255 2657 e
271 2608 354 2676 parte
371 2598 478 2672 solari,
503 2614 561 2657 non
584 2597 672 2676 plaga
696 2599 748 2659 sed
769 2599 892 2659 voluere
910 2597 997 2659 ablati
1014 2601 1159 2677 corticis,

136 2699 201 2741 oum
213 2682 374 2760 plurumum
386 2681 516 2759 bipedali
527 2682 616 2759 hiatu,
632 2691 663 2742 ut
679 2701 696 2743 a
712 2692 791 2744 terra
803 2682 901 2743 cubito
915 2700 980 2742 oum
991 2684 1160 2745 minumum

136 2765 220 2826 absit.
253 2784 310 2826 neo
321 2767 441 2845 corpori
454 2766 510 2843 ipsi
525 2768 654 2845 parcitur
666 2775 698 2827 ot
714 2769 743 2827 iu
758 2768 877 2843 ceteris,
897 2767 1032 2846 quoniam
1048 2770 1158 2831 ossula

133 2849 272 2909 infructu
290 2859 345 2910 est.
376 2867 478 2910 rerum
498 2848 573 2912 hoco
587 2868 729 2929 proxuma
744 2851 885 2927 laudatur,
906 2851 993 2913 altior
1009 2855 1156 2914 amaritu-
1167 2871 1197 2914 ao

134 2934 229 2993 dinem
254 2933 359 2994 adicrt.
390 2943 496 3014 postea
518 2953 600 2996 umor
628 2938 720 2995 omnis
747 2955 764 2996 e
786 2945 848 2997 tcta
869 2934 988 2996 coniluit
1003 2937 1032 2996 in
1048 2937 1155 3015 ulcus,

92 3018 202 3083 saitem
214 3019 243 3077 iu
258 3018 353 3079 taeda.
381 3037 445 3079 oum
461 3019 491 3080 id
502 3037 620 3080 manare
632 3022 735 3098 desiit,
750 3021 834 3081 simili
845 3021 932 3082 modo
944 3039 982 3080 ox
992 3020 1049 3082 alia
1061 3031 1155 3100 parte

133 3104 262 3181 aperitur
281 3120 317 3163 ao
333 3102 438 3164 deinde
453 3103 519 3164 alia.
550 3115 655 3184 postea
677 3113 738 3165 tota
753 3105 841 3166 arbor
856 3105 1014 3166 succiditur
1033 3117 1065 3166 et
1085 3123 1154 3167 me-

133 3187 211 3248 dulla
233 3188 295 3247 eius
313 3188 414 3248 uritur.
450 3190 493 3248 sic
515 3198 544 3249 et
565 3191 593 3249 iu
611 3190 695 3265 Syria
711 3189 877 3250 terebintho
901 3190 1058 3250 detrahunt
1078 3207 1153 3252 cor·

133 3272 218 3348 tices,
238 3271 278 3331 ibi
294 3271 410 3350 quidem
424 3281 453 3332 et
468 3291 485 3333 e
503 3274 589 3333 ramis
607 3291 642 3334 ac
658 3274 815 3351 radicibus,
832 3291 895 3335 cum
910 3277 1007 3335 resine
1023 3276 1153 3337 damue-
1165 3292 1195 3336 as

133 3365 179 3415 tur
202 3375 240 3416 ex
258 3355 304 3416 his
321 3356 462 3435 partibus.
490 3357 522 3417 ln
538 3356 710 3419 Macedonia
728 3359 850 3420 laricem
866 3359 1024 3420 masculam
1046 3371 1151 3438 urunt,

90 3448 125 3502 59
137 3440 262 3500 feminae
280 3440 396 3501 radices
412 3448 529 3501 tantum.
560 3441 767 3522 Theopompus
786 3444 904 3522 scripsit
923 3444 953 3502 in
967 3442 1150 3523 Apollonia·

133 3533 225 3584 tarum
241 3541 312 3602 agro
328 3526 424 3604 picem
440 3525 571 3586 fossilem
586 3544 643 3587 nou
660 3528 836 3589 deteriorem
854 3526 1046 3590 Macedonica
1060 3531 1149 3591 inve-
