2458 3906
186 226 246 288 156
542 232 850 284 ammoneantur

183 395 261 454 uitae
277 401 370 472 parte,
387 391 502 470 quodve
514 390 682 451 miraculum
692 390 792 466 maius,
806 385 925 448 herbam
937 405 1004 448 esse
1017 404 1091 466 qnae
1101 385 1188 448 admo·

183 487 251 538 reat
268 477 435 557 Aegyptum
449 475 551 536 ltaliae
572 475 601 534 in
621 482 728 534 tautum
749 482 779 532 ut
794 471 926 534 Galerius
948 491 964 532 a
985 472 1063 532 ireto
1081 470 1189 532 Siciliae

185 561 390 623 Alexandriam
413 568 545 640 septumo
567 558 615 619 die
633 559 815 637 pervenerit,
834 556 973 617 Balbillus
994 566 1094 634 sexto,
1112 554 1189 616 ambo

183 643 334 727 praefecti,
349 653 459 706 aestate
474 660 547 704 vero
567 660 707 722 proxuma
721 642 857 702 Valerius
873 642 1018 703 blasianus
1033 660 1071 701 ex
1082 649 1187 720 praeto·

152 730 234 794 ariis
249 729 433 790 senatoribus
455 726 616 789 aPuteolis
637 744 714 787 nono
735 725 782 787 die
803 726 950 787 lenissimo
968 723 1057 786 datu?
1081 724 1207 786 herbamt

184 831 252 874 esse
275 831 349 893 quae
371 813 458 875 Gadis
481 812 517 874 ad
541 811 676 874 Herculis
698 811 846 872 columnas
868 820 1001 890 septumo
1026 809 1072 870 die
1091 808 1191 870 Ostiam

185 897 297 959 adierat
310 907 340 958 et
354 899 520 959 citeriorem
535 897 702 977 Hispaniam
712 904 824 975 quarto,
841 897 1020 976 provinciam
1030 893 1191 956 Narbonen-

185 998 246 1044 sem
262 984 359 1058 tertio,
377 981 506 1043 iliricum
522 981 626 1058 altero,
642 980 818 1060 quodetiam
833 980 1002 1042 mollissimo
1021 980 1089 1040 llatu
1108 977 1190 1039 conti-

183 1069 227 1146 git
242 1065 275 1128 0.
290 1066 392 1128 Flavio
408 1066 506 1144 legato
524 1065 593 1127 Vibi
612 1065 709 1145 Crispi
727 1062 932 1146 proconsulis?
947 1065 1041 1126 audax
1052 1065 1117 1141 vita,
1132 1080 1191 1124 sce·

183 1152 275 1212 lerum
296 1151 398 1230 plena,
418 1150 526 1230 aliquid
548 1151 608 1210 seri
629 1160 659 1211 ut
675 1159 781 1210 ventos
801 1149 986 1230 procellasve
1011 1149 1146 1228 recipiat,
1164 1154 1213 1214 eta

152 1247 168 1298 5
184 1253 285 1315 parum
298 1253 366 1296 esse
381 1236 516 1297 ductibus
532 1235 603 1295 solis
619 1232 700 1310 vehi,
715 1235 770 1294 iam
789 1252 859 1294 vero
878 1252 934 1294 nec
953 1233 1021 1294 vela
1040 1235 1110 1294 satis
1128 1249 1192 1293 esse

183 1321 292 1380 maiora
307 1321 440 1398 navigiis,
457 1319 519 1396 sed,
536 1320 665 1398 quamvis
680 1319 736 1380 oie
748 1318 922 1398 amplitudini
933 1327 1126 1379 antemnarum
1138 1318 1191 1376 sin·

183 1403 272 1482 gulae
287 1403 411 1464 arbores
426 1403 586 1479 sufficiant,
608 1421 698 1482 super
715 1421 765 1463 eas
787 1412 883 1464 tamen
904 1401 968 1464 addi
989 1402 1120 1462 velorum
1139 1401 1191 1461 alia

183 1487 250 1548 vela
268 1498 443 1567 praeterque
457 1490 485 1548 in
506 1490 603 1567 proris
625 1496 656 1548 et
680 1487 736 1548 alia
761 1489 790 1548 in
811 1487 956 1568 puppibus
977 1485 1079 1567 pandi,
1100 1504 1133 1547 ac
1152 1492 1193 1544 tot

183 1571 277 1631 modis
295 1574 451 1653 provocari
472 1581 604 1632 mortem.
640 1571 765 1650 deniqne
790 1581 847 1632 tam
867 1589 960 1652 parvo
985 1572 1095 1632 semine
1115 1569 1213 1642 nascit

184 1655 263 1736 qnod
283 1656 384 1717 orbem
402 1666 543 1718 terrarum
565 1657 640 1717 ultro
666 1656 739 1716 citro
761 1665 875 1736 portet,
892 1665 948 1716 tam
968 1655 1073 1734 gracili
1093 1673 1193 1728 avena,

182 1749 239 1801 tam
255 1758 313 1801 non
328 1742 386 1802 alte
403 1761 419 1802 a
434 1741 542 1801 tellure
557 1741 636 1817 tolli,
660 1758 759 1818 neque
771 1740 799 1800 id
818 1740 927 1800 viribus
950 1743 1009 1800 suis
1030 1742 1123 1816 necti,
1145 1737 1194 1798 sed

182 1824 304 1886 fractum
322 1835 491 1905 tunsumque
507 1834 537 1885 et
552 1827 580 1885 iu
594 1825 743 1885 mollitiem
763 1825 846 1886 lanae
867 1834 1008 1886 coactum.
1041 1825 1142 1885 iniuria
1162 1841 1194 1882 ao

153 1917 170 1972 6
185 1927 293 1970 summa
308 1909 426 1971 audacia
442 1918 487 1969 est
499 1909 533 1946 *⁴³
548 1910 712 1990 pervenire.
746 1909 822 1970 nulla
834 1911 999 1970 exsecratio
1011 1909 1119 1970 suflicit
1130 1925 1193 1968 con·

142 2010 201 2054 ocos
211 2003 255 2054 tra
265 1994 445 2054 inventorem
463 1993 569 2055 dictum
584 2012 637 2055 suo
650 1994 718 2054 loco
730 2013 746 2054 a
760 1993 856 2072 nobis,
870 1996 915 2056 cui
925 1995 996 2056 satis
1008 2011 1066 2053 non
1077 1993 1131 2053 luit
1146 1993 1213 2066 hoa

182 2079 286 2137 minem
307 2079 336 2136 iu
364 2085 441 2139 terra
457 2079 549 2155 mori,
570 2079 623 2138 nisi
646 2079 755 2157 periret
773 2087 803 2138 et
821 2079 992 2158 insepultus.
1021 2087 1051 2138 at
1067 2096 1122 2139 nos
1140 2079 1193 2156 pri·
1211 2079 1213 2082 ’

142 2159 217 2246 ''idb
230 2179 282 2222 ore
292 2160 368 2223 libro
390 2161 488 2223 imbris
504 2172 533 2223 et
547 2163 631 2223 llatus
649 2162 796 2223 cavendos
813 2164 926 2242 lingum
944 2181 1032 2224 causa
1047 2163 1193 2240 victusque

183 2246 452 2324 praemonebamus‚
469 2266 542 2308 ecce
559 2250 664 2308 seritur
677 2247 799 2308 hominis
814 2265 911 2325 manu,
935 2249 1052 2308 metitur
1070 2245 1195 2307 eiusdem

182 2326 304 2389 hominis
325 2332 443 2408 ingenio
468 2331 546 2410 quod
564 2341 670 2392 ventos
691 2333 719 2391 in
743 2333 814 2392 mari
841 2341 932 2411 optet.
967 2340 1141 2411 praeterea,
1169 2337 1196 2388 nt

182 2415 305 2472 sciamus
323 2413 432 2476 lavisse
448 2433 579 2495 poenas,
602 2415 671 2475 nihil
693 2417 821 2494 gignitur
839 2416 969 2493 facilius,
991 2425 1022 2477 ut
1044 2417 1213 2494 sentiamnsq

182 2497 300 2640 noleqte
319 2497 348 2558 id
370 2500 563 2577 boulanium,
582 2502 752 2578 uritagrum
775 2500 1010 2580 deterioremque
1032 2504 1122 2562 etiam
1144 2509 1197 2559 ter-

180 2598 243 2640 ram
271 2582 338 2641 acit.

150 2671 166 2726 7
246 2663 318 2743 Gap.
332 2668 360 2727 1.
379 2667 442 2748 (2.)
466 2668 507 2747 [11
535 2667 646 2729 Seritur
663 2668 808 2729 sabulosis
824 2687 956 2730 maxume
971 2687 1090 2748 unoque
1106 2669 1197 2744 sulco,

182 2766 238 2807 nec
253 2751 347 2826 magis
360 2751 477 2812 iestinat
493 2751 580 2813 aliud.
614 2771 685 2813 uere
699 2761 790 2813 satum
801 2762 912 2814 aestate
926 2753 1060 2831 vellitur,
1078 2762 1109 2813 et
1126 2753 1198 2813 hanc

182 2849 298 2910 quoque
315 2843 411 2896 terrae
427 2837 559 2897 iniuriam
576 2835 655 2897 iacit.
689 2839 823 2914 ignoscat
835 2847 930 2898 tamen
940 2837 1046 2916 aliquis
1056 2838 1213 2924 Aegyptoq

182 2918 289 2976 serenti
306 2926 336 2978 nt
353 2919 481 2981 Arabiae
501 2920 658 3000 lndineqne
679 2923 785 2981 mercis
809 2924 946 3002 inportet.
983 2923 1062 2982 itane
1083 2931 1115 2982 et
1136 2919 1213 2984 Gal-²

181 2999 238 3060 liae
253 3013 407 3064 censentur
421 3004 478 3065 hoc
493 3003 607 3066 reditu?
622 3007 784 3086 montisque
801 3008 871 3066 mari
889 3007 1045 3085 oppositos
1058 3025 1129 3067 esse
1143 3021 1200 3064 nou

181 3092 226 3144 est
243 3087 312 3146 satis
329 3097 359 3148 et
372 3106 390 3149 a
405 3090 497 3150 latere
513 3091 616 3150 oceani
631 3090 749 3151 obstare
766 3091 861 3169 ipsum
876 3091 955 3168 quod
969 3101 1080 3152 vocant
1095 3085 1201 3152 inane‘l

149 3166 315 3247 80adurci‚
332 3171 577 3251 calett‚1luteni‚
597 3173 745 3252 Bituriges
764 3175 913 3254 ultimique
934 3175 1080 3236 hominum
1103 3173 1202 3236 existi-

179 3253 246 3313 mati
265 3254 386 3334 lllorini,
408 3259 493 3318 immo
511 3276 582 3319 vero
598 3258 709 3320 Galliae
732 3261 886 3320 universae
908 3259 976 3320 vela
999 3268 1119 3338 texunt,
1147 3261 1213 3340 iani

181 3337 295 3414 quidem
309 3350 339 3399 et
349 3343 548 3402 transrhenani
563 3342 675 3420 hostes,
688 3361 743 3404 nec
761 3344 957 3424 pulchriorem
979 3344 1065 3406 aliam
1088 3349 1213 3404 vestem¹

180 3437 280 3481 eorum
300 3423 424 3484 feminae
444 3443 565 3486 novere.
594 3445 650 3506 qua
670 3427 865 3490 admonitione
892 3430 1038 3489 succurrit
1058 3427 1141 3508 quod
1161 3423 1203 3486 ll.

179 3503 274 3564 Varro
290 3507 391 3586 tradit,
406 3510 434 3567 in
451 3510 640 3571 Serranorum
657 3511 764 3573 familia
785 3513 963 3589 gentilicium
984 3531 1053 3574 esse
1076 3514 1206 3574 feminas
