2396 3900
269 221 349 269 usu.
365 221 456 270 uren.
473 222 558 268 xvn.
577 218 663 272 5-8,
685 210 805 287 (3-4.)
1010 207 1050 270 53

71 391 128 454 agro
142 382 266 451 umntur,
289 375 342 435 sed
362 384 468 436 tentum
492 377 520 435 iu
543 376 638 436 umida
660 375 822 455 frigidaque
844 379 947 437 terra‘
969 375 1050 437 lllam
1059 386 1093 441 43

71 459 159 522 Gallias
173 457 393 537 Britanniasque
413 459 639 539 locupletantem
660 478 725 520 cum
747 478 815 521 cura
831 459 887 520 dici
904 463 1048 521 convenit.
1098 479 1099 483 ’

71 545 114 605 duo
126 561 228 621 genera
245 544 369 605 fuerant.
403 545 486 624 plura
504 562 597 623 nuper
613 544 747 605 exerceri
765 553 870 624 coepta
894 545 1049 624 proficien-

71 627 128 688 tibus
144 629 274 706 ingeniis.
312 638 358 688 est
374 630 448 690 enim
472 628 557 706 alba,
578 629 659 706 ruia,
681 628 860 705 columbina,
879 629 1049 707 argillacee‚

17 781 18 786 η
55 714 176 787 tutarer,
191 713 368 774 harenacea.
398 724 497 775 natura
514 712 638 793 duplex,
656 731 763 792 aspera
778 723 826 775 aut
841 715 965 793 pinguis.
999 733 1049 774 ex-

17 789 19 818 '
70 799 205 877 perimente
228 799 380 878 utriusque
402 800 551 875 iamenu,
577 817 705 878 ususque
727 800 877 876 geminus,
900 809 930 858 ut
949 799 1051 878 fruges

69 891 154 942 nutum
174 883 252 943 alant
276 892 325 944 aut
345 884 466 944 eaedem
488 893 518 944 et
540 883 687 963 pabulum.
724 881 838 960 liruges
861 885 911 944 alit
933 883 1107 947 tofaceatl'

69 966 118 1027 alba
131 985 218 1045 quae,
240 970 267 1027 si
284 969 322 1028 sit
337 969 413 1028 inter
426 968 514 1030 lontis
530 978 659 1047 reperta,
677 976 722 1027 est
736 967 771 1027 ad
785 968 922 1028 inlinitum
934 968 1049 1044 fertilis,

69 1069 147 1111 rerum
167 1069 276 1131 aspera
300 1061 438 1131 tractatu,
463 1055 488 1114 si
513 1055 599 1114 nimia
619 1055 725 1114 iniecta
749 1051 809 1130 εει,
832 1053 927 1112 exurit
947 1053 1049 1112 solum.

47 1149 185 1213 uproxumu
206 1145 254 1196 est
275 1137 356 1213 ruia,
384 1156 457 1218 quae
483 1147 605 1200 vocatur
631 1155 858 1216 aeaunumnrge,
885 1138 1049 1197 intermixto

68 1219 144 1297 bpide
157 1229 255 1282 terrae
273 1223 409 1298 minutae,
425 1222 599 1284 harenosae.
636 1222 711 1302 lepis
735 1222 918 1282 contunditur
939 1221 1049 1300 inipso

69 1321 165 1381 caupo,
186 1306 348 1384 primisque
369 1307 449 1368 annis
473 1306 579 1386 stipula
597 1307 754 1368 dilliculter
776 1307 906 1367 caeditur
928 1315 1051 1385 propter
1146 1369 1148 1374 ,

68 1386 166 1465 lapides.
207 1390 348 1469 inpendio
374 1399 470 1452 tamen
496 1393 620 1452 minumo
647 1392 766 1452 levitate
792 1390 907 1452 dimidio
933 1391 1050 1450 minoris

68 1489 133 1550 pam
146 1483 265 1535 ceterae
281 1474 433 1535 invehitur.
463 1477 641 1555 inspergitur
657 1492 731 1536 rara.
763 1475 826 1536 sale
848 1493 911 1536 eam
934 1475 1051 1535 misceri

47 1565 154 1633 uprtart.
181 1568 337 1639 utrumque
352 1558 411 1619 boc
425 1578 519 1638 genus
534 1561 626 1620 semel
639 1561 775 1620 iniectum
790 1561 818 1620 in
834 1555 855 1619 L
869 1576 959 1620 annos
971 1559 1050 1619 valet

68 1648 89 1699 et
99 1640 201 1719 bugum
215 1652 247 1703 et
263 1642 362 1722 pabuli
377 1643 521 1704 ubertate.

114 1722 139 1784 8.
161 1725 243 1800 Quae
260 1729 385 1806 pingues
400 1746 467 1787 esse
483 1729 659 1804 sentiuntur,
681 1747 718 1788 ex
732 1728 777 1789 bis
793 1729 951 1807 praecipua
968 1727 1044 1788 alba.
1057 1735 1092 1790 45

67 1808 130 1886 plura
143 1811 202 1870 eius
218 1830 348 1889 genera:
371 1810 617 1874 mordacissimum
634 1811 712 1890 quod
734 1830 822 1891 supra
846 1812 976 1872 diximus.
1006 1810 1046 1872 al·
1058 1828 1082 1865 ιε

67 1902 139 1954 terum
153 1913 246 1972 genus
264 1895 349 1958 albae
369 1906 447 1957 creta
463 1897 626 1974 argentaria
648 1905 702 1966 est.
738 1898 845 1976 petitur
866 1915 904 1956 ex
927 1897 1003 1973 alto,
1021 1896 1050 1955 in

46 1987 185 2039 nmnteuos
202 1981 298 2060 pedes
316 1983 389 2041 actis
405 1980 576 2060 plerumque
589 1982 696 2059 puteis.
726 1998 778 2041 ore
793 1990 962 2058 angustatur
974 1981 1049 2040 intus

68 2062 123 2122 utin
140 2064 265 2125 metallis
281 2068 424 2144 spatiante
440 2083 524 2126 vena.
556 2064 612 2125 hac
634 2083 766 2126 maxume
786 2065 931 2126 Britannia
953 2067 1047 2125 utitur.
1110 2130 1119 2146 ⁶

69 2145 132 2207 durat
149 2151 228 2210 annis
252 2163 359 2212 Lxxx.
397 2169 492 2228 neque
514 2158 559 2210 est
580 2148 744 2228 exemplum
766 2149 853 2209 ullius
879 2151 927 2228 qui
950 2149 994 2208 bis
1022 2149 1050 2207 iu

68 2231 110 2291 rita
128 2232 198 2294 benc
222 2234 321 2294 eidem
347 2235 489 2296 iniecerit.
532 2235 646 2294 tertium
671 2252 765 2312 genus
791 2233 931 2293 candidae
953 2233 1092 2311 glise-46

68 2331 172 2392 mergam
186 2329 306 2379 vocant.
335 2328 380 2379 est
394 2328 489 2379 autem
506 2327 586 2378 creta
599 2318 720 2378 fullonia
741 2320 829 2378 mixta
845 2319 944 2397 pingui
959 2327 1048 2394 terra,

47 2398 146 2476 tpubuli
158 2421 242 2481 quem
255 2404 369 2482 tragum
381 2403 516 2479 iertilior,
528 2405 568 2462 ita
580 2412 609 2462 ut
620 2421 716 2462 messe
729 2401 842 2462 sublata
857 2410 923 2461 ante
936 2419 1049 2461 semen·

69 2489 111 2541 teu
125 2485 241 2547 alterum
260 2487 447 2549 laetissimum
464 2495 590 2547 secetur.
625 2486 690 2546 dum
708 2488 736 2546 iri
754 2487 838 2563 iruge
856 2494 917 2564 est,
940 2485 1049 2544 nullum

70 2564 127 2628 eliud
139 2589 258 2647 gramen
274 2573 384 2633 emittit.
412 2572 495 2632 durat
509 2585 583 2631 xxx
597 2572 687 2631 annis.
713 2572 831 2631 densior
847 2571 923 2629 iusto
939 2569 1049 2647 Signini

70 2653 137 2713 nodo
158 2657 319 2735 strangulat
346 2656 449 2719 solum.
493 2653 692 2716 Columbinum
719 2654 828 2715 Galliae
855 2671 908 2714 suo
934 2654 1049 2714 nomine

71 2736 253 2818 eglecopalam
280 2741 438 2819 appellant.
487 2739 601 2818 glaebis
629 2741 771 2799 excitatur
798 2738 924 2817 lepidum
949 2739 1048 2814 modo,

49 2820 119 2880 esole
139 2833 165 2884 ει
185 2825 336 2902 gelatione
358 2826 396 2886 ita
414 2824 536 2885 solvitur
556 2832 586 2883 ut
602 2824 784 2884 tenuissimas
804 2822 933 2884 bratteas
951 2824 1048 2884 iaciat.

70 2900 126 2965 laec
140 2927 174 2969 ex
190 2927 288 2988 aequo
306 2909 419 2970 fertilis.
450 2907 621 2969 llareuecea
635 2916 761 2983 utuntur,
777 2907 801 2967 si
816 2908 872 2967 alia
887 2926 944 2967 non
959 2909 1006 2984 sit,
1022 2909 1090 2971 inti

70 2987 198 3066 eligiumb
214 3012 289 3054 vero
307 3002 337 3053 et
359 2995 384 3053 si
400 2994 455 3054 alia
471 2994 519 3053 sit.
552 2991 645 3053 Ubios
666 2993 795 3070 gentium
815 2992 897 3052 soloe
919 2994 1050 3053 novimus

72 3075 108 3148 uui
119 3075 321 3139 fertilissimum
333 3097 431 3156 agrum
446 3077 579 3138 colentes
587 3094 768 3155 quacumque
781 3085 860 3137 terra
871 3077 944 3137 inire
955 3076 1049 3155 pedes

71 3157 110 3242 lp's
123 3160 223 3222 effossa
245 3171 275 3222 et
298 3162 395 3241 pedali
411 3162 602 3222 crassitudine
621 3162 725 3222 iniecta
747 3161 914 3222 laetilieent.
946 3159 998 3220 sed
1014 3178 1049 3220 ea

49 3255 117 3302 taron
132 3245 231 3306 diutius
247 3247 328 3308 annis
344 3260 369 3306 x
383 3247 513 3326 prodest.
549 3245 642 3306 Hedui
662 3255 692 3306 et
711 3246 847 3306 Pictones
864 3245 946 3306 calce
962 3243 1048 3303 uber·

73 3326 142 3387 riuos
156 3329 253 3392 iecere
269 3348 373 3409 agros,
396 3349 471 3410 quae
496 3349 566 3391 sane
583 3341 613 3391 et
628 3330 702 3391 oleis
719 3329 884 3408 vitibusque
900 3329 1049 3388 utilissima

74 3415 205 3488 reperitur.
236 3414 334 3476 Omnis
351 3425 446 3476 autem
461 3433 560 3493 marga
581 3425 661 3476 arato
682 3414 825 3476 inicienda
840 3421 885 3474 εει
904 3420 934 3471 ut
955 3411 1044 3472 medi·
1056 3419 1091 3476 48

75 3507 210 3560 tenentum
223 3501 368 3580 rapiatur,
394 3509 422 3560 et
442 3499 499 3560 fimi
521 3499 668 3559 desideret
688 3496 892 3578 aliquantulum
915 3514 1048 3574 quaeque
