2458 3906
145 242 206 304 212
499 253 799 302 ammoneantur

145 428 195 473 cas
221 411 327 471 volvae
354 411 463 470 curavit
488 409 555 485 illa,
586 411 744 470 iocinerum
769 409 838 468 vitia
865 408 957 468 ternis
986 406 1088 468 obolis
1114 424 1154 466 ex

143 495 237 555 mulso
256 495 346 571 datis,
369 495 437 554 item
460 497 627 572 sanguinem
651 492 873 554 exscreantibus
893 494 922 554 in
945 491 1152 553 sorbitionem.

143 578 245 639 ulcera
258 581 286 638 in
301 578 397 658 capite
412 577 559 640 infantium
574 579 646 639 mire
662 587 759 654 sanat,
781 578 901 638 arterias
917 576 1029 638 umidas
1047 576 1150 648 siccat,

102 671 153 726 149
164 663 259 723 siccas
271 663 430 740 adstringit.
454 664 571 743 pituitas
582 671 733 741 corruptas
746 670 851 742 purgat
864 663 893 722 in
908 660 1003 721 mulso
1017 669 1047 720 et
1062 677 1149 738 aqua,

144 747 212 806 voci
230 765 301 807 suco
318 747 406 824 utilis,
422 746 476 808 sub
492 748 648 808 certamine
663 746 818 823 dumtaxat,
837 747 930 824 quiet
947 745 1175 822 gargarizaturs

63 865 67 872 ·
143 849 198 891 uva
225 840 352 892 tumente
378 832 492 892 adiecta
511 841 575 893 ruta
597 840 627 891 et
648 830 801 892 coriandro
824 847 862 890 ex
883 830 970 891 lacte.
1016 827 1096 888 utilis
1122 834 1152 886 et

145 923 245 975 contra
260 916 392 976 tonsillas
415 934 479 976 cum
494 916 635 993 alumine,
656 915 773 992 linguae
791 930 916 993 asperae
932 931 997 974 curn
1014 912 1104 973 melle
1122 919 1152 972 et

146 1000 304 1061 convolsae
327 1001 370 1060 ius
391 1000 466 1060 intus
487 1018 540 1079 per
561 1018 595 1060 se
611 999 746 1079 vitiisque
767 999 920 1078 pulmonis.
958 997 1104 1075 singultus
1123 1003 1152 1055 et

144 1085 317 1144 vomitiones
333 1085 408 1145 sistit
431 1102 495 1144 cum
513 1102 586 1144 suco
600 1084 729 1162 granati,
753 1092 783 1143 ut
798 1081 983 1143 Democritus
998 1087 1151 1141 monstrat.

103 1176 154 1229 150
163 1169 291 1228 recentis
307 1186 395 1228 sucus
409 1170 518 1229 narium
539 1169 607 1230 vitia
625 1169 727 1249 spiritu
743 1166 900 1228 subductus
917 1165 1068 1240 emendat,
1086 1165 1151 1242 ipsa
1162 1179 1184 1220 ro

145 1253 211 1312 trita
232 1251 384 1328 choleras,
413 1253 441 1311 iu
463 1262 548 1314 aceto
570 1252 685 1332 quidem
712 1261 796 1332 pota,
823 1251 971 1328 sanguinis
994 1249 1151 1310 fluctiones

144 1336 234 1412 intus,
258 1335 344 1396 ileum
367 1337 451 1396 etiam
473 1337 597 1416 inposita
617 1354 681 1396 cuna
703 1336 822 1414 polenta
845 1344 875 1396 et
892 1335 917 1394 si
933 1351 1072 1396 mammae
1088 1342 1150 1393 ten·

144 1419 254 1480 dantur.
285 1421 412 1480 inlinitur
427 1430 455 1481 et
477 1420 656 1501 temporibus
673 1423 702 1480 in
724 1421 826 1499 capitis
846 1418 967 1496 dolore,
984 1418 1106 1479 sumitur
1123 1425 1154 1477 et

146 1513 247 1565 contra
263 1505 474 1585 scolopendras
496 1515 525 1566 et
542 1505 714 1584 scorpiones
736 1505 861 1564 marinos
882 1513 911 1564 et
933 1504 969 1565 ad
992 1503 1149 1582 serpentis.

145 1587 296 1667 epiphoris
320 1589 446 1650 inlinitur
469 1599 498 1651 et
520 1589 650 1651 omuibus
672 1589 815 1668 incapite
838 1586 1056 1667 eruptionibus,
1079 1587 1149 1646 item
1161 1603 1184 1644 ra

103 1681 152 1736 151
166 1673 245 1733 sedis
265 1675 351 1736 vitiis.
387 1675 583 1751 intertrigines
605 1690 740 1754 quoque,
765 1673 814 1733 vel
838 1675 862 1734 si
881 1681 1014 1734 teneatur
1029 1680 1149 1745 tantum,

145 1756 291 1836 probibet.
316 1757 431 1819 auribus
446 1758 599 1819 instillatur
614 1776 678 1818 cum
692 1757 796 1818 mulso.
820 1759 897 1818 aiunt
913 1766 941 1817 et
957 1756 1026 1817 lieni
1039 1755 1152 1816 mederi

146 1859 210 1901 eam
224 1842 253 1901 in
268 1842 353 1902 horto
369 1850 510 1919 gustatam
526 1843 563 1903 ita
575 1861 611 1902 ne
624 1842 764 1918 vellatur,
780 1843 805 1902 si
820 1843 844 1902 is
863 1843 911 1921 qui
926 1840 1060 1902 mordeat
1075 1839 1152 1900 dicat

144 1944 177 1985 se
190 1924 258 1986 lieni
274 1927 400 2002 mederi,
416 1945 470 2006 per
485 1926 546 1986 dies
563 1940 650 2002 vnn,
674 1925 771 1987 aridae
790 1944 906 2006 quoque
922 1925 1042 1986 iarinam
1058 1922 1151 1984 tribus

145 2009 241 2086 digitis
265 2010 475 2089 adprehensam
492 2020 521 2071 et
542 2010 682 2072 stomachi
703 2010 835 2072 dolorem
855 2011 961 2072 sedare
982 2011 1012 2069 in
1027 2025 1103 2088 aqua
1122 2015 1184 2066 etro

145 2093 277 2153 similiter
293 2095 433 2172 adspersa
449 2096 568 2174 potione
583 2096 692 2156 ventris
708 2095 840 2156 animalia
856 2094 1019 2173 expellere.

103 2187 153 2241 152
209 2177 292 2256 (54.)
322 2179 426 2255 lllagna
444 2180 571 2239 societas
593 2178 732 2239 cumbae
754 2179 790 2240 ad
812 2178 992 2239 recreandos
1014 2177 1151 2238 deiectos

144 2261 237 2322 animo
257 2262 363 2341 puleio
391 2280 454 2322 curn
479 2262 603 2324 surculis
632 2263 691 2321 suis
717 2263 745 2321 in
772 2262 912 2342 ampullas
938 2261 1049 2322 vitreas
1075 2261 1152 2320 aceti

144 2344 272 2424 utrisque
289 2345 421 2407 deiectis.
451 2365 505 2425 qua
523 2347 559 2407 de
575 2364 663 2406 causa
678 2345 793 2422 dignior
807 2365 824 2406 e
837 2346 935 2426 puleio
953 2362 1064 2406 corona
1078 2344 1152 2404 Var-

144 2429 207 2489 roni
231 2447 314 2508 quam
336 2447 438 2491 erosa
457 2430 598 2491 cubiculis
619 2431 727 2491 nostris
745 2431 928 2509 pronuntiata
949 2439 1011 2507 est,
1031 2445 1098 2490 narn
1124 2437 1186 2488 etta

146 2513 250 2593 capitis
264 2513 384 2575 dolores
399 2515 523 2595 inposita
537 2515 641 2574 dicitur
656 2513 773 2590 levare,
797 2517 865 2593 quin
881 2524 910 2576 et
928 2514 1039 2576 olfactu
1054 2512 1153 2594 capita

144 2599 218 2658 tueri
242 2607 342 2659 contra
362 2599 502 2676 frigorum
522 2607 680 2676 aestusque
695 2599 824 2660 iniuriam
844 2609 873 2660 et
894 2599 929 2660 ab
951 2600 999 2660 siti
1018 2596 1152 2672 traditur,

143 2700 238 2761 neque
256 2692 389 2744 aestuare
404 2684 519 2761 eosqui
534 2683 607 2744 duos
623 2682 750 2762 epuleio
765 2683 899 2745 surculos
913 2683 1060 2762 inpositos
1077 2683 1152 2742 auri·

144 2765 198 2826 bus
219 2767 248 2824 in
269 2767 333 2828 sole
354 2767 486 2828 habeant.
529 2766 654 2827 inlinitur
679 2767 763 2828 etiarn
787 2769 816 2829 in
835 2766 987 2828 doloribus
1010 2783 1076 2826 curn
1099 2783 1153 2845 po-

105 2860 157 2914 153
168 2850 246 2909 lenta
262 2860 290 2910 ct
304 2861 399 2912 aceto.
429 2852 534 2912 lemine
550 2851 708 2912 efficacior.
732 2861 777 2912 est
791 2861 886 2912 autern
901 2850 977 2911 haec
992 2849 1066 2910 flore
1085 2867 1152 2930 pur·
1163 2865 1186 2906 ao

144 2951 246 3012 pureo.
267 2952 327 2995 mas
340 2935 489 2996 candidum
500 2935 598 2996 habet.
618 2937 647 2995 in
658 2937 774 2997 nausias
787 2953 850 2996 curn
866 2934 929 2996 sale
946 2943 977 2995 et
988 2934 1111 3014 polenta
1126 2935 1155 2993 in

144 3017 249 3094 frigida
265 3035 338 3096 aqua
354 3028 423 3098 pota
437 3018 557 3096 inhibet,
575 3021 619 3080 sic
634 3029 663 3079 ct
680 3020 810 3097 pectoris
826 3038 860 3080 ac
876 3021 987 3080 ventris
1006 3019 1152 3080 dolorem.

144 3101 285 3162 stomachi
312 3111 407 3163 autern
430 3121 467 3162 ex
489 3121 563 3183 aqua
584 3104 651 3163 item
671 3103 805 3163 rosiones
827 3104 903 3164 sistit
924 3113 955 3164 et
976 3105 1154 3165 vomitiones

144 3203 208 3245 cum
230 3195 314 3246 aceto
338 3196 367 3248 et
388 3187 516 3267 polenta.
554 3188 752 3247 intestinorum
773 3189 841 3248 vitia
866 3188 956 3249 melle
978 3187 1106 3253 decocta
1124 3197 1153 3247 et

143 3271 218 3330 nitro
242 3279 338 3347 sanat,
367 3274 475 3332 urinam
502 3271 585 3350 pellit
608 3289 646 3331 ex
663 3273 729 3331 vino
755 3280 799 3348 et,
827 3274 852 3332 si
872 3271 1027 3334 Amineum
1046 3277 1100 3349 sit,
1125 3281 1187 3332 etas

104 3362 154 3417 154
165 3354 295 3415 calculos
320 3365 349 3415 et
374 3357 526 3415 interiores
547 3355 638 3414 omnis
663 3354 792 3416 dolores.
836 3375 874 3416 ex
895 3356 987 3417 melle
1013 3365 1044 3418 et
1066 3366 1153 3419 aceto

144 3437 228 3498 sedat
247 3447 392 3499 menstrua
414 3447 442 3498 et
463 3437 751 3515 secundas,‘volvas
766 3458 926 3502 conversas
943 3443 1083 3519 corrigit,
1104 3443 1152 3504 de·

144 3520 259 3580 iunctos
282 3531 379 3602 partus
403 3522 478 3582 eicit.
512 3541 611 3584 semen
632 3523 898 3586 obmutescentibus
920 3525 1032 3586 olfactu
1053 3525 1151 3588 admo·
