2396 3922
237 221 533 271 unn.n1su.xxvr.
551 221 593 274 10.
610 221 651 275 11.
671 209 822 288 (ol-os.)
966 213 1024 275 119

38 377 156 474 Clavem
182 375 285 455 pedum
311 376 435 437 extrahit
455 377 587 436 ladanum
605 395 668 436 cnm
690 387 842 456 castoreo,
864 378 1027 441 verbenaca

38 481 71 522 ox
88 477 186 624 Ἢ)
207 543 290 604 Nunc
307 545 431 622 peractis
453 545 534 612 malis
556 561 630 623 quae
650 545 827 605 membratim
848 530 1067 612 sentiuntur'lot

36 628 163 690 dicemus
185 628 221 688 de
244 629 289 688 his
311 646 384 706 quae
407 631 476 688 totis
497 629 669 708 corporibus
690 639 866 706 grassantur.
901 631 1027 714 remedia

18 723 123 778 canem
139 713 217 772 baec
234 713 390 772 communia
406 713 602 772 inveniuntur:
623 722 689 773 ante
704 715 796 772 omnis
812 715 963 791 potandam
976 715 1026 774 do·

37 797 216 873 decatheum,
234 796 270 856 de
286 814 341 873 qua
358 797 488 873 diximus,
505 796 608 856 deinde
625 799 743 874 panacis
758 799 880 857 omnium
897 817 985 875 gene·
996 819 1025 860 rs,
1038 784 1062 852 aa
1143 810 1158 832 r
1192 831 1194 846 .

36 900 90 940 rum
105 879 236 956 radices,
256 881 443 958 peculiariter
458 880 624 959 longinquis
639 880 747 940 morbis
764 890 792 940 et
805 899 904 940 semen
922 884 1025 942 intera·

36 981 149 1023 aeorum
165 965 262 1040 vitiis,
280 963 315 1024 ad
328 965 418 1022 omnis
433 980 505 1023 vero
521 964 641 1024 dolores
653 966 786 1042 corporis
804 982 901 1024 sucum
914 983 931 1024 e
946 982 1025 1024 scor·

3 1117 5 1122 ,
2 1048 175 1125 dio,1tem
191 1047 363 1108 vettonicae
384 1065 458 1146 quae
476 1056 545 1125 pota
563 1049 693 1108 colorem
712 1047 874 1128 plumbeum
893 1050 1026 1128 corporis

12 1145 31 1190 ιι
38 1133 164 1211 privatim
178 1131 321 1208 emendat,
336 1133 492 1209 gratiorem
507 1131 628 1191 reducit.
798 1181 801 1188 .

2 1275 5 1289 ,
92 1216 181 1295 (68.)
207 1215 350 1276 Geranion
374 1215 461 1294 aliqui
478 1215 620 1290 myrrhin,
643 1215 691 1275 alii
713 1215 1068 1294 myrtidaappellant.108

2 1299 131 1369 similis
153 1309 201 1358 est
223 1300 351 1376 cicutae,
372 1299 569 1358 minutioribus
585 1299 662 1358 loliis
679 1299 803 1358 etcaule
826 1298 958 1373 brevior,
980 1317 1025 1359 ro·

3 1447 5 1458 ,
3 1384 133 1460 tanda,
164 1384 281 1460 saporis
309 1391 338 1442 et
359 1383 458 1443 odoris
477 1381 602 1442 iucundi.
639 1383 730 1442 nostri
751 1378 793 1442 sit
819 1400 881 1442 eam
904 1382 1026 1459 tradunt,

3 1461 6 1478 ²
40 1466 136 1527 Graeci
168 1467 247 1526 loliis
274 1466 359 1545 paulo
388 1465 599 1526 candidioribus
629 1484 711 1544 quam
734 1467 863 1541 malvae,
899 1465 1028 1526 caulibus

2 1551 184 1627 utenuibus,
213 1551 330 1630 pilosis,
353 1566 496 1610 ramosam
519 1567 556 1608 ex
575 1550 734 1609 intervallis
749 1550 844 1609 binum
858 1549 1026 1628 palmorum,

3 1643 64 1702 ιι
80 1635 107 1693 in
120 1634 167 1694 his
182 1635 260 1694 foliis
277 1636 352 1694 inter
366 1653 439 1713 quae
454 1635 482 1692 in
497 1633 689 1694 cacuminibus
702 1632 825 1712 capitula
843 1635 897 1692 sint
916 1651 1025 1710 gruum

2 1706 152 1782 alterum
168 1736 261 1794 genus
276 1718 353 1778 loliis
367 1733 538 1793 anemonas,
555 1718 688 1776 divisuris
703 1716 892 1794 longioribus,
907 1717 1007 1776 radice
1019 1728 1068 1782 109

3 1801 97 1861 mali
112 1803 203 1862 modo
219 1801 358 1879 rotunda,
381 1801 473 1879 dulci,
496 1799 690 1861 reficientibus
716 1818 748 1860 sc
771 1800 807 1860 ab
830 1799 1026 1860 imbecillitate

2 1866 196 1961 utilissima,
212 1895 241 1945 et
257 1886 320 1945 iere
336 1885 402 1962 talis
416 1902 486 1944 vera
504 1893 557 1945 est.
587 1883 691 1942 bibitur
707 1893 808 1944 contra
825 1883 946 1962 phthisis
962 1884 1025 1943 dra·

3 1967 140 2028 tacbma
131 1989 161 2029 rn
178 1970 330 2045 cyathis
302 1970 360 2029 vini
378 1955 468 2028 tribus
483 1969 528 2028 bis
546 1968 621 2044 die,'
613 1977 679 2027 rtem
695 1977 793 2027 contra
808 1968 977 2043 inflationes,
997 1977 1027 2027 et

3 2053 121 2112 cruda
137 2054 217 2114 idem
235 2062 372 2132 praestat
399 2071 485 2112 sucus
497 2049 609 2112 radicis
615 2051 730 2111 auribus
747 2051 883 2127 medetur,
899 2052 1025 2130 opistho-

40 2139 108 2196 tonis
129 2156 231 2198 semen
247 2137 388 2197 drachmis
406 2145 538 2214 quattuor
554 2155 617 2194 curn
634 2137 737 2214 pipere
759 2143 788 2194 et
808 2153 900 2194 nrurra
918 2145 1025 2213 potum.

3 2283 5 2300 ,
3 2217 158 2282 Phthisis
172 2231 253 2282 sanat
269 2230 298 2280 et
318 2220 491 2300 plantaginis
508 2239 610 2295 sucus,
635 2237 660 2278 su
653 2218 802 2293 bibatur,
825 2219 930 2297 etipsa
952 2219 1002 2278 de·
1015 2230 1066 2283 110

3 2301 4 2320 ¹
44 2313 133 2382 cocta,
155 2307 187 2366 in
208 2305 274 2366 cibo
295 2303 386 2364 esale
407 2313 435 2364 et
456 2303 524 2364 oleo
546 2321 563 2362 a
583 2319 683 2363 somno
704 2303 841 2366 matutino
863 2302 1025 2378 refrigerat.

16 2388 136 2448 academ
157 2389 242 2449 datur
264 2389 299 2448 iis
326 2405 399 2466 quos
422 2385 562 2464 atrophos
588 2392 697 2446 vocant
716 2387 892 2463 interpositis
916 2385 1025 2462 diebus,

43 2469 190 2533 Vettonica
204 2490 276 2533 vero
292 2471 441 2550 phthisicis
457 2469 612 2545 ecligmate
625 2488 689 2529 oum
701 2468 797 2543 melle,
816 2467 901 2528 labne
918 2470 1026 2544 magni·
1101 2525 1104 2532 ,

44 2555 143 2636 tudine,
162 2558 310 2633 agaricum
325 2564 423 2655 potum
440 2553 535 2614 obolis
550 2552 684 2613 dnobus
676 2572 704 2612 ιιι
718 2568 824 2631 passo,
848 2551 896 2610 vel
914 2551 1026 2612 dancon

3 2647 4 2656 ²
46 2655 101 2699 cum
116 2641 265 2701 centaurio
280 2641 389 2700 maiore
406 2640 433 2697 in
459 2639 535 2698 rino.
565 2637 760 2715 phagedaenis
774 2634 905 2713 -quod
919 2650 1025 2693 nomen

46 2723 99 2784 sinc
114 2725 202 2784 modo
224 2723 406 2784 esurientium
429 2731 489 2796 est,
514 2709 583 2782 alias
598 2720 786 2779 ulcerum-
809 2718 948 2793 tithymali
968 2736 1026 2778 me·

21 2804 139 2867 utentur
156 2827 220 2869 curn
236 2808 354 2868 sesamis
367 2806 481 2904 sumpti.

102 2893 165 2971 (69.
168 2895 183 2972 >
204 2891 282 2954 luter
291 2891 364 2951 mala
376 2889 501 2949 universi
514 2886 766 2966 corporisvigiliae
779 2895 843 2947 sunt
854 2855 1010 2964 plerisque.
1020 2897 1067 2950 111

47 2969 137 3036 harum
152 2976 281 3036 remedio
297 2982 478 3038 monstratur
490 2990 632 3070 papaces,
654 2970 819 3046 clymenus,
843 2969 1028 3029 aristolochia

49 3066 74 3116 et
86 3059 174 3120 odore
192 3068 221 3119 et
235 3066 373 3138 peruncto
390 3059 495 3134 capite,
511 3057 621 3116 aizoum
636 3055 697 3114 sive
708 3053 818 3130 sedum,
834 3073 859 3112 sr
852 3053 1027 3113 involutum

7 3157 135 3218 panno
155 3145 237 3221 nigro
258 3141 417 3218 ignorantis
434 3138 551 3217 pulvino
567 3138 737 3215 subiciatur,
758 3147 787 3197 et
812 3137 948 3198 onothera
965 3138 1026 3195 sive

24 3234 148 3304 ttonear,
167 3227 339 3286 hilaritatem
353 3223 517 3283 adferens
507 3241 536 3281 m
552 3224 634 3299 vino,
657 3221 825 3298 amygdalae
840 3221 929 3295 lolio,
953 3219 1025 3280 llore

50 3324 145 3387 roseo,
170 3312 324 3383 fruticosa,
341 3307 429 3384 longa
446 3305 543 3365 radice
565 3313 610 3380 et,
638 3323 700 3366 oum
722 3308 830 3364 siccata
852 3313 910 3378 est,
932 3306 1026 3362 vinum

53 3391 151 3454 olente.
181 3393 278 3454 haec
270 3411 298 3452 ιιι
314 3401 382 3470 potu
398 3391 463 3450 data
478 3390 555 3454 feras
570 3406 684 3466 quoque
696 3391 814 3466 mitigat.
850 3349 1005 3447 cruditates
1018 3396 1068 3448 112

54 3490 119 3552 quae
134 3479 258 3539 nausiam
272 3475 379 3537 iaciunt
393 3474 496 3551 digerit
509 3473 679 3550 Vettonica,
702 3481 771 3550 pota
794 3473 894 3532 eadem
918 3490 933 3531 a
954 3488 1025 3530 cena
