2458 3906
257 253 339 298 mna.
357 251 447 300 utsu.
464 251 564 298 xum.
580 248 701 302 ἰιι-«ιι.
723 240 877 318 (ts—75.)
1009 242 1069 302 147

78 409 137 470 duos
150 407 206 467 lnos
217 423 313 467 annos
331 407 476 466 inventum
489 407 589 486 parvis
604 405 697 484 prelis
718 415 748 468 et
767 408 877 468 minore
899 408 1069 485 torculario,

78 491 196 553 aedilicio
220 490 360 550 breviore
377 491 501 552 maloin
521 489 617 550 medio
637 489 766 566 directo,
794 500 928 571 tympana
946 493 1070 572 inposita

77 576 190 637 vinaceis
209 593 340 654 superne
363 582 425 635 toto
444 574 577 654 pondere
598 592 725 651 urguere
746 584 775 636 et
792 593 882 656 super
902 576 985 656 prela
1001 595 1069 637 con-

79 670 177 721 stmare
195 659 378 738 congeriem.
408 656 473 720 lloc
486 667 517 719 et
529 675 617 738 poma
632 659 790 738 colligendi
804 670 928 739 tempus.
952 661 1114 725 obser-318

65 745 158 819 arado,
187 761 253 804 cum
275 742 394 822 aliquod
414 743 593 819 maturitate,
622 760 681 802 non
697 753 888 824 tempestate,
917 745 1068 806 deciderit.

79 830 165 890 locet
184 826 287 888 faeces
304 826 502 906 exprimendi,
518 826 577 888 lroc
594 837 624 888 et
637 827 782 888 defrutum
797 829 942 908 coquendi
964 829 1069 891 silente

79 913 133 973 luna
155 921 243 973 noctu
259 921 323 987 aut,
346 913 371 972 si
395 911 535 989 interdiu,
561 912 667 991 plena,
693 913 801 973 ceteris
817 912 920 974 diebus
942 923 989 974 aut
1004 923 1070 973 ante

79 1006 196 1057 exortum
212 997 298 1056 lunae
315 1004 364 1056 aut
379 1005 447 1074 post
460 1013 606 1056 occasum.
630 1013 686 1056 nec
702 997 739 1057 de
753 997 871 1057 novella
883 998 942 1058 vite
958 1007 1006 1058 aut
1022 1015 1069 1076 pa·

78 1081 164 1157 lmtri,
188 1098 246 1141 nec
261 1081 317 1140 ιιιιι
331 1098 349 1139 e
371 1089 480 1141 matura
494 1098 566 1156 uva,
593 1098 650 1140 nec
664 1082 719 1140 nisi
735 1081 814 1142 loliis
833 1081 1069 1161 despumaudum,

28 1169 29 1234 ι
57 1168 144 1244 laquis,
163 1166 187 1225 ιι
202 1165 283 1242 ligno
300 1165 484 1242 contingatur
498 1181 568 1240 vas,
588 1164 719 1225 adustum
735 1175 764 1225 et
779 1165 922 1226 fumosum
938 1165 1001 1226 lieri
1018 1184 1069 1244 pu·

28 1259 30 1364 q
78 1259 136 1311 tant.
162 1249 271 1311 lustum
290 1249 454 1309 vindemiae
472 1257 585 1327 tempus
607 1248 844 1328 abaequinoctio
865 1252 901 1313 ad
914 1251 1113 1328 vergilia-319

28 1369 30 1408 ι
78 1352 130 1394 run
145 1350 282 1394 occasum
298 1332 362 1393 dies
382 1347 476 1394 XLIV.
509 1332 544 1392 ab
561 1350 598 1392 eo
613 1333 660 1394 die
679 1334 828 1395 oraculum
844 1337 971 1396 occurrit
989 1335 1069 1412 trigi-

79 1418 133 1478 dum
151 1419 244 1498 picari
259 1434 314 1496 pro
340 1416 429 1478 nihilo
451 1417 624 1478 ducentium.
661 1418 714 1478 sed
739 1421 794 1479 iam
818 1429 847 1479 et
872 1419 1005 1480 kalendis
1025 1418 1069 1479 la·

80 1504 171 1563 nnariis
185 1502 304 1563 deiectu
324 1518 460 1562 vasorum
483 1501 683 1562 vindemiantis
702 1503 761 1564 vidi
779 1504 957 1583 piscinisque
977 1513 1070 1563 musta

58 1587 152 1648 ttcondi
166 1595 216 1647 ant
234 1586 301 1646 vina
325 1585 432 1646 ellundi
453 1587 570 1666 priora,
598 1594 628 1646 ut
646 1586 732 1648 dubia
749 1589 960 1667 reciperentur.
994 1587 1114 1650 lrocdttt

79 1681 193 1732 nontam
208 1689 300 1750 saepe
317 1679 461 1750 proventu
481 1671 568 1730 nimio
584 1672 683 1731 evenit
699 1689 784 1750 quam
800 1673 922 1750 segnitia
939 1679 987 1732 aut
1002 1689 1068 1732 ava·

79 1757 132 1816 titia
144 1755 335 1816 insidiantium
352 1755 463 1816 caritati
481 1755 568 1815 civili.
599 1757 652 1816 sed
674 1758 759 1835 acqui
779 1756 993 1857 patrisfamilias
1009 1773 1068 1815 mo·

80 1839 122 1899 dus
137 1851 181 1900 est
201 1857 314 1900 annona
336 1840 476 1938 cuiusque
499 1840 563 1899 anni
582 1841 631 1899 uti.
652 1840 681 1900 id
698 1858 850 1920 peraeque
873 1842 958 1901 etiam
973 1839 1069 1900 lucro·

28 1951 29 1984 ι
81 1924 216 1984 sissinium.
247 1923 373 2003 Reliqua
387 1923 424 1984 de
438 1925 512 1983 vinis
531 1923 645 1984 adfatim
663 1924 739 1985 dicta
754 1935 829 2002 sunt,
849 1927 917 1987 item
931 1926 990 1984 vin-
981 1921 1028 2008 -ιξ
1037 1923 1111 2024 papp-

28 2005 160 2078 lndenia
173 2008 253 2069 lacta
268 2008 375 2068 olivam
391 2025 458 2068 esse
474 1999 657 2086 rapiendam,
684 2018 714 2069 et
729 2027 803 2087 quae
818 2009 854 2070 ad
871 2009 967 2070 oleum
981 2010 1069 2089 perti·

28 2081 31 2140 ι
81 2092 517 2172 nentquaequeauergiliarum
534 2109 643 2153 occasu
659 2093 838 2172 agidehent.
1078 2112 1101 2146 ιι

28 2145 31 2264 Ξ
131 2179 178 2240 32
202 2178 289 2256 (75.)
308 2177 359 2236 llis
382 2195 456 2255 quae
478 2187 542 2237 sunt
562 2179 731 2238 necessaria
751 2179 911 2240 adicientur
929 2177 965 2238 de
983 2177 1048 2238 luna
1060 2185 1111 2238 321

82 2263 217 2340 ventisque
239 2271 269 2322 et
289 2263 469 2340 praesagiis,
493 2271 523 2321 ut
545 2262 582 2321 sit
602 2270 662 2322 tota
679 2262 813 2324 sideralis
834 2265 907 2324 ratio
926 2262 1068 2342 perlecta.

28 2347 30 2424 ξ
82 2361 186 2424 namque
198 2346 348 2422 Vergilius
364 2349 448 2406 etiam
462 2347 640 2406 innumeros
656 2346 741 2407 lunae
757 2348 915 2424 digerenda
928 2345 1069 2426 quaedam

28 2417 30 2484 ι
56 2432 176 2506 reputavit
188 2430 351 2491 Democriti
366 2439 483 2490 secutus
505 2431 736 2490 ostentationem.
768 2449 821 2491 nos
838 2432 935 2508 legum
949 2429 1068 2504 utilitas,

83 2515 182 2589 quaein
195 2524 260 2576 toto
277 2532 387 2594 opere,
407 2517 437 2574 ιιι
451 2515 505 2574 hac
518 2532 634 2593 quoque
649 2525 748 2576 movet
761 2524 854 2594 parte.
885 2515 979 2574 onmia
995 2530 1068 2590 quae

28 2487 31 2666 Ξ
83 2597 240 2676 caeduntur,
275 2608 450 2678 carpuntur,
484 2598 642 2659 conduntur
666 2599 848 2661 innocentius
875 2598 1067 2658 decrescente

28 2677 30 2762 ι
83 2679 136 2742 luna
149 2701 230 2762 qnam
247 2692 401 2743 crescente
418 2683 496 2742 liunt.
525 2693 638 2744 stercus
653 2685 707 2744 nist
700 2684 913 2745 decrescente
928 2682 994 2742 luna
1012 2699 1048 2740 ne
1059 2689 1111 2742 322

28 2769 30 2866 Ξ
83 2767 186 2843 tangito
208 2786 341 2828 maxume
360 2776 455 2827 autem
469 2769 690 2828 intermenstrua
705 2768 877 2845 dimidiaque
894 2775 1067 2826 stercorato.

28 2867 30 2918 i
58 2852 173 2926 saterris,
190 2855 344 2928 iuvencos,
364 2852 484 2928 arietes,
506 2850 617 2912 haedos
638 2853 830 2913 decrescente
849 2852 914 2910 luna
931 2859 1067 2912 castrato.

28 2961 29 2992 ι
84 2935 203 2998 ιιιιιιιι
224 2953 301 2996 nova
322 2937 487 3014 subponite.
519 2937 637 2998 scrobis
661 2937 726 2997 luna
750 2937 836 3016 plena
860 2946 947 2996 noctu
968 2935 1067 2996 lecito.

28 3017 29 3080 ξ
84 3017 201 3082 arborum
220 3021 338 3082 radices
360 3021 426 3081 luna
442 3021 529 3099 plena
544 3022 668 3100 operito.
701 3021 899 3083 umidisaelocis
914 3020 1068 3080 interlunio

28 3093 30 3168 f
84 3103 160 3163 serito
179 3115 208 3166 et
225 3107 304 3166 circa
325 3105 506 3165 interlunium
527 3105 688 3184 quatriduo.
718 3105 851 3166 ventilari
871 3123 986 3184 quoque
1010 3105 1067 3162 lru·

83 3197 210 3250 nentaac
226 3190 372 3268 legumina
391 3199 419 3250 et
445 3190 531 3250 condi
556 3191 633 3250 circa
659 3199 818 3251 extremam
844 3190 938 3250 lunam
958 3187 1067 3261 iubent,

28 3269 30 3322 ι
28 3274 228 3352 usemlnaria,
259 3293 323 3335 cum
344 3275 410 3336 luna
426 3293 514 3354 supra
533 3284 640 3334 terram
662 3275 698 3334 sit
705 3275 813 3352 ,lieri,
837 3275 943 3334 calcari
964 3280 1067 3345 musta,

28 3333 30 3426 Ξ
84 3370 136 3414 cum
150 3358 212 3420 luna
228 3359 281 3420 sub
296 3368 384 3440 terra,
399 3361 468 3420 item
481 3361 617 3420 materias
632 3321 714 3418 caed’t
731 3377 864 3437 quaeque
877 3358 932 3418 alia
949 3358 1008 3416 suis
1024 3355 1066 3413 lo·

28 3489 30 3510 ,
82 3438 117 3497 ιιι
131 3441 259 3506 diximus.
286 3443 390 3523 Neque
411 3453 455 3504 est
467 3444 581 3504 facilior
596 3441 763 3503 observatio
783 3462 816 3503 ac
831 3445 886 3502 ianr
904 3442 980 3502 dicta
994 3456 1045 3500 no·
1058 3447 1110 3501 323

28 3517 117 3582 ιιι
140 3529 264 3591 secundo
280 3530 441 3605 volumine,
470 3529 522 3588 sed
546 3527 622 3607 quod
644 3527 819 3605 intellegere
842 3526 1109 3672 qql*rusticia.-nns
