2458 3906
282 267 365 315 unu.
377 265 468 316 fflsr.
485 267 544 314 xx.
566 257 856 336 13-14-(51-53.)
1012 256 1071 319 211

68 422 170 501 posito.
208 419 292 482 radix
314 431 396 483 rutae
417 423 584 500 sanguinem
600 425 696 486 oculis
710 424 860 484 sublusum
877 433 906 484 et
923 434 986 485 toto
1004 443 1070 486 cor·

8 555 9 596 ,
67 523 136 586 pore
156 505 314 567 cicatrices
330 515 378 568 ant
392 507 519 568 maculas
535 508 614 570 inlita
630 508 774 571 emendat.
808 527 846 569 ex
860 509 981 590 reliquis
998 528 1073 590 quae

8 605 9 654 l
67 591 213 650 traduntur
227 592 329 652 mirum
345 601 404 669 est,
421 610 485 652 oum
499 592 663 654 ferventem
678 603 761 655 rutae
776 603 904 655 naturam
920 612 989 654 esse
1004 612 1072 655 con·

8 667 10 696 ¹
67 674 175 752 reuiat,
204 675 376 736 fasciculum
405 677 468 738 eius
494 678 522 737 in
547 695 674 739 rosaceo
695 678 849 739 decoctum
872 677 967 739 addita
989 681 1073 739 uuaia
1126 741 1131 750 ,

8 807 9 810 ,
48 759 144 820 saloes
165 762 316 837 perunctis
339 760 476 822 sudorem
496 763 676 841 reprimere,
704 763 831 842 itemque
853 764 1072 840 generationem

67 844 186 923 inpediri
198 843 257 904 hoo
270 843 348 905 cibo.
367 844 434 906 ideo
446 847 475 907 in
487 845 630 924 prolluvio
642 847 763 925 genitali
778 847 860 908 datur
872 855 902 907 et
912 864 1051 907 venerem
1064 855 1115 911 143

8 969 9 1002 2
67 928 168 990 crebro
182 947 239 1009 per
253 931 364 990 somnia
378 929 609 1009 imaginantibus.
633 931 867 1011 praecavendum
884 940 929 992 est
942 931 1072 1009 gravidis

8 1033 10 1046 ’
67 1013 226 1074 abstineant
246 1014 304 1075 boo
326 1013 410 1092 cibo,
428 1017 528 1076 necari
550 1017 625 1076 enirn
642 1026 741 1096 partus
757 1017 883 1076 invenio.
915 1016 1016 1076 eadem
1033 1035 1071 1076 ex

67 1099 194 1159 omnibus
217 1100 289 1159 satis
310 1101 519 1179 quadripedum
539 1117 657 1181 quoque
679 1100 789 1161 morbis
812 1100 840 1160 iu
862 1117 996 1161 maxumo
1018 1119 1070 1160 usu

42 1192 122 1260 rtem,
145 1185 209 1244 sire
221 1183 346 1245 'difficile
362 1184 537 1263 spirantibus
558 1185 622 1245 sive
638 1194 739 1246 eontra
753 1184 951 1246 maleiioorum
967 1185 1072 1245 anima·

17 1281 23 1288 ·
69 1268 130 1328 lium
147 1269 238 1346 ictus,
259 1269 353 1331 inlusa
370 1287 425 1348 per
445 1272 522 1330 naris
538 1288 576 1331 ex
591 1270 658 1330 vino
671 1279 737 1346 aut,
759 1270 784 1329 si
798 1270 1004 1347 sanguisugam
1021 1287 1071 1330 ex·

8 1397 9 1406 .
67 1352 227 1429 hauserint,
251 1371 289 1414 ex
311 1363 413 1430 aceto,
437 1363 467 1414 ot
483 1372 667 1434 quocumque
691 1355 719 1414 in
735 1353 820 1414 simili
836 1351 1003 1414 morborum
1019 1371 1070 1432 ge·

8 1475 10 1526 p
67 1455 131 1497 rere
149 1446 180 1498 ut
195 1437 224 1497 in
239 1439 356 1499 homine
371 1447 543 1517 temperata.

8 1527 10 1556 l
124 1524 175 1584 14.
211 1522 297 1603 (52.)
333 1521 522 1584 blentastrum
548 1522 692 1584 silvestris
719 1532 814 1584 menta
842 1531 888 1582 est
911 1520 1051 1582 differens
1065 1531 1114 1585 144

41 1608 163 1684 sspeoie
182 1606 320 1668 loliorum
342 1617 503 1686 quaesunt
524 1609 617 1686 ligura
638 1608 740 1685 ocimi,
764 1607 844 1687 pulei
862 1606 981 1681 colore,
1002 1622 1069 1684 pro·

68 1699 127 1769 pter
143 1691 221 1770 quod
237 1691 352 1771 quidam
364 1691 501 1753 silvestre
513 1693 640 1772 puleium
652 1702 767 1753 vocant.
788 1693 824 1752 iis
836 1688 1070 1752 conmanducatis

68 1783 93 1834 et
111 1776 246 1854 inpositis
268 1777 363 1837 sanari
386 1776 605 1856 elephantiasim
627 1775 725 1854 Magni
747 1776 867 1855 Pompei
890 1784 987 1837 aetate
1009 1775 1069 1835 lor·

67 1860 132 1920 tuito
145 1860 295 1921 cuiusdam
311 1861 512 1940 experimento
532 1870 655 1941 propter
670 1871 804 1941 putorem
819 1860 896 1922 laoie
907 1859 988 1920 inlita
1002 1875 1070 1919 oon·

70 1953 173 2022 portum
199 1953 257 2005 est.
294 1945 396 2007 eadem
416 1944 571 2006 inlinuntur
594 1946 787 2026 bibunturque
811 1945 951 2007 adversus
974 1945 1049 2005 ictus
1065 1952 1112 2007 tib

42 2029 250 2108 »scorpionum
268 2047 332 2090 cum
353 2029 433 2106 sale,
455 2030 524 2090 oleo
547 2039 577 2091 et
596 2039 699 2108 aneto,
721 2032 791 2091 item
812 2030 953 2091 adversus
969 2029 1069 2088 scolo-

69 2113 185 2192 pendras
210 2122 241 2174 et
262 2115 440 2194 serpentium
466 2115 540 2176 ictus
561 2114 707 2176 drachmis
736 2113 847 2176 duabus
869 2115 899 2174 in
920 2114 979 2174 vini
1002 2131 1069 2188 oya·

69 2197 117 2258 this
138 2198 271 2274 duobus,
299 2198 440 2260 adversus
461 2199 673 2280 scolopendras
694 2200 738 2260 ius
759 2199 885 2260 decocti.
927 2196 1070 2258 adversus

70 2283 152 2344 omnia
167 2301 285 2344 venena
300 2292 453 2343 servantur
467 2283 539 2345 lolia
560 2284 638 2346 arida
654 2283 690 2344 ad
710 2283 822 2345 larinae
840 2282 965 2342 modum.
1000 2280 1069 2342 sub-

69 2375 176 2428 stratam
194 2368 245 2429 vel
266 2385 423 2428 accensum
440 2367 520 2446 lugat
535 2369 620 2430 etiarn
635 2368 820 2447 scorpiones.
853 2375 952 2446 potum
968 2365 1113 2429 lomi-146

41 2464 113 2512 ttuas
125 2461 232 2532 purgat
250 2470 267 2512 a
283 2461 383 2532 partu,
400 2453 453 2514 sed
469 2462 569 2532 partus
583 2461 679 2513 necat.
701 2454 811 2532 ruptis,
828 2450 994 2526 convolsis,
1016 2449 1070 2509 sed

69 2538 193 2614 partius,
216 2537 437 2617 orthopnoicis,
457 2536 644 2614 torminibus,
669 2537 797 2598 choleris
824 2534 1068 2609 efficacissimum,

69 2621 126 2681 item
145 2621 271 2701 lumbis,
294 2620 433 2702 podagris
453 2622 618 2701 inpositrun.
652 2639 739 2682 sucus
757 2618 873 2681 auribus
894 2618 1068 2706 verminosis

12 2665 14 2752 l
68 2706 222 2768 instillatur.
259 2707 288 2766 in
305 2707 389 2784 regio
406 2705 509 2767 morbo
525 2705 650 2783 bibitur,
667 2706 782 2766 strumis
798 2704 941 2778 inlinitur,
956 2703 1068 2762 sornnia

12 2767 14 2858 l
69 2793 176 2852 ueneris
194 2789 323 2868 inhibet,
346 2792 456 2851 taenias
473 2791 557 2871 pellit
572 2809 609 2851 ex
627 2800 712 2852 aceto
727 2798 841 2870 potum,
860 2795 961 2850 contra
976 2787 1069 2866 porri-

12 2877 14 2892 *
42 2875 156 2951 atgimm
172 2895 211 2938 ex
227 2883 315 2936 aceto
329 2875 485 2936 infunditur
499 2877 586 2956 capiti
601 2877 630 2935 in
645 2874 719 2936 sole.

13 2951 14 2958 ἵ
122 2961 207 3041 (53.)
232 2959 349 3021 hleutae
366 2960 456 3039 ipsius
472 2960 546 3020 odor
557 2961 680 3022 animum
695 2960 803 3020 excitat
818 2965 848 3018 et
859 2975 949 3037 sapor
962 2955 1110 3018 aridi-147

13 3093 14 3096 ,
71 3052 145 3105 unm
164 3047 194 3106 in
217 3045 308 3124 cibis,
326 3043 394 3105 ideo
413 3043 631 3106 embammatum
653 3045 794 3105 mixturae
814 3042 973 3104 familiaris.
1003 3041 1069 3118 ipsa

14 3201 15 3210 ἵ
71 3145 200 3190 acescere
222 3139 271 3191 aut
294 3130 375 3190 coire
397 3128 573 3210 denserique
593 3128 639 3190 lac
653 3146 711 3189 non
726 3129 852 3208 patitur,
875 3143 966 3208 quare
981 3123 1068 3185 lactis

14 3225 15 3274 ἕ
43 3215 225 3290 potionibus
254 3214 384 3291 additur,
409 3232 447 3275 nn
470 3214 553 3274 huius
574 3213 722 3292 coagulati
749 3221 819 3293 potu
841 3209 1066 3289 strangulentur,

14 3297 15 3318 ³
42 3295 128 3360 ttdata
142 3300 169 3358 in
182 3317 257 3379 aqua
269 3308 319 3360 aut
333 3298 427 3359 mulso
445 3298 549 3360 eadem
562 3299 591 3357 ri
606 3297 747 3359 resistere
763 3307 793 3358 et
808 3295 990 3376 generationi
1003 3309 1067 3354 cre-

71 3379 136 3443 ditur
150 3384 315 3446 cohibendo
330 3384 469 3461 genitalia
485 3383 613 3445 denseri.
640 3400 734 3462 aeque
746 3381 872 3443 maribus
888 3398 923 3441 ao
936 3377 1050 3439 leminis
1061 3385 1113 3440 148

72 3467 138 3528 sistit
159 3471 347 3549 sanguinem,
377 3477 406 3528 et
440 3469 629 3549 purgationes
657 3466 826 3528 feminarum
851 3462 977 3541 inhibet,
1004 3479 1068 3522 cum

74 3552 159 3628 amylo
188 3573 227 3615 ex
258 3572 334 3635 aqua
365 3561 434 3633 pota
462 3554 660 3616 coeliacorum
685 3552 820 3632 impetus.
843 3547 906 3694 Χ*
923 3556 953 3608 et
977 3546 1067 3607 vomi·
