2458 3906
250 259 331 308 usn.
345 259 437 308 msu.
454 262 551 309 xum.
564 259 686 314 att-ao.
705 250 854 334 (oa—ts.)
991 253 1051 316 143

64 411 122 471 lent
136 413 164 471 io
178 411 321 490 arbustis,
341 422 373 474 ut
388 414 554 476 carbunculi
568 433 626 476 non
639 426 773 478 noceant.
808 418 856 477 alii
871 419 953 479 siluri
968 439 1030 482 oar·
1042 431 1097 487 294

63 513 117 556 uem
131 495 237 556 leviter
250 499 295 557 uri
311 507 447 576 evento,
469 509 500 560 ut
516 518 571 580 per
585 509 674 560 totam
691 503 804 561 vineam
825 501 919 563 fumus
939 503 1052 584 disper·

63 590 142 657 gatus
172 579 267 641 Varro
289 590 469 660 auctorest,
494 585 519 643 si
541 583 676 645 ddiculae
696 601 821 661 occasu,
849 586 927 664 quod
944 597 990 648 est
1009 589 1050 648 in·

62 665 128 723 itinn
139 665 281 741 commui,
308 683 364 726 uva
385 668 464 746 picta
486 677 675 728 consecretur
694 670 770 729 inter
790 670 874 745 vitis,
893 672 986 731 minus
999 689 1051 732 no-

47 763 121 808 scere
138 757 340 829 tempestates.
378 749 533 812 Archibios
564 752 600 812 ad
625 752 799 813 Antiochum
826 754 929 828 Syriae
950 773 1052 834 regem
1171 817 1173 822 .

62 834 180 912 scripsit,
210 834 236 893 si
251 833 334 894 lictili
359 851 437 896 novo
464 835 603 896 obruatur
627 837 729 898 rubeta
755 856 825 898 rana
846 840 873 897 io
888 839 981 900 media
1004 859 1050 900 se·

62 926 133 994 gete,
160 935 221 978 uon
239 935 308 978 osso
322 919 425 979 noxias
440 927 640 999 tempestates.

112 1002 195 1082 (71.)
215 999 314 1081 Opera
328 1004 436 1064 rustica
453 1003 536 1064 huius
550 1004 710 1066 intervalli:
728 1013 835 1066 terram
850 1006 967 1083 iterare,
984 1025 1028 1067 ar·
1040 1018 1094 1073 295

38 1085 136 1160 ¹bores
148 1085 381 1163 circumfodere,
405 1087 455 1147 ubi
469 1097 605 1149 aestuosa
620 1090 703 1166 regio
724 1098 844 1168 poscat,
867 1089 1050 1151 adcumulare

36 1183 92 1236 1¹0-
101 1171 286 1248 germinantia
297 1172 352 1231 nisi
362 1171 392 1231 in
403 1172 469 1232 solo
482 1172 631 1232 luxurioso
646 1173 783 1234 fodienda
798 1189 857 1233 oon
870 1183 1048 1250 sunt—,se-

60 1255 161 1315 minaria
176 1273 306 1334 purgare
322 1255 456 1335 sarculo,
475 1273 600 1316 messem
615 1256 809 1318 hordeaceam
824 1257 934 1335 lacere,
952 1276 1048 1320 aream

60 1339 214 1398 iumessem
231 1347 313 1400 oreta
328 1357 523 1419 praeparare,
552 1338 671 1400 Catonis
686 1343 829 1402 sententia
845 1359 961 1402 amurca
976 1352 1048 1404 tem-

61 1431 192 1500 peratam,
215 1422 330 1500 Vergili
350 1425 517 1503 operosius.-
544 1425 654 1485 maiore
676 1443 715 1484 ex
735 1434 819 1504 parte
841 1434 966 1506 aequant
987 1436 1048 1488 tau·

59 1512 105 1566 tun
117 1515 144 1566 st
158 1507 229 1567 limo
241 1506 352 1568 bubulo
363 1508 499 1569 dilutiore
512 1509 643 1568 inlinunt.
674 1508 704 1569 id
718 1511 788 1569 satis
803 1508 838 1570 ad
853 1510 985 1589 pulveris
1002 1529 1048 1570 re·

34 1589 166 1654 aredium
181 1591 308 1652 videtur.

105 1673 153 1736 30.
176 1675 264 1755 (72.)
283 1673 388 1735 blessis
402 1675 494 1753 ipsius
510 1676 682 1738 rationario.
707 1675 861 1738 Galliarum
876 1675 1092 1742 lotttnnoitsaao

57 1758 113 1820 ulli
126 1759 330 1839 praegrandes
344 1758 477 1820 dontibus
496 1760 525 1820 in
544 1761 674 1838 margine
691 1761 821 1835 infestis,
847 1758 957 1821 duabus
974 1762 1046 1821 rotis

57 1859 100 1919 per
119 1853 254 1922 segetem
273 1843 466 1922 inpelluntur,
489 1844 616 1904 iumento
638 1846 666 1904 iu
690 1844 863 1904 contrarium
879 1845 985 1904 iuncto.
1009 1845 1048 1904 ita

58 1924 184 2006 dereptae
197 1928 228 1988 in
241 1927 346 1988 vallum
360 1927 464 1988 cadunt
480 1929 590 2007 spicae.
618 1929 742 2008 stipulae
757 1926 826 1989 alibi
839 1927 953 1988 mediae
969 1926 1048 1989 falce

31 2012 251 2088 spraeoiduntur
274 2020 361 2090 atquc
386 2011 462 2072 inter
484 2012 555 2074 duas
578 2013 717 2091 mergites
743 2012 824 2091 spica
851 2011 1047 2090 destringitur.

58 2093 114 2155 tlibi
135 2095 171 2156 ab
187 2097 290 2157 radice
310 2095 438 2173 vellunt,
465 2098 572 2176 quique
598 2097 627 2158 id
652 2097 761 2157 laniunt
781 2096 929 2175 proscindi
949 2095 986 2157 ab
1015 2113 1047 2155 se

58 2177 138 2240 obiter
156 2197 262 2258 agrum
289 2180 531 2259 interpretantur,
562 2197 625 2241 cum
641 2181 792 2242 extrahant
807 2198 917 2240 sucum.
944 2179 1090 2244 diue-aot

57 2265 135 2326 reoda
147 2265 240 2325 baec:
271 2263 322 2324 ubi
337 2265 443 2343 stipula
458 2264 561 2326 domos
576 2273 733 2342 contegunt
752 2281 836 2343 quam
851 2264 1047 2341 longissimam

56 2359 178 2427 meant,
207 2347 257 2408 ubi
279 2349 339 2409 feni
359 2349 457 2428 iuopia
479 2357 542 2424 est,
575 2357 732 2409 stramento
758 2347 871 2426 paleam
895 2357 1046 2427 quaerunt.

28 2434 138 2510 spartei
152 2433 252 2494 culmo
273 2441 467 2510 contegunt,
492 2434 551 2493 mili
568 2433 690 2494 culmum
709 2433 774 2492 iere
788 2433 917 2506 inurunt,
942 2431 1047 2492 hordei

54 2517 177 2595 stipulam
195 2515 289 2578 bubus
311 2513 501 2594 gratissimam
518 2526 645 2578 serrant.
676 2518 807 2596 panicum
824 2524 853 2575 et
867 2515 973 2576 milium
991 2515 1047 2572 siu-

54 2600 162 2676 gdlstim
183 2601 303 2680 pectine
324 2600 449 2662 manuali
468 2601 569 2679 legunt
589 2599 712 2662 Galliae.
745 2599 851 2660 blessis
871 2599 935 2678 ipsa
959 2596 1027 2658 alibi
1038 2607 1092 2662 298

54 2683 153 2746 nouus
166 2687 198 2746 in
213 2704 295 2762 arca,
311 2684 380 2746 alibi
395 2701 534 2764 equarum
546 2685 699 2764 gressibus
718 2684 870 2758 exteritur,
893 2681 962 2744 alibi
980 2699 1045 2760 per·

54 2769 108 2828 ticis
120 2770 297 2848 dagellatnr.
325 2770 450 2830 triticum
471 2786 528 2848 quo
545 2770 639 2830 serius
659 2771 774 2830 metitur
794 2767 943 2846 copiosius
966 2767 1046 2826 inve·

55 2852 134 2932 uitur,
160 2871 220 2933 quo
246 2854 372 2915 celerius
389 2870 462 2914 vero
486 2853 544 2914 boc
568 2855 733 2933 speciosius
753 2869 789 2913 ac
809 2851 966 2912 robustius.
998 2851 1048 2911 lex

55 2938 207 3015 aptissima,
230 2947 424 3019 autequam
437 2956 586 3016 granum
602 2938 820 2998 indurescat
834 2945 870 2997 ot
887 2953 962 2996 curu
980 2937 1047 2996 iam

54 3024 204 3084 traxerit
233 3023 417 3099 colorem,
447 3022 595 3083 oraculum
625 3037 697 3084 vero
734 3019 846 3081 biduo
878 3020 1047 3082 celerius

54 3121 195 3168 messem
213 3109 348 3169 facere
369 3107 495 3186 potius
511 3124 613 3185 qnam
628 3104 742 3165 biduo
758 3105 893 3165 serius.
924 3103 1048 3181 siliginis

55 3197 79 3249 et
93 3192 180 3252 tritici
193 3193 298 3254 eadem
312 3193 386 3252 ratio
402 3192 432 3251 iu
447 3209 517 3252 area
531 3191 710 3268 horreoque.
740 3189 795 3266 lar,
812 3189 878 3268 quia
891 3186 1047 3249 difficulter

54 3276 205 3354 excutitur,
232 3277 368 3339 convenit
386 3293 449 3336 cum
469 3275 556 3355 palea
578 3292 631 3336 sua
646 3274 749 3350 condi,
774 3281 804 3334 et
818 3271 923 3352 stipula
939 3278 1047 3332 tautum

53 3366 79 3416 et
94 3361 188 3420 aristis
201 3361 351 3423 liberator.
380 3359 468 3421 Palea
488 3360 590 3438 plures
602 3359 731 3437 gentium
747 3374 801 3437 pro
816 3357 885 3418 feno
900 3363 1024 3414 utuntur.
1037 3360 1091 3416 ²99

53 3443 198 3505 meliores
217 3463 276 3526 quo
295 3444 409 3506 tenuior
426 3445 620 3523 minutiorque
636 3452 665 3504 et
680 3442 795 3522 pulveri
813 3440 950 3520 propior,
978 3436 1046 3496 ideo

55 3535 162 3605 optuma
183 3530 317 3608 emilie,
343 3545 483 3608 proxuma
507 3546 544 3588 ex
567 3527 697 3608 hordeo,
720 3540 855 3606 pessuma
884 3540 921 3582 ex
938 3521 1047 3598 tritico,
