2406 3914
166 203 228 268 256
510 217 540 268 o.
555 219 650 266 runnu
668 217 818 268 sucorum

165 373 194 432 in
208 372 284 436 iacie
300 371 467 446 emendant,
484 380 606 448 erugant
622 389 756 451 corpora.
781 390 845 433 cnm
855 372 936 452 polio
951 373 1024 434 lolia
1039 372 1071 431 in
1084 380 1173 432 aceto

167 465 251 516 cocta
271 454 439 516 volneribus
460 455 649 533 inponuntur,
674 457 850 533 sitentium,
875 456 978 517 melius
1006 473 1073 516 curu
1100 454 1173 532 hyo-

166 557 284 615 scyamo
303 548 333 599 et
353 539 445 600 iarina
466 539 562 599 tritici.
592 556 692 599 seman
712 540 838 600 inlinitur
857 541 915 617 igni
936 557 1043 615 sacro,
1065 538 1122 599 hos
1145 548 1174 599 et

166 623 236 683 ioliu
251 623 381 683 ulcerum
397 624 550 701 vetustati,
580 640 668 683 aucas
683 626 731 702 qui
747 623 820 684 dore
834 641 994 701 expressus
1013 632 1119 682 est-
1137 622 1173 683 ab

166 707 230 768 aliis
242 707 300 768 mel
310 714 441 782 vocatur,
454 704 490 766 ab
505 705 570 766 aliis
581 708 687 783 syrium
697 708 781 768 -ad
800 707 989 769 emolliendas
1002 706 1110 767 volvas
1126 723 1195 766 ιιι-ι

167 791 312 868 doresque
330 789 481 850 iaciendos
499 798 528 850 et
542 793 764 869 suppurationes
780 791 1016 869 concoquendus.

124 885 175 941 128
239 875 323 953 (75.)
354 872 482 934 Narcissi
509 873 565 934 duo
592 891 701 951 genera
723 877 753 934 in
779 894 861 936 usum
884 875 990 935 medici
1014 873 1174 952 recipiunt,

166 975 312 1038 purpureo
328 957 400 1018 done
421 965 451 1015 et
470 957 591 1018 alterum
609 958 794 1019 herbaceum.
826 960 901 1020 huuc
918 957 1075 1019 stomacho
1091 958 1175 1018 inuti·

166 1045 223 1104 lem
238 1051 268 1102 et
282 1042 348 1103 ideo
360 1042 542 1102 vomitorium
555 1041 697 1121 alvosque
709 1043 887 1120 solventem,
903 1044 1003 1102 nervis
1014 1042 1174 1115 inimicum,

166 1136 252 1206 caput
266 1134 433 1203 gravantem
448 1135 477 1184 et
492 1143 607 1186 anarce
619 1127 777 1187 narcissum
792 1127 912 1203 dictum,
932 1144 990 1186 non
1004 1143 1021 1187 a
1034 1125 1173 1186 iabuloso
1185 1145 1199 1184 n

125 1223 288 1290 laspuero.
322 1211 471 1287 utriusque
485 1209 566 1270 radix
586 1210 689 1271 mulsei
707 1213 821 1290 saporis
843 1221 896 1272 est.
922 1209 1064 1270 ambustis
1085 1209 1174 1288 prod·

167 1303 212 1355 est
236 1296 344 1372 exiguo
374 1312 390 1354 e
415 1293 518 1371 melle,
556 1294 599 1354 sic
627 1303 655 1355 et
677 1294 846 1355 volneribus
874 1303 903 1354 et
927 1295 1052 1370 lunatis,
1089 1295 1174 1373 panis

165 1396 237 1439 vero
255 1396 318 1438 cunr
338 1377 424 1438 melle
446 1386 476 1438 et
497 1395 607 1438 avenne
629 1378 731 1439 larium.
763 1381 807 1439 sic
828 1389 858 1439 at
874 1379 962 1438 inlixa
980 1380 1104 1455 corpori
1123 1396 1173 1437 ex·

165 1462 259 1523 trahit.
288 1462 318 1521 in
332 1460 451 1539 polenta
465 1463 548 1521 tritus
564 1462 692 1540 oleoque
708 1463 854 1523 contunsis
876 1461 1009 1523 medetur
1026 1471 1057 1521 et
1073 1461 1174 1540 lapide

167 1547 324 1625 percussis.
356 1553 459 1624 purgat
481 1545 601 1606 volnera
624 1549 781 1624 permixtus
803 1547 929 1621 farinae,
959 1547 1062 1623 nigras
1085 1544 1202 1611 vitilin

166 1631 249 1707 gines
264 1628 415 1690 emaculat.
446 1645 484 1689 ex
498 1629 556 1689 hoc
572 1629 645 1690 dore
666 1631 696 1690 lit
710 1633 897 1691 narcissinum
913 1630 1011 1690 oleum
1029 1628 1067 1689 ad
1082 1628 1174 1689 emol-

166 1712 277 1774 liendas
298 1713 431 1789 duritias,
450 1711 647 1774 calefacienda
669 1731 743 1792 quae
758 1715 893 1792 sinerint,
917 1712 1036 1774 auribus
1053 1713 1175 1773 utilissi-

166 1815 251 1872 mum,
265 1795 316 1856 sed
334 1805 363 1856 et
379 1797 483 1873 capitis
500 1797 618 1857 dolores
633 1797 712 1870 iacit.

125 1891 176 1946 130
240 1879 325 1960 (76.)
347 1878 451 1939 Violae
471 1880 622 1941 silvestres
647 1891 677 1941 ct
699 1881 818 1942 sativae.
855 1897 1021 1962 purpureae
1045 1880 1175 1957 refrige-

166 1973 237 2024 rant.
274 1972 374 2023 contra
389 1962 626 2025 inflammationes
640 1964 793 2029 inlinuntur
808 1964 958 2026 stomacho
975 1963 1102 2025 ardenti.
1136 1965 1174 2022 in·
1189 2008 1191 2013 s

165 2055 308 2125 ponuntur
323 2054 352 2106 et
375 2048 462 2126 capiti
480 2049 508 2106 in
523 2047 635 2123 fronte,
658 2048 808 2109 oculorum
823 2049 956 2128 privatim
971 2048 1132 2128 epiphoris
1148 2057 1176 2106 et
1198 2115 1199 2128 χ

167 2130 237 2190 sede
256 2129 426 2209 procidente
447 2131 571 2192 volvave
592 2141 621 2191 et
636 2141 735 2192 contra
753 2133 988 2212 suppurationes.
1021 2131 1178 2210 crapulam

166 2223 195 2274 et
208 2213 384 2292 gravedines
407 2215 510 2292 capitis
525 2216 658 2294 inpositis
675 2219 792 2277 coronis
815 2216 981 2294 olfactuque
1003 2216 1176 2290 discutiunt,

166 2298 286 2376 anginas
302 2317 339 2358 ex
354 2315 426 2376 aqua
442 2307 538 2377 potae.
569 2298 597 2358 id
618 2299 696 2378 quod
712 2317 888 2380 purpureum
906 2318 944 2359 ex
962 2300 997 2358 iis
1017 2298 1175 2360 comitiali

126 2382 238 2446 131bus
253 2381 400 2457 medetur,
425 2400 555 2442 maxume
581 2385 695 2461 pueris,
720 2385 749 2444 in
763 2402 838 2463 aqua
855 2392 962 2462 potum.
989 2401 1095 2444 semen
1114 2384 1164 2443 vio

165 2467 211 2527 lae
237 2465 441 2544 scorpionibus
467 2465 644 2528 adversatur.
686 2477 785 2528 contra
817 2469 872 2528 llos
899 2466 984 2528 albae
1009 2476 1160 2547 suppurat

166 2551 273 2629 aperit,
295 2552 358 2628 ipsa
381 2549 505 2610 discutit.
537 2550 646 2611 etalba
670 2561 764 2611 autem
789 2561 818 2612 et
833 2551 910 2610 lutea
933 2559 1078 2611 extenuat
1096 2569 1167 2612 men

167 2643 261 2710 suun,
289 2635 399 2694 urinam
421 2634 486 2693 ciet.
515 2636 608 2694 minor
628 2635 673 2694 vis
697 2644 741 2694 est
758 2634 939 2710 recentibus,
966 2634 1100 2713 ideoque
1122 2635 1172 2695 ar*

166 2718 211 2777 dis
227 2727 294 2797 post
313 2736 415 2778 annum
431 2716 574 2779 utendum.
604 2717 681 2779 luten
703 2718 819 2778 dimidio
834 2718 938 2793 cyatho
958 2718 987 2776 in
1004 2735 1104 2796 aquae
1129 2719 1167 2780 ιιΙ

165 2801 219 2860 bus
234 2820 350 2862 menses
364 2801 459 2862 trahit.
489 2800 603 2861 radices
621 2803 684 2861 eius
703 2819 766 2862 cum
782 2811 865 2863 aceto
882 2801 980 2861 inlitae
998 2802 1107 2862 sedant
1124 2803 1146 2862 li

166 2902 246 2961 nem,
274 2888 341 2946 item
368 2884 543 2964 podagrum,
567 2885 716 2946 oculorum
737 2895 831 2946 autern
849 2885 1092 2946 inflammationes
1110 2904 1150 2946 cu

166 2985 260 3028 murra
275 2979 304 3029 et
318 2987 432 3031 croco.
450 2969 521 3030 lolia
539 2988 602 3030 cunr
616 2969 704 3030 melle
722 2979 844 3049 purgant
859 2970 960 3047 capitis
975 2968 1091 3047 ulcera,
1111 2989 1151 3030 cu

167 3062 265 3114 cerato
290 3056 376 3114 rimas
401 3053 478 3113 sedis
503 3063 531 3114 et
548 3071 622 3130 quae
648 3055 675 3112 in
698 3055 801 3114 umidis
827 3062 907 3128 sunt,
937 3071 974 3112 ex
990 3062 1080 3114 aceto
1099 3072 1142 3113 ve

167 3136 357 3197 collectiones
373 3147 483 3197 sanant.

126 3226 177 3281 132
241 3220 325 3299 (77.)
345 3219 457 3280 Baccar
483 3221 511 3278 in
536 3221 697 3282 medicinae
722 3241 775 3282 usu
801 3221 887 3299 aliqui
909 3237 946 3278 ex
970 3221 1083 3280 nostris
1105 3239 1150 3300 pe

167 3319 297 3379 pressam
312 3312 428 3364 vocant.
461 3305 612 3364 auxiliatur
628 3315 727 3366 contra
742 3306 900 3385 serpentis,
927 3304 1031 3381 capitis
1047 3303 1144 3365 dolor

166 3383 374 3464 fervoresque,
397 3387 465 3446 item
484 3388 650 3468 epiphoras.
681 3390 824 3468 inponitur
843 3388 969 3447 mammis
992 3388 1141 3448 tumentih

168 3477 287 3543 apertu
310 3478 339 3528 et
364 3469 518 3546 aegilopiis
545 3472 749 3549 incipientibus
776 3482 804 3532 et
824 3469 938 3548 ignibus
958 3471 1062 3530 sacris.
1097 3472 1142 3532 od
