2508 3924
192 210 252 270 214
524 219 554 269 c.
572 220 665 272 untur
679 219 827 268 succum

193 393 310 436 ovorum
330 376 411 433 trium
434 389 496 432 cum
510 373 621 448 “amylo
660 374 735 432 aiunt
755 381 784 432 ct
802 374 922 434 uolnera
947 372 1157 450 candido'gluti·

149 471 183 522 ιι
194 461 254 518 nari
272 458 458 534 calculosque
476 456 556 534 pelli.
583 456 671 515 Lutea
694 474 812 514 ovorum
830 466 913 517 cocta
930 467 960 525 ιιι
976 457 1159 532 indurescant,

191 542 314 602 admixto
331 555 418 598 croco
435 540 563 616 modice,
582 542 649 598 item
672 540 774 616 melle,
795 559 832 598 ex
851 541 925 599 lacte
946 541 1068 599 mulieris
1089 540 1159 598 inlita

191 627 308 685 dolores
326 624 471 691 oculorum
487 625 629 699 mitigant,
656 624 703 682 vel
724 641 785 681 cum
802 640 923 682 rosaceo
947 633 975 683 et
993 623 1082 681 mulso
1101 623 1159 681 lana

191 709 283 768 oculis
301 709 433 784 inposita,
449 707 495 765 vel
513 725 575 765 cum
590 709 656 764 trito
672 708 718 785 api
734 709 840 766 semine
856 725 890 765 ac
905 707 1021 784 polenta
1036 708 1062 764 in
1076 706 1180 766 mulsos

188 793 275 852 inlita.
314 789 433 868 prodest
448 799 476 848 et
489 790 672 848 tussientibus
693 808 747 868 per
766 809 799 848 se
821 790 925 848 luteum
949 789 1109 848 devoratum
1133 788 1161 846 li·

190 876 301 954 quidum
322 877 360 932 ita
374 883 403 932 ut
419 873 549 932 dentibus
563 890 620 931 non
641 874 810 949 attingatur,
832 873 958 932 thoracis
974 871 1164 931 destillationi·

189 960 252 1032 bus,
267 959 387 1016 lancium
402 957 562 1015 scabritiae.
584 957 713 1035 privatim
729 967 827 1016 contra
837 954 1083 1015 haemorrhoidum
1097 971 1164 1012 mor·

148 1015 250 1108 hhsum
268 1040 390 1099 inlinitur
405 1039 593 1117 sorbeturque
616 1039 740 1098 crudum.
767 1039 893 1119 prodest·
904 1048 932 1097 et
947 1039 1081 1115 renibus,
1094 1037 1166 1095 uesi-

192 1143 244 1186 cae
257 1124 419 1183 rosionibus
435 1123 749 1200 exulcerationibusque
768 1133 796 1182 et
812 1133 928 1182 cruenta
943 1119 1167 1181 exscreantibus.
1177 1139 1197 1179 m

193 1210 315 1287 quinque
331 1224 448 1265 ovorum
467 1207 542 1266 lutea
560 1207 588 1264 in
605 1208 662 1264 vini
677 1205 788 1266 hemina
805 1207 891 1265 cruda
908 1205 1061 1264 sorbentur
1077 1204 1167 1278 dysin·

190 1294 289 1351 tericis
305 1308 367 1348 cum
386 1293 481 1348 cinere
502 1290 651 1367 putaminis
668 1291 711 1348 sui
733 1295 761 1348 et
782 1291 936 1368 papaveris
951 1305 1024 1347 suco
1046 1306 1080 1348 ac
1096 1289 1169 1345 vino.

190 1376 289 1435 dantur
307 1374 441 1432 coeliacis
461 1391 530 1431 cum
553 1391 624 1431 uvae
648 1391 751 1450 passae
773 1374 886 1451 pinguis
910 1374 971 1451 pari
995 1371 1123 1449 pondere
1143 1377 1171 1428 et

189 1458 316 1517 malicori
332 1475 385 1535 per
403 1455 522 1514 triduum
541 1457 640 1532 aequis
658 1457 860 1534 portionibus,
874 1464 903 1514 et
921 1456 977 1514 alio
994 1455 1083 1514 modo
1098 1455 1172 1512 lutea

190 1558 308 1601 ovorum
323 1541 412 1616 trium,
430 1538 501 1598 lardi
516 1542 622 1598 veteris
638 1550 666 1598 et
679 1540 772 1599 mellis
789 1539 1001 1618 quadrantibus,
1020 1540 1079 1598 vini
1094 1546 1171 1595 vete·
1181 1553 1201 1594 u

189 1627 228 1684 ris
245 1623 354 1698 cyathis
370 1623 475 1698 tribus,
493 1625 555 1682 trita
572 1623 606 1682 ad
623 1624 837 1683 crassitudinem
850 1624 943 1682 mellis
958 1633 1001 1699 et,
1022 1641 1087 1682 cum
1101 1635 1173 1698 opus

147 1719 181 1771 44
191 1710 238 1782 sit,
255 1707 404 1766 abellanae
421 1707 501 1764 nucis
516 1706 707 1781 magnitudine
724 1726 760 1766 ex
776 1725 848 1784 aqua
863 1716 947 1785 pota,
968 1709 1039 1765 item
1057 1725 1094 1765 ex
1109 1704 1173 1762 oleo

189 1791 271 1850 iricta
287 1799 377 1865 terna,
397 1791 464 1848 totis
480 1791 542 1848 ovis
559 1790 650 1866 pridie
665 1793 814 1850 maceratis
829 1792 856 1849 in
871 1793 970 1866 aceto',
994 1792 1038 1850 sic
1065 1798 1094 1848 et
1106 1788 1173 1846 lien·

187 1875 295 1948 tericis,
309 1875 472 1948 sangninem
484 1883 576 1931 autem
588 1872 770 1932 reicientibus
783 1892 844 1932 cum
858 1873 946 1931 tribus
960 1873 1074 1947 cyathis
1083 1871 1175 1930 musti.

188 1966 301 2016 utuntur
319 1956 418 2015 iisdem
435 1955 470 2014 ad
485 1957 617 2030 liventia,
639 1959 663 2014 si
677 1958 835 2016 vetustiora
857 1959 928 2031 sint,
948 1975 1014 2014 cum
1031 1956 1128 2014 bulbis
1143 1971 1204 2014 acm

188 2041 283 2098 melle.
311 2039 412 2098 sistunt
430 2047 459 2096 et
473 2057 586 2097 menses
601 2039 748 2098 mulierum
762 2048 844 2098 cocta
861 2049 889 2098 et
903 2040 931 2098 in
944 2043 1014 2098 vino
1032 2049 1122 2116 pota,
1137 2039 1176 2096 in·

147 2135 180 2186 45
192 2123 323 2181 dationes
340 2137 454 2198 quoque
469 2122 573 2181 volvae
589 2122 676 2182 cruda
692 2141 754 2181 cum
769 2123 835 2182 oleo
852 2133 900 2183 aut
916 2124 984 2181 vino
1001 2122 1094 2181 inlita.
1125 2121 1176 2179 nti·

189 2206 224 2264 lia
240 2213 303 2262 sunt
319 2212 348 2262 et
363 2206 485 2264 cervicis
503 2204 649 2264 doloribus
661 2224 727 2264 cum
743 2207 875 2265 anserino
890 2207 976 2283 adipe
996 2215 1027 2264 et
1040 2221 1180 2278 rosaceo,

189 2286 266 2346 sedis
284 2287 368 2344 etiam
383 2288 457 2346 vitiis
473 2287 601 2348 indurata
614 2290 673 2365 igni
688 2299 717 2348 ut
733 2290 831 2349 calore
852 2306 965 2367 quoque
991 2291 1125 2366 prosint,
1152 2295 1180 2346 et

189 2369 394 2444 condylomatis
416 2389 477 2430 cum
500 2389 641 2448 rosaceo,
665 2375 732 2432 item
761 2372 896 2432 ambustis
921 2373 1023 2432 durata
1044 2373 1074 2430 in
1096 2382 1208 2450 aquato

188 2454 298 2512 morin
314 2470 403 2531 pruna
425 2455 612 2532 putaminibus
632 2457 757 2531 exustis,
777 2465 833 2515 tum
849 2457 924 2515 lutea
940 2475 978 2514 ex
992 2473 1125 2515 rosaceo
1142 2457 1181 2512 in·

188 2537 320 2618 linuntur.
350 2537 433 2596 Fiunt
448 2547 476 2596 et
492 2547 551 2598 tota
568 2538 655 2614 lutea,
671 2557 743 2616 quae
759 2548 864 2599 vocant
878 2541 983 2614 sitista,
1003 2557 1071 2598 cum
1088 2539 1181 2596 triduo

188 2619 311 2679 incubita
333 2621 476 2679 tolluntur.
519 2622 700 2682 Stomachum
724 2622 890 2682 dissolutum
913 2623 1090 2681 confirmant
1114 2620 1184 2700 pulli

189 2721 307 2763 ovorum
325 2721 387 2762 oum
404 2704 499 2780 gallae
516 2704 644 2780 dimidio,
665 2707 702 2764 ita
722 2724 758 2764 ne
774 2714 838 2764 ante
853 2705 921 2764 duas
942 2705 1034 2765 horas
1050 2706 1127 2764 alius
1144 2705 1181 2762 oi·

188 2786 241 2844 bus
257 2796 389 2845 sumatur.
420 2788 486 2846 dant
509 2797 537 2846 et
557 2788 736 2861 dysintericis
757 2789 851 2866 pullos
873 2789 984 2866 inipso
1007 2807 1070 2848 ovo
1095 2789 1212 2848 deco-o

191 2879 254 2928 ctos
270 2870 391 2928 admixta
407 2872 463 2928 vini
478 2873 584 2929 austeri
599 2871 710 2930 hemina
727 2879 755 2929 et
771 2874 832 2949 pari
844 2872 929 2930 modo
947 2872 1007 2930 olei
1027 2872 1183 2950 polentae-

147 2963 180 3016 46
193 2970 256 3029 que.
282 2951 445 3011 Membrana
465 2955 598 3031 putamini
614 2955 741 3013 detracta
760 2956 821 3013 sive
843 2955 931 3028 crudo
953 2957 1019 3013 sive
1038 2964 1131 3014 cocto
1145 2955 1183 3013 la·

189 3034 300 3112 biorum
316 3036 424 3094 fissuris
440 3037 582 3114 medetur,
604 3039 753 3114 putaminis
776 3039 846 3096 cinis
870 3039 897 3095 in
913 3041 979 3096 vino
1000 3047 1097 3114 potus
1122 3056 1184 3096 san·

188 3118 281 3194 guinis
297 3119 500 3195 eruptionibus.
544 3119 670 3178 comburi
683 3122 743 3178 sine
758 3120 920 3180 membrana
936 3130 1072 3198 oportet,
1096 3122 1142 3179 sic
1156 3121 1185 3178 lit

131 3229 133 3233 ,
167 3209 172 3230 s
190 3209 219 3257 et
230 3198 424 3259 dentifricium.
448 3204 522 3261 idem
537 3204 607 3261 cinis
621 3212 648 3261 et
663 3203 809 3262 mulierum
820 3221 934 3262 menses
948 3221 1014 3261 cum
1030 3223 1134 3264 murra
1146 3206 1185 3262 in·
1194 3215 1215 3256 ³⁵

189 3282 254 3340 litus
271 3285 355 3342 sistit.
387 3286 501 3343 firmitas
516 3287 685 3362 putaminum
700 3295 775 3346 tanta
797 3296 841 3345 est
858 3296 887 3345 ut
900 3295 978 3345 recta
1001 3305 1064 3344 neo
1083 3289 1114 3344 vi
1131 3303 1186 3346 nec

189 3365 317 3442 pondere
332 3367 390 3426 ullo
404 3367 583 3443 frangantur,
603 3388 658 3430 nec
671 3370 725 3428 nisi
741 3370 854 3447 paulum
867 3370 970 3430 inilexa
985 3370 1188 3431 rotunditate.

43 3467 52 3478 ·
103 3517 108 3524 ,
146 3456 180 3510 47
191 3446 261 3506 Tota
276 3464 331 3507 ova
345 3449 475 3510 adiuvant
493 3461 601 3528 partum
619 3471 682 3512 cunr
698 3462 761 3513 ruta
778 3463 806 3512 et
821 3463 905 3515 aneto
927 3461 955 3512 et
971 3455 1099 3514 cumino
1116 3463 1187 3534 pota
