2396 3900
126 239 185 301 134
459 251 763 300 crurrusucunm

122 412 264 467 vocantur
279 407 314 468 ad
329 409 422 468 munia
438 425 494 486 quo
513 408 644 468 favonius
659 405 729 468 flare
743 406 859 482 debeat,
878 404 932 466 sed
946 421 1004 484 quo
1018 421 1134 482 coepe·

122 491 168 549 rit.
201 489 258 553 hoc
273 493 334 551 acri
354 494 512 552 intentione
534 491 706 552 servandum
726 501 789 567 est,
811 490 869 550 hoc
888 489 940 550 illo
962 507 1066 548 mense
1094 489 1135 548 si·

124 591 211 653 gnum
226 576 299 635 deus
313 575 402 636 habet
416 577 620 636 observatione
637 576 759 636 minume
779 575 877 636 fallaci
904 583 951 634 aut
972 573 1078 649 dubia,
1110 573 1138 632 si

81 661 204 737 itaquis
221 661 359 720 attendat.
386 661 461 720 unde
472 669 568 721 autem
582 660 673 738 spiret
687 661 712 720 is
727 669 830 720 ventus
844 675 959 738 quaque
975 667 1061 736 parte
1081 674 1137 716 re·

91 763 151 806 aaa
166 745 234 821 niat,
250 745 372 804 diximus
388 745 517 805 secundo
533 743 679 804 volumine
695 753 724 805 et
736 746 864 805 dicemus
875 759 944 803 mox
955 742 1045 820 paulo
1060 759 1165 820 ope-s

59 842 61 847 ·
82 830 229 904 sororius.
262 831 374 889 interim
391 829 426 889 ab
444 847 481 889 eo
497 830 554 905 die,
571 829 700 908 quisquis
716 829 766 890 ille
781 829 883 904 fuerit,
900 843 958 907 quo
973 825 1046 887 flare
1063 841 1139 886 coe·

125 915 211 993 perit,
222 930 281 973 non
296 915 394 992 utique
405 926 465 974 vu.
495 913 558 974 idus
569 912 667 990 Febr,
685 915 738 975 sed
750 915 812 974 sive
827 921 903 988 aute,
918 909 1033 990 quaudo
1046 927 1140 990 prae·

124 1008 243 1074 vernat,
263 999 325 1058 sive
340 1007 458 1077 postea,
480 999 594 1077 quando
610 997 715 1059 hiemat
728 999 797 1078 post
811 997 886 1058 diem
901 1005 1029 1072 certum,
1052 997 1140 1054 inuu-

125 1099 205 1142 mera
225 1083 350 1143 rusticos
372 1099 441 1142 cura
460 1080 613 1160 distringat
632 1092 661 1142 et
682 1085 773 1160 prima
796 1099 929 1161 quaeque
953 1087 1142 1158 peragantur

82 1177 216 1244 aloquae
242 1167 350 1227 differri
374 1174 527 1245 nequeunt.
561 1167 715 1228 trimestria
736 1175 884 1244 serantur,
904 1167 979 1226 vites
994 1172 1174 1244 putenturrt

84 1269 222 1330 numqua
240 1251 363 1311 diximus
377 1252 501 1327 ratione,
519 1249 605 1311 oleae
621 1259 772 1328 curentur,
795 1258 1035 1330 pommeranum
1054 1250 1141 1308 inse·

124 1343 295 1414 ranturque,
314 1336 418 1396 uineae
431 1336 627 1414 pastinentur,
643 1337 752 1396 semina
770 1336 953 1412 digerantur,
969 1335 1141 1394 instauren-

125 1429 172 1478 tur
186 1417 252 1495 alia,
267 1418 451 1497 harundines,
468 1420 592 1496 salices,
605 1421 738 1498 genistae
754 1429 886 1480 serantur
901 1418 1142 1494 caedanturque,

83 1515 199 1568 2411⁷J⁸
211 1513 343 1564 serantur
358 1521 430 1564 vero
446 1504 524 1580 ulmi,
541 1505 653 1583 populi,
671 1504 789 1582 platani,
803 1505 844 1564 uti
855 1502 962 1564 dictum
975 1511 1030 1563 est.
1060 1500 1144 1561 'l'um

126 1599 155 1652 et
173 1597 292 1665 segetes
307 1591 442 1649 convenit
457 1607 594 1668 purgare,
609 1591 701 1649 sarire
719 1588 854 1649 hibernas
867 1588 968 1664 fruges
982 1604 1140 1647 maxume-
1151 1603 1175 1646 rt

126 1691 183 1752 que
198 1673 250 1734 far.
280 1673 330 1732 lex
345 1683 424 1734 certa
439 1675 469 1733 in
484 1690 537 1749 eo,
558 1690 622 1732 cum
636 1681 771 1752 quattuor
785 1672 918 1733 fibrarum
934 1689 1002 1732 esse
1020 1688 1141 1750 coepe·

125 1759 172 1834 rit,
188 1756 255 1817 faba
269 1775 341 1817 vero
356 1775 413 1818 non
428 1767 579 1836 antequam
595 1758 679 1817 trium
692 1757 836 1817 foliorum.
862 1765 931 1816 tunc
942 1772 1061 1834 quoque
1076 1755 1143 1816 levi

126 1841 241 1902 sarculo
265 1859 392 1920 purgare
418 1844 514 1921 verius
536 1859 620 1920 quarn
645 1841 766 1918 fodere,
794 1840 946 1900 florentem
968 1841 1070 1917 utique
1089 1852 1143 1900 xv

125 1928 223 2005 primis
243 1925 345 1986 diebus
367 1943 424 1985 non
447 1926 599 2003 attingere.
637 1925 776 1986 hordeum
798 1925 852 1984 nisi
875 1925 955 1984 sicco
976 1941 1013 1982 ne
1030 1925 1140 1984 serito.

124 2009 303 2089 putationem
329 2011 512 2088 aequinoctio
540 2020 687 2089 peractam
712 2009 829 2070 habeto.
867 2007 978 2068 Vineae
999 2009 1175 2086 iugerumru

126 2103 283 2172 quaternae
303 2110 413 2172 operae
430 2103 538 2174 putant,
554 2093 682 2172 adligari
695 2095 723 2153 in
737 2094 856 2154 arbusto
871 2092 1001 2170 singulae
1020 2109 1141 2171 operae

82 2187 134 2241 aih
142 2177 264 2238 arbores
281 2191 338 2239 xv.
367 2177 478 2239 Eodem
495 2178 552 2239 hoc
572 2188 703 2258 tempore
726 2178 874 2239 hortorum
894 2177 1141 2256 rosariorumque

83 2259 190 2349 {3322ss
207 2279 275 2322 cura
297 2271 360 2339 est,
384 2281 457 2341 quae
479 2264 634 2342 separatim
659 2265 807 2341 proxumis
832 2261 1026 2323 voluminibus
1053 2261 1140 2322 dice·

125 2357 186 2422 tur,
210 2347 314 2406 eodem
338 2356 367 2407 et
389 2348 503 2426 topiari.
533 2355 591 2406 tum
611 2356 729 2426 optume
751 2346 873 2408 scrobes
895 2347 974 2406 fiunt.
1007 2356 1093 2406 terra
1110 2347 1141 2404 iu

125 2432 248 2491 futurum
271 2430 464 2510 proscinditur
481 2430 622 2508 *Vergilio
643 2449 774 2492 maxume
797 2441 934 2507 auctore,
957 2439 988 2490 ut
1007 2429 1177 2508 glaebasas

126 2517 170 2577 sol
189 2523 303 2594 coquat.
334 2515 432 2575 utilior
447 2516 590 2576 sententia
608 2534 682 2595 quae
696 2517 819 2576 nonnisi
832 2524 1023 2595 temperatum
1038 2515 1142 2576 solum

125 2692 232 2763 cupent
253 2683 379 2760 herbae,
401 2684 504 2761 gracili
521 2685 643 2744 insecuti
664 2693 762 2744 aestus
784 2685 936 2744 exsiccent
958 2701 1140 2763 omnemque

125 2786 224 2828 sucum
252 2770 380 2828 venturis
411 2767 567 2828 seminibus
595 2769 735 2828 auferant.
780 2768 848 2829 talia
871 2778 1006 2829 autumno
1029 2768 1141 2829 melius

81 2853 216 2918 addaram
233 2861 341 2913 certum
361 2862 415 2912 est.
450 2852 490 2932 [3]
528 2849 601 2912 (lato
621 2870 712 2914 verna
734 2870 825 2932 opera
847 2855 889 2914 sic
912 2852 1028 2915 definit:
1050 2868 1177 2914 scre-ec

124 2937 178 2997 bes
207 2937 270 2996 lieri
298 2938 472 3015 seminariis,
499 2937 611 2997 vitiaria
632 2939 806 3017 propagari,
828 2938 856 2996 in
877 2938 951 2998 locis
974 2939 1087 3000 crassis
1108 2945 1142 2998 et

124 3021 226 3082 umidis
244 3021 348 3097 ulmos,
365 3021 449 3097 ficos,
466 3038 569 3100 poma,
586 3021 668 3082 oleas
684 3024 757 3098 seri,
782 3031 864 3100 prata
886 3024 1045 3084 stercorari
1066 3023 1142 3084 luna

124 3108 251 3182 sitiente,
269 3123 344 3184 quae
360 3107 442 3183 rigua
457 3123 514 3165 non
526 3115 619 3181 erunt,
636 3107 735 3167 adata
747 3108 844 3168 favoni
857 3105 985 3183 defendi,
1002 3108 1140 3187 purgari,

123 3190 230 3252 herbas
245 3191 336 3251 malas
352 3189 489 3250 radicitus
502 3191 574 3266 erui,
594 3190 665 3250 licus
678 3191 882 3270 interpnrgari,
902 3193 1056 3252 seminaria
1070 3191 1142 3252 fieri

124 3285 153 3335 et
164 3286 265 3335 vetera
278 3275 389 3350 sarciri,
403 3273 478 3334 haec
489 3283 640 3352 antequam
652 3277 765 3336 vineam
777 3277 880 3337 fodere
895 3276 1027 3355 incipias.
1051 3277 1140 3336 item·
1151 3293 1180 3337 es

123 3378 179 3437 que
194 3362 259 3438 piro
274 3359 398 3418 florente
419 3375 502 3418 arare
524 3359 645 3438 incipias
661 3377 758 3421 macra
779 3361 992 3439 harenosaque.
1029 3369 1143 3441 postea

123 3445 163 3502 uti
183 3461 317 3522 quaeque
340 3442 509 3518 gravissima
532 3451 561 3501 et
581 3446 773 3523 aquosissima
796 3447 835 3507 ita
863 3453 1012 3523 postremo
1039 3453 1139 3505 arato.

81 3523 219 3602 aiahrgo
235 3527 309 3586 haec
323 3526 413 3586 aratio
430 3526 482 3586 has
497 3524 616 3589 habebit
631 3536 727 3605 notas,
744 3530 858 3590 lentisci
874 3529 995 3608 primum
1007 3529 1140 3589 fructum
