2396 3900
149 233 208 294 tot
492 233 522 280 c.
538 231 634 279 11111
650 229 801 280 suenum

146 399 218 462 clins
231 392 338 473 incipit,
355 407 411 449 uec
424 397 483 448 tota
498 405 586 466 seges
598 389 673 447 sicut
684 386 818 446 frumenti
831 387 949 465 pariter.
976 384 1155 462 siliquantur

145 499 217 544 vero
235 479 327 540 omnia
342 472 463 535 diuersis
478 471 580 533 diebus
596 479 625 531 et
639 471 676 530 ah
691 471 747 531 ima
761 472 883 548 primum
897 478 993 548 parte,
1010 467 1155 548 paulatim

104 567 216 634 cohors
237 562 385 624 subeunte.
422 557 462 635 [6]
487 555 641 616 Frumenta
662 573 726 616 cum
746 554 928 630 defloruere,
959 561 1152 614 crassescunt

145 655 371 722 maturanturque
389 659 452 701 cum
468 640 628 719 plurumum
645 639 749 700 diebus
763 639 968 719 quadraginta,
983 640 1056 698 item
1070 636 1150 712 laha,

144 730 322 816 paucissimis
343 728 431 786 cicer.
465 725 495 786 id
518 727 595 786 enim
617 743 634 785 a
654 725 776 784 sementi
799 724 903 785 diehns
923 737 971 783 xa
985 722 1175 800 peruentum

143 818 247 880 milium
264 822 294 896 et
310 811 442 889 panicum
461 818 490 869 et
511 813 618 870 sesima
633 817 663 869 et
678 809 772 868 omnia
792 809 902 868 aestive
914 821 960 868 xm
972 807 1079 866 diebus
1091 822 1150 864 nra·

142 909 268 964 turantur
279 915 295 957 u
306 896 390 970 llere,
403 911 507 972 magna
519 903 617 954 terrae
629 893 765 974 caelique
772 892 944 953 differentia.
972 891 1149 967 inAegppto

143 987 215 1048 euim
229 979 368 1042 hordeum
385 987 469 1038 sexto
485 997 502 1038 a
517 988 706 1054 summense,
723 977 865 1038 frumenta
879 985 1012 1054 septumo
1036 983 1149 1034 metuu-

141 1082 195 1145 tur,
214 1069 241 1126 in
255 1063 378 1124 Hellade
395 1073 527 1141 septumo
543 1062 692 1139 hordeum,
708 1061 954 1140 inPeloponneso
972 1069 1096 1134 octavo,
1117 1066 1150 1117 et

140 1156 280 1216 frumenta
307 1149 459 1208 etiamnum
483 1147 601 1207 tardius.
634 1145 728 1208 Graue
747 1148 776 1205 iu
801 1147 907 1225 stipula
934 1145 1036 1205 crinito
1063 1151 1148 1202 textu
1159 1154 1182 1196 11

140 1239 295 1317 spioantur.
339 1233 368 1290 iu
395 1231 461 1292 faba
486 1231 738 1311 leguminibusque
765 1230 885 1290 alternis
915 1228 1056 1291 lateribus
1086 1226 1148 1287 sili·

140 1327 269 1402 quantur.
307 1313 442 1376 Fortium
458 1325 558 1376 contra
573 1317 685 1376 hiemes
697 1315 849 1392 frumenta,
864 1315 1009 1392 legumina
1024 1313 1053 1370 iu
1068 1311 1148 1371 ciho.

98 1417 130 1472 61
140 1404 180 1485 [7]
217 1401 344 1462 Tunicae
366 1401 509 1460 frumento
530 1401 640 1479 plures.
678 1399 819 1461 hordeum
843 1415 975 1460 maxume
996 1396 1102 1457 nudum
1118 1405 1149 1455 et

138 1488 245 1562 arinca,
263 1484 315 1544 sed
332 1485 491 1564 praecipue
507 1503 609 1545 avena.
642 1485 770 1545 calamus
793 1483 879 1544 altior
898 1483 1042 1544 frumento
1059 1497 1148 1559 quum

137 1571 259 1646 hordeo,
275 1570 363 1631 arista
379 1569 544 1630 mordacior
558 1568 682 1631 hordeo.
709 1572 745 1630 Iu
759 1586 829 1629 area
842 1576 1010 1628 exteruntur
1020 1567 1147 1627 triticum
1158 1579 1181 1622 11

138 1664 167 1716 et
183 1655 269 1731 siligo
286 1663 315 1714 et
330 1653 482 1714 hordeum.
514 1657 558 1714 sic
572 1663 602 1714 et
615 1663 750 1714 seruntur
765 1671 837 1732 pura
851 1653 978 1732 qualiter
989 1649 1146 1724 moluntur,

138 1741 203 1819 quia
218 1747 295 1800 tosta
309 1748 448 1799 nonsuut.
466 1740 609 1800 ediverso
617 1738 672 1814 iar,
685 1738 802 1814 milium,
816 1739 948 1815 panicum
960 1735 1079 1814 purgari
1092 1734 1148 1792 nisi

136 1833 211 1884 tosta
220 1832 419 1901 nonpossuut.
443 1825 541 1902 itaque
550 1823 624 1884 haec
636 1840 699 1882 cum
712 1825 772 1882 suis
784 1821 923 1882 folliculis
936 1829 1070 1880 serantur
1082 1837 1146 1878 cru-

136 1907 181 1968 da.
197 1915 227 1967 et
239 1907 284 1966 far
300 1909 329 1966 iu
342 1907 485 1984 vaginulis
502 1909 563 1966 suis
577 1917 694 1968 servunt
709 1907 745 1966 ad
760 1915 839 1966 satus
854 1914 942 1984 atque
954 1922 1012 1965 uon
1023 1911 1145 1963 torrent.

94 2001 128 2059 62
201 1992 286 2069 (11.)
310 1989 498 2052 Leuissimum
512 2010 551 2051 ex
565 1991 610 2052 his
624 1991 765 2052 hordeum
780 2007 846 2050 raro
863 1988 980 2050 excedit
994 2002 1043 2048 xv
1057 1985 1179 2047 librasse

137 2085 166 2137 et
180 2075 247 2136 faba
267 2087 355 2135 xx11.
392 2074 587 2154 ponderosius
607 2075 653 2136 fer
672 2076 824 2154 magisque
841 2076 993 2135 etiamnum
1010 2073 1145 2132 triticum.
1194 2123 1195 2126 ,

135 2161 180 2221 lar
208 2160 237 2220 in
258 2158 397 2238 Aegypto
420 2179 458 2221 ex
484 2160 567 2236 olyra
590 2160 751 2220 coniicitur.
785 2160 900 2219 tertium
924 2175 1020 2236 genus
1046 2156 1146 2234 spicae

136 2245 192 2306 hoc
207 2243 247 2302 ihi
262 2252 317 2303 est.
350 2242 462 2306 Galliae
476 2261 593 2323 quoque
609 2249 798 2321 suum‘genus
812 2243 898 2304 farris
920 2242 1047 2316 dedere,
1070 2240 1147 2319 quod

135 2329 196 2389 illic
210 2328 328 2388 bracem
342 2338 460 2404 vocant,
476 2329 552 2407 apud
567 2346 621 2389 nos
636 2327 800 2404 sandalum,
815 2327 976 2388 nitidissimi
991 2326 1086 2403 graui.
1118 2333 1147 2384 et

135 2413 192 2474 alia
205 2411 386 2489 differentia,
408 2413 486 2492 quod
503 2413 567 2473 lere
583 2414 732 2491 quaternis
754 2412 835 2472 libris
856 2412 922 2490 plus
946 2411 1043 2472 reddit
1066 2409 1177 2488 panisus

32 2505 37 2516 ·
135 2514 220 2577 quam
235 2496 280 2556 far
295 2497 382 2558 aliud.
412 2498 550 2576 populum
565 2495 723 2557 Romanum
738 2497 816 2556 larue
835 2504 943 2556 tantum
965 2515 983 2555 e
1004 2494 1146 2556 frumento

135 2593 199 2643 000
216 2581 296 2641 annis
314 2600 395 2642 usum
406 2581 527 2640 Verrius
542 2581 637 2641 tradit.

92 2673 127 2730 611
198 2664 281 2744 (12.)
305 2666 347 2746 [1]
373 2665 474 2726 Tritici
487 2683 598 2743 genera
613 2664 708 2743 plura,
724 2683 798 2743 quae
818 2664 920 2725 iecere
941 2674 1059 2742 gentes.
1094 2661 1146 2722 lta·

133 2749 191 2810 lico
207 2749 314 2810 nullum
334 2751 471 2830 equidem
486 2750 706 2828 conparaverim
721 2747 850 2810 caudore
865 2767 901 2809 ac
916 2749 1068 2827 pondere,
1091 2763 1145 2826 quo

132 2851 265 2894 maxume
280 2835 465 2895 discernitur.
494 2837 635 2894 montanis
650 2834 736 2894 modo
753 2842 928 2912 conparetur
942 2833 1046 2894 ltaliae
1069 2831 1176 2908 cgristo

134 2924 301 2996 externum,
320 2921 349 2978 iu
370 2937 428 2999 quo
452 2921 644 2999 principatum
666 2919 756 2977 tenuit
778 2917 919 2993 Boeotia,
945 2918 1012 2978 dein
1036 2915 1145 2990 Sicilia,

131 3016 199 3060 mox
214 3002 326 3064 Africa.
358 3007 472 3065 tertium
494 3004 607 3083 pondus
628 3011 690 3061 erat
708 3001 851 3077 Thracio,
872 3002 975 3076 Syrio,
999 3000 1104 3061 deinde
1119 3007 1147 3058 et

130 3084 291 3164 Aegyptio,
309 3089 482 3150 athletarum
500 3106 565 3148 oum
578 3087 716 3161 decreto,
741 3103 861 3163 quorum
878 3087 1025 3164 capacitas
1040 3088 1144 3146 iumen·

1 3185 26 3297 p
129 3169 166 3226 tis
181 3169 285 3232 similis
302 3192 389 3253 quem
403 3173 526 3234 diximus
546 3170 677 3231 ordinem
698 3169 820 3230 iecerat.
856 3168 980 3230 Graecia
1002 3178 1032 3230 et
1053 3168 1145 3229 Ponti·

86 3257 193 3312 6411111
209 3253 351 3335 laudavit,
371 3257 448 3335 quod
464 3257 494 3315 in
510 3255 620 3316 ltaliam
636 3271 694 3314 non
708 3255 850 3333 pervenit.
885 3271 922 3312 ex
946 3254 1024 3313 omui
1046 3251 1173 3314 eccene

126 3350 241 3409 genere
259 3345 345 3418 grani
352 3341 490 3421 praetulit
508 3339 679 3400 dracontion
698 3347 727 3399 et
743 3339 900 3416 strangiam
922 3346 952 3397 et
970 3337 1143 3400 Selinusium

126 3433 303 3493 argumento
320 3425 495 3487 crassissimi
507 3424 619 3486 calami.
637 3424 734 3501 itaque
749 3424 850 3500 pingui
862 3423 928 3482 solo
944 3423 1021 3482 haec
1036 3437 1143 3500 genera

1 3423 27 3587 1
125 3499 313 3578 adsignahat.
338 3510 517 3570 levissimum
533 3517 564 3568 et
573 3526 705 3568 maxume
716 3509 812 3584 inane,
826 3507 975 3586 speudiau,
988 3505 1143 3566 tenuissimi
