2406 3914
110 236 172 298 252
456 249 487 297 c.
504 247 600 295 rursu
619 247 769 297 suenum

110 404 182 463 suci.
214 421 311 465 amara
326 413 356 464 et
369 403 482 483 aphace
497 412 527 463 et
541 419 616 482 quae
631 403 722 482 picris
737 403 909 477 nominatur,
931 402 1042 481 etipsa
1057 409 1127 461 totu

110 504 185 548 anno
201 487 319 548 florens.
348 504 454 548 nornen
472 487 499 548 ei
514 487 672 548 amaritudo
688 487 825 566 inposuit.

71 582 119 636 loli
181 571 267 650 (66.)
287 571 428 632 Notabilis
449 579 479 632 et
504 570 606 632 scillae
629 572 770 649 crocique
790 579 908 646 natura,
931 570 1033 650 qaod,
1057 587 1129 630 cum

110 673 210 715 omnes
236 655 346 716 herbae
370 654 471 717 iulium
489 656 610 735 primum
626 657 771 729 emittant,
792 671 861 713 mox
886 656 916 715 in
937 654 1055 716 caulem
1077 670 1130 712 ro·

110 738 278 815 tundentur,
302 740 331 799 in
346 740 383 798 iis
397 739 488 800 caulis
512 741 594 818 prior
607 739 787 815 intellegitur
803 755 887 816 pam
901 738 1017 799 folium.
1049 745 1084 798 et
1100 739 1153 801 ine

111 839 201 883 croco
216 824 333 902 quidem
350 822 407 883 lios
422 823 572 902 inpellitur
584 823 685 897 caule,
705 824 735 882 in
748 822 834 882 scilla
848 841 922 883 vero
938 823 1036 883 caulis
1053 823 1132 898 exit,

68 906 250 969 meardeindc
272 925 310 968 ex
332 923 369 967 eo
393 907 448 968 lios
475 909 607 985 emergit.
637 906 797 986 eademque
818 915 864 968 ter
885 907 987 986 lloret,
1005 916 1038 968 ut
1052 906 1132 966 dixi·

111 1011 188 1068 mus‚
217 991 271 1051 tria
286 1001 419 1070 tempora
433 994 593 1052 arationum
608 990 777 1052 ostendens.
1201 997 1202 1002 ’

71 1085 119 1141 tol
183 1075 266 1153 (67.)
288 1074 445 1136 Bulborum
462 1077 564 1154 generi
576 1075 690 1154 quidam
702 1075 889 1136 adnumerant
901 1085 932 1136 et
946 1075 1055 1155 cyphi,
1069 1074 1134 1135 hoc

111 1169 157 1220 est
170 1159 307 1236 gladioli,
333 1159 470 1220 radicem.
500 1160 595 1221 dulcis
616 1178 652 1220 ea
667 1169 713 1219 εει
732 1169 762 1221 ει
778 1178 853 1239 quae
870 1160 999 1222 decocta
1019 1176 1167 1239 panemo

111 1245 196 1304 etiam
211 1246 368 1320 gratiorem
382 1244 470 1304 iaciat
484 1244 786 1324 ponderosioremque
801 1244 885 1306 simul
899 1245 1034 1306 subacta.
1057 1243 1090 1303 N
1092 1261 1134 1304 on
1201 1273 1202 1278 .

111 1327 259 1389 dissimilis
275 1335 320 1388 est
336 1337 365 1387 et
380 1345 455 1408 quae
471 1328 594 1389 thesium
611 1337 752 1404 vocatur,
771 1338 858 1407 gustu
874 1347 993 1409 aspera.

70 1423 120 1477 108
182 1411 266 1491 (68.)
288 1408 414 1472 Ceterae
436 1413 566 1474 eiusdem
586 1412 705 1489 generis
727 1412 800 1474 iolio
827 1413 981 1474 differunt:
1015 1413 1132 1492 aspho-
1201 1437 1202 1478 1

112 1495 195 1556 delus
216 1496 375 1574 oblongum
397 1507 425 1558 et
445 1506 598 1575 angustum
619 1496 724 1572 habet,
746 1497 830 1558 scilla
855 1498 942 1559 latum
968 1507 998 1559 et
1017 1507 1132 1558 tracta-

111 1581 184 1657 bile,
209 1580 475 1657 gladiolussirnile
500 1582 615 1640 nomini.
647 1580 836 1658 Asphodelus
859 1582 1002 1644 manditur
1024 1591 1055 1642 et
1081 1595 1166 1641 εε-ιι

112 1666 188 1724 mine
202 1673 280 1724 tosto
298 1674 327 1724 et
349 1665 456 1740 bulbo,
480 1665 534 1726 sed
558 1665 616 1726 hoc
633 1667 663 1724 in
679 1666 779 1724 cinere
795 1675 889 1744 tosto,
919 1666 986 1727 dein
1006 1666 1074 1728 sale
1103 1675 1135 1725 et

111 1749 179 1808 oleo
195 1748 311 1825 addito,
338 1759 493 1827 praeterea
508 1758 591 1809 tunso
607 1767 670 1809 cum
688 1748 762 1824 licis,
785 1751 943 1829 praecipua
960 1750 1132 1830 voluptate,

111 1842 141 1891 ut
159 1831 272 1892 videtur
296 1831 436 1893 llesiodo.
470 1833 584 1894 tradunt
606 1841 723 1894 stante
745 1843 845 1911 portas
871 1834 1007 1895 villarum
1032 1844 1133 1896 satum

71 1925 120 1979 109
132 1915 260 1975 remedio
281 1934 349 1976 csse
373 1924 474 1977 contra
496 1917 702 1978 veneficiorum
717 1918 841 1979 noxiam.
872 1917 1031 1998 asphodeli
1045 1937 1131 1978 men·

111 2000 219 2058 tionem
246 2009 275 2059 ει
298 1999 440 2060 Homerus
462 2000 542 2061 lecit.
573 2001 656 2061 radix
678 2002 742 2061 eius
763 2003 847 2080 napis
873 2002 996 2063 modicis
1021 2002 1163 2064 similtsc

113 2091 173 2156 est,
208 2099 303 2160 neque
331 2083 386 2142 alia
415 2086 599 2145 numerosior
625 2098 722 2146 cxxx
747 2086 832 2146 simul
856 2087 1004 2147 acervatis
1033 2104 1131 2164 saepe

111 2164 217 2224 bulbis.
251 2165 471 2244 Theophrastus
493 2177 522 2228 et
539 2167 604 2229 iere
629 2167 734 2230 Graeci
755 2171 954 2249 princepsque
975 2169 1131 2248 Pythago·
1201 2227 1202 2248 ἶ

111 2267 158 2308 ras
177 2249 290 2309 caulem
313 2251 376 2309 eius
397 2251 550 2313 cubitalem
569 2263 598 2314 ct
622 2271 713 2331 saepe
730 2251 815 2312 duum
840 2254 1018 2332 cubitorum,
1045 2253 1131 2313 foliis

112 2335 192 2411 porri
209 2333 370 2410 silvestris,
397 2337 575 2396 anthericum
596 2354 759 2413 vocavere,
783 2337 910 2398 radicem
926 2355 1012 2415 vero,
1037 2338 1066 2398 id
1083 2346 1132 2400 εει
1201 2395 1202 2398 ,

112 2416 233 2492 bulbos,
255 2417 456 2495 asphodelum.
491 2421 582 2480 nostri
603 2419 674 2480 illud
690 2420 824 2481 albucum
845 2431 952 2482 vocant
970 2431 1000 2481 et
1016 2421 1162 2501 aspha-u
1199 2427 1201 2472 ἒ

111 2499 208 2561 delum
229 2500 371 2562 hastulam
393 2505 521 2580 regiam,
546 2503 636 2564 caulis
661 2505 787 2583 acinosi,
808 2523 843 2565 ac
865 2506 921 2566 duo
945 2524 1060 2584 genere
1086 2506 1130 2567 fa·
1200 2509 1201 2512 ’

70 2586 218 2648 llociunt.
251 2584 367 2647 Albuco
388 2603 496 2665 scapus
512 2587 660 2665 cubitalis,
682 2588 810 2666 amplus,
839 2608 947 2668 purus,
970 2591 1067 2666 levis,
1092 2590 1130 2651 de

112 2686 169 2747 quo
195 2667 281 2747 blago
307 2673 452 2750 praecipit
478 2673 556 2732 exitu
581 2674 689 2732 mensis
717 2671 813 2733 blartii
840 2683 870 2734 et
894 2675 977 2735 initio
1001 2673 1129 2753 Aprilis,

112 2752 337 2832 condoluerit,
366 2755 492 2817 nondum
510 2757 619 2815 semine
636 2757 698 2815 eius
721 2758 952 2836 intumescente,
975 2759 1129 2819 demeten·
1199 2751 1201 2754 ’

111 2835 176 2895 dum
192 2835 400 2918 findendosque
426 2857 533 2919 scapos
558 2849 588 2899 ct
604 2849 707 2919 quarto
732 2840 778 2900 die
800 2841 828 2900 in
851 2843 945 2903 solem
967 2841 1161 2922 panieron-at

72 2929 118 2980 tlt
131 2918 200 2994 dos,
222 2920 260 2979 ita
287 2923 388 2984 siccati
414 2924 576 3003 manipulos
596 2923 757 2985 iaciendos.
788 2923 868 2987 Idem
889 2927 1035 3006 pistananr
1057 2927 1130 2986 dicit

68 3003 70 3008 ’
111 3021 127 3062 a
144 2999 264 3062 Graecis
277 3009 379 3066 vocari
393 3026 477 3087 quarn
493 3011 568 3068 inter
584 3009 666 3069 ulvas
681 3011 814 3087 sagittam
830 3010 1025 3090 appellamus.
1050 3011 1129 3071 hanc

111 3086 147 3146 ab
161 3085 256 3146 idibus
278 3086 361 3149 blaiis
384 3110 478 3171 usque
498 3094 526 3152 in
544 3093 629 3152 linem
652 3089 788 3154 Octobris
811 3095 919 3154 mensis
944 3094 1128 3174 decorticari

111 3181 197 3249 atque
223 3169 281 3231 leui
308 3173 372 3234 sole
398 3177 502 3237 siccari
525 3176 620 3252 iubet,
654 3177 730 3238 idern
755 3186 785 3236 et
811 3177 970 3256 gladiolum
1000 3179 1128 3238 alterum

112 3272 198 3334 quem
219 3256 340 3334 cypiron
359 3270 465 3320 vocant
481 3269 511 3321 et
525 3263 618 3340 ipsum
640 3261 814 3340 palustrem,
840 3262 914 3324 lulio
936 3280 1040 3322 mense
1060 3271 1159 3323 totoue
1198 3297 1200 3306 ι

112 3339 207 3398 secari
223 3338 303 3398 iubet
323 3342 359 3401 ad
375 3343 503 3405 radicem
518 3347 667 3424 tertioque
686 3345 732 3406 die
753 3346 782 3407 in
796 3346 862 3406 sole
876 3347 1003 3423 siccari,
1028 3347 1127 3407 donec

113 3421 325 3498 candidusliat,
340 3426 447 3487 cotidie
465 3437 559 3489 autem
575 3438 641 3490 ante
657 3429 751 3490 solem
767 3430 951 3491 occidentem
969 3432 1125 3491 intectum

111 3503 233 3580 referri,
252 3507 386 3582 quoniam
400 3510 578 3588 palustribus
590 3513 718 3574 desectis
733 3515 866 3576 nocturni
880 3532 967 3576 rores
985 3523 1125 3576 noceant.
1198 3543 1199 3546 ¹
