2396 3900
162 201 221 263 124
498 211 528 260 c.
549 212 645 259 unrrvr
663 211 813 260 suevum

157 367 301 429 inventurn
317 376 371 427 est.
409 365 517 444 Purget
536 383 684 426 vomerem
707 364 828 425 subinde
843 364 973 424 stimulus
989 363 1174 443 cuspidatus

157 452 242 513 rallo.
276 468 391 512 scamna
406 452 481 510 inter
495 450 568 510 duos
586 449 685 510 sulcos
701 449 788 510 cruda
802 466 839 508 ue
852 449 1064 526 relinquantur,
1082 447 1173 524 glae-

157 537 213 598 bae
243 553 280 595 ne
303 536 459 596 exsultent.
499 532 576 595 blale
594 543 690 594 aratur
706 551 806 594 arvom
832 533 909 611 quod
931 534 1000 593 satis
1027 533 1175 610 frugibus

157 621 316 682 occandum
331 628 385 679 est.
415 619 444 680 id
463 619 574 678 demum
589 627 671 678 recte
690 618 839 678 subactum
854 619 908 678 erit
925 616 974 677 ubi
995 634 1055 676 non
1080 617 1173 677 intel·

157 707 272 783 legetur
287 713 352 764 utro
368 720 470 763 vomer
484 703 558 762 ierit.
585 701 617 763 ln
632 720 685 761 usn
701 711 747 762 est
762 712 790 762 et
806 701 944 762 coniicias
957 705 1173 780 interponere,
1195 730 1198 737 2

157 791 181 850 si
207 789 246 849 ita
264 789 347 849 locus
369 795 488 868 poscat,
510 786 651 866 ampliore
674 786 773 863 sulco,
797 803 871 865 quae
888 789 916 846 in
938 787 1035 846 lossas
1058 803 1174 864 aquarn

157 873 290 934 educant.

115 969 166 1023 180
228 957 279 1020 20.
305 957 345 1036 [3]
363 955 503 1016 hratione
530 973 585 1034 per
609 965 770 1014 traversum
796 954 899 1014 iterata
926 955 1042 1014 occatio
1065 956 1173 1032 sequi-

156 1051 217 1118 tur,
237 1041 286 1101 ubi
301 1058 350 1099 res
367 1042 473 1119 poscit,
491 1048 570 1100 crate
586 1038 634 1098 vel
648 1046 757 1112 rastro,
782 1047 811 1097 et
827 1047 891 1098 sato
906 1039 1018 1098 semine
1032 1039 1173 1115 iteratio,

156 1126 230 1186 haec
250 1142 367 1205 quoque
381 1122 431 1183 nbi
452 1123 632 1183 consuetudo
657 1123 780 1200 patitur,
804 1129 884 1182 crate
901 1130 1038 1184 contenta
1053 1122 1111 1183 vel
1127 1132 1173 1183 ta·

157 1207 224 1270 bula
239 1218 335 1270 aratro
349 1209 461 1268 adnexa
472 1243 515 1252 --
527 1207 718 1286 quodvocant
731 1204 1026 1284 lirare-operiente
1039 1207 1173 1284 semina,

116 1304 165 1357 181
178 1291 254 1354 unde
284 1295 404 1372 primum
429 1291 578 1371 appellata
604 1290 738 1350 deliratio
763 1299 818 1350 est.
860 1289 970 1364 Quarto
992 1291 1053 1350 seri
1081 1291 1173 1352 sulco

155 1375 304 1454 Vergilius
333 1377 511 1436 existimatur
529 1375 678 1450 voluisse,
703 1393 765 1435 cum
780 1375 852 1434 dixit
867 1383 1012 1454 optumam
1028 1393 1105 1435 esse
1124 1392 1173 1436 se·

157 1471 255 1539 getam
270 1479 345 1540 quae
362 1461 406 1520 bis
423 1459 521 1537 soles,
541 1461 585 1520 bis
601 1460 712 1536 frigora
729 1461 880 1520 sensisset.
918 1459 1042 1538 spissius
1055 1460 1172 1537 solnm,

158 1547 232 1605 sicut
254 1545 425 1625 plerumque
439 1545 468 1604 in
487 1543 584 1620 ltalia,
607 1545 705 1622 quinto
726 1543 808 1604 sulco
829 1545 887 1604 seri
912 1544 1016 1605 melius
1038 1550 1107 1621 est,
1143 1547 1173 1604 in
1196 1623 1197 1626 Ἴ

157 1629 261 1690 l'uscis
275 1648 347 1690 vero
368 1646 455 1689 nono.
484 1639 512 1690 at
526 1627 621 1688 labam
637 1637 667 1687 et
683 1629 786 1688 viciam
802 1646 860 1688 non
883 1629 1038 1708 proscisso
1060 1645 1173 1689 serere
1195 1686 1196 1689 ,

116 1715 239 1778 18ιεῑηε
262 1715 364 1776 damno
391 1714 582 1793 conpendium
609 1729 718 1790 operae
745 1721 799 1772 est.
844 1713 884 1792 [4]
907 1711 973 1772 Non
996 1712 1174 1774 omittemus

156 1817 239 1859 unam
255 1800 407 1859 etiamnum
430 1798 528 1859 arandi
543 1798 682 1858 rationem
703 1799 731 1855 in
756 1797 947 1876 transpadana
965 1796 1052 1858 ltalia
1070 1796 1172 1858 bello-

157 1902 219 1942 rum
234 1885 335 1942 iniuria
353 1884 558 1959 excogitatam.
594 1881 705 1941 Salassi
722 1897 785 1940 cum
806 1880 954 1940 subiectos
970 1880 1104 1960 Alpibus
1120 1882 1172 1942 de·

157 1967 366 2045 popularentur
395 1983 500 2042 agros,
535 1967 667 2044 panicum
697 1965 863 2045 miliumque
894 1967 950 2026 iam
979 1983 1172 2026 excrescens

157 2058 347 2128 temptavere.
376 2058 531 2129 postquam
546 2047 705 2128 respuebat
719 2057 835 2126 natura,
859 2049 1014 2110 inararnnt.
1045 2057 1077 2110 at
1100 2051 1190 2112 illae

156 2151 269 2193 messes
288 2133 495 2212 multiplicatae
517 2134 645 2194 docuere
664 2134 743 2212 quod
765 2152 841 2194 nuruc
857 2141 964 2194 vocant
978 2142 1119 2211 artrare,
1142 2135 1173 2196 id
1196 2175 1197 2212 3

158 2225 204 2278 est
224 2225 367 2294 aratrare,
396 2227 426 2276 ut
448 2218 537 2277 credo
560 2226 627 2277 tunc
649 2217 763 2277 dictum.
802 2219 860 2280 hoc
882 2218 914 2278 lit
934 2219 984 2278 vel
1001 2219 1171 2298 incipiente
1196 2215 1197 2228 ³

115 2310 166 2366 183
179 2300 286 2378 culmo,
295 2320 358 2362 cum
369 2303 424 2362 ism
436 2302 460 2360 is
475 2301 511 2362 ad
528 2302 594 2362 bina
608 2312 728 2374 ternave
742 2304 871 2363 emiserit
882 2303 962 2364 lolia.
979 2301 1046 2362 Nec
1056 2322 1172 2365 reeens

157 2385 359 2447 subtrahemus
378 2385 542 2465 exemplum
562 2387 592 2445 in
613 2385 773 2446 Treuerico
798 2405 869 2465 agro
886 2388 973 2446 tertio
995 2396 1067 2447 ante
1092 2387 1172 2448 hunc

157 2489 259 2532 annum
274 2479 453 2555 conpertum.
485 2487 550 2530 narn
566 2487 629 2530 cunr
644 2469 740 2530 hieme
753 2470 925 2551 praegelida
948 2479 1055 2549 captae
1079 2491 1172 2550 sege·

155 2565 200 2616 tes
217 2565 332 2632 essent,
356 2563 528 2616 reseverunt
552 2556 638 2614 etiam
664 2569 784 2633 campos
807 2573 908 2616 mense
929 2553 1034 2615 hlartio
1051 2555 1171 2616 uberri-
1196 2571 1197 2574 ’

154 2657 275 2718 masque
297 2640 400 2700 messis
414 2639 583 2699 habuerunt.
610 2637 693 2698 Nunc
708 2641 821 2720 reliqua
839 2640 950 2700 cultura
961 2638 1101 2700 tradetur
1116 2659 1172 2720 per

155 2743 265 2801 genera
285 2724 407 2801 frugum.
1140 2789 1150 2796 ,

115 2815 165 2870 184
228 2808 278 2867 21.
297 2808 380 2888 (50.)
396 2809 562 2885 Siliginem,
583 2808 638 2882 lar,
659 2806 795 2883 triticum,
818 2823 929 2884 semen,
948 2807 1100 2870 hordeum
1119 2825 1187 2873 oc-.

157 2899 232 2964 cato,
248 2893 348 2968 sarito,
363 2901 483 2952 runcato
498 2892 600 2970 quibus
615 2891 721 2951 dictum
733 2893 788 2950 erit
803 2891 915 2951 diebus.
938 2892 1079 2970 singulae
1096 2899 1169 2974 ope·
1189 2963 1193 2971 Ι

155 2992 206 3034 rae
222 2976 326 3053 cuique
342 2977 444 3052 generi
464 2978 493 3035 in
507 2979 609 3052 iugero
630 2973 784 3035 sullicient.
817 2975 980 3036 sarculatio
1000 2977 1170 3038 induratam

154 3059 275 3118 hiberno
294 3060 391 3136 rigore
408 3060 464 3120 soli
480 3060 623 3120 tristitiam
638 3059 717 3119 laxat
741 3059 921 3138 temporibus
935 3061 1037 3120 vernis
1054 3079 1169 3123 novos-

155 3160 211 3222 que
241 3143 321 3204 soles
349 3145 478 3204 admittit.
519 3145 567 3222 qui
596 3144 685 3203 sariet
705 3153 808 3204 caveat
828 3162 865 3204 ne
887 3143 1023 3204 lrumeuti
1044 3146 1168 3206 radices

155 3226 309 3289 subfodiat.
342 3229 478 3304 triticum,
502 3246 618 3305 semen,
641 3227 799 3304 hordeum,
821 3228 917 3288 labam
931 3227 976 3288 bis
989 3230 1089 3290 sarire
1108 3249 1169 3290 me·

113 3323 162 3376 185
173 3312 239 3375 lius.
270 3311 430 3388 humatio,
453 3329 516 3371 cum
539 3331 628 3390 seges
653 3313 682 3371 iu
703 3313 825 3372 articulo
844 3329 912 3372 esse
928 3313 1047 3392 incipit,
1070 3315 1169 3375 volsis

154 3393 424 3471 inutilibus'herbis,
447 3396 561 3473 frugum
576 3397 691 3457 radices
702 3397 829 3456 vindieat
845 3404 1038 3476 segetemque
1051 3397 1167 3458 discer-

154 3480 226 3538 nita
248 3481 389 3558 caespite.
419 3478 603 3556 Leguminum
626 3482 706 3540 cicer
726 3480 828 3540 eadem
844 3498 919 3560 quae
940 3482 985 3541 lar
1001 3481 1166 3544 desiderat.
