2458 3906
296 238 378 284 nnn.
394 237 485 286 assu.
502 237 601 285 xvrrr.
617 233 740 289 ,ιι-35
758 225 910 304 (ιι-79.)
1069 229 1125 290 151

95 401 204 467 ιιιιιιι,
233 393 334 470 paucis
350 409 417 452 mox
434 392 514 452 boris
537 408 626 460 saevo
639 390 740 470 imbr'e
757 393 963 456 vaticinatione
980 395 1088 474 edpro·

95 476 158 536 bata.
187 477 255 553 quin
277 477 364 535 immo
383 486 412 536 et
426 465 612 537 harundinem
636 492 694 535 non
716 476 770 536 nisi
794 477 970 556 inpendente
989 479 1087 558 pluvie

96 579 143 620 serr
136 559 255 620 iubent
273 568 302 619 et
319 560 419 638 fruges
440 562 607 621 insecuturo
629 559 731 620 imbre.
762 561 950 638 quamobrem
968 572 998 623 et
1013 563 1087 626 bueo

94 644 208 704 breviter
223 645 406 722 attingimus,
424 645 542 706 scrutati
557 662 690 705 maxume
705 645 889 723 pertinentia,
907 648 1088 726 primumque

77 729 177 788 casole
202 730 354 806 capiemus
379 730 545 808 praesagia.
584 728 675 789 Purus
699 731 797 790 oriens
816 739 903 809 atque
926 747 983 794 non
1008 731 1129 796 ier-342

93 831 151 872 rens
166 829 303 872 serenum
317 813 394 874 diem
409 815 534 889 nuntiat,
559 821 588 873 at
603 812 752 875 hibernam
766 813 892 892 pallidus
907 815 1086 893 grandinem.

92 899 111 956 si
126 906 151 957 et
165 897 276 958 oceidit
291 897 386 976 pridie
400 915 523 958 serenus
536 907 565 956 et
578 898 680 973 oritur,
695 906 774 958 tento
791 899 900 960 certior
917 898 990 960 tides
1005 917 1086 960 sere·

91 982 180 1041 nitatis.
215 998 367 1042 concavos
382 984 481 1042 oriens
499 980 612 1060 pluvias
629 982 782 1061 praedicit,
798 981 875 1044 idem
890 991 1006 1058 ventos,
1022 1001 1087 1044 cnm

91 1074 145 1126 ente
160 1068 344 1126 exorientem
360 1083 425 1126 eum
439 1066 531 1126 nubes
547 1065 721 1142 rubescunt,
746 1065 823 1145 quod
841 1067 866 1126 si
880 1076 909 1126 et
923 1068 1024 1144 nigrae
1039 1085 1086 1128 ru·

67 1150 213 1210 utentibus
228 1151 440 1212 intervenerint
454 1161 484 1210 et
498 1151 620 1229 pluvias.
667 1169 731 1210 nnn
748 1150 909 1212 occidentis
926 1160 974 1212 ent
990 1152 1085 1212 orien-

91 1235 120 1294 tis
132 1234 200 1296 radii
215 1235 351 1296 videntur
366 1237 464 1309 coire,
493 1235 615 1314 pluvias.
650 1235 674 1295 si
692 1235 770 1296 circa
787 1234 969 1298 occidentem
984 1234 1129 1298 rebe-343

91 1328 161 1379 scant
174 1319 288 1395 nubes,
319 1321 505 1380 serenitatem
526 1318 614 1380 interi
630 1318 688 1380 diei
709 1318 863 1398 spondent.
897 1320 964 1381 siin
981 1329 1085 1380 exortu

91 1414 254 1482 spargentur
279 1405 383 1484 partim
403 1405 438 1465 ad
465 1413 591 1464 austrum
613 1404 716 1482 partim
742 1402 778 1465 ad
804 1403 985 1481 aquilonem,
1012 1422 1087 1484 pura

91 1491 154 1548 circe
174 1505 241 1548 enm
258 1490 404 1548 serenitas
419 1491 457 1548 sit
471 1489 550 1564 licet,
567 1488 693 1566 pluviem
708 1496 804 1548 tamen
818 1496 981 1566 ventosque
997 1490 1085 1567 signi-

65 1572 273 1634 retuterunt
294 1574 323 1632 in
346 1582 408 1632 ortu
431 1582 479 1633 ant
499 1573 529 1632 in
544 1589 654 1632 occasu
676 1573 816 1632 contracti
833 1581 988 1633 cernentur
1001 1572 1084 1642 radii,

88 1655 206 1717 imbrem.
241 1658 267 1716 si
291 1658 319 1716 in
335 1673 442 1717 occaso
464 1658 525 1716 eine
547 1656 631 1736 pluet
649 1665 697 1717 aut
717 1656 790 1716 redii
809 1655 942 1716 nubem
933 1674 962 1715 ιιι
978 1675 1011 1717 se
1028 1665 1085 1718 tra·

88 1741 154 1816 lent,
179 1759 319 1824 asperam
333 1743 362 1800 in
376 1759 546 1819 proxumum
562 1740 637 1800 diem
651 1749 854 1819 tempestatem
872 1739 1083 1839 significabunt

88 1841 141 1884 cnm
157 1827 273 1886 oriente
292 1825 364 1886 radii
379 1842 435 1884 non
451 1824 587 1885 inlustres
603 1823 777 1901 eminebant,
798 1825 928 1903 quamvis
945 1825 1064 1885 circnm-
1054 1833 1129 1890 -344

88 1909 159 1969 datae
175 1905 272 1970 nubes
289 1926 347 1969 non
367 1910 425 1968 sint
432 1908 587 1988 ,pluviam
610 1908 793 1988 portendent
824 1910 850 1968 si
871 1918 936 1974 ante
953 1918 1085 1970 exortum

62 1991 169 2054 ennbes
191 1993 408 2072 globabuntur,
436 1994 559 2054 hiemem
586 2009 720 2071 asperum
745 1993 959 2056 denuntiabunt.
996 1994 1020 2053 si
1048 1991 1084 2054 ab

89 2086 143 2137 ortu
156 2078 342 2156 repellentur
358 2087 387 2136 et
408 2078 443 2138 ad
461 2095 597 2138 occasum
613 2076 748 2153 ebibunt,
769 2078 964 2138 serenitatem.
993 2079 1018 2138 si
1034 2095 1084 2137 nn·

88 2160 132 2220 bes
149 2162 246 2222 solem
269 2161 513 2238 circumcludent,
545 2170 651 2260 quanto
673 2162 766 2222 minus
786 2161 898 2222 luminis
920 2162 1086 2241 relinquent

87 2253 156 2304 tanto
177 2245 324 2307 turbidior
343 2255 504 2324 tempestas
524 2247 595 2322 erit,
623 2247 742 2306 sivero
764 2246 849 2306 etiam
877 2245 987 2325 duplex
1004 2245 1085 2308 orbis

22 2365 24 2400 ,
87 2329 174 2404 luerit,
202 2346 241 2389 eo
257 2332 394 2392 atrocior.
425 2328 548 2409 quodsi
559 2333 588 2389 in
604 2339 708 2390 exortu
723 2330 793 2390 aut
785 2348 813 2388 ιιι
828 2341 937 2390 occasu
953 2329 1014 2404 liet,
1029 2331 1130 2394 itnetu

22 2401 112 2480 ιιιιι
126 2414 286 2475 rubescant
306 2416 416 2490 nubes,
444 2431 575 2474 maxuma
596 2414 767 2475 ostendetur
786 2423 956 2492 tempestas.
985 2415 1010 2473 si
1028 2429 1085 2472 non

22 2521 24 2568 ι
87 2498 227 2559 ambibunt
242 2499 296 2560 sed
320 2498 501 2573 incumbent,
531 2515 753 2576 aquocnmque
760 2507 862 2558 vento
888 2498 995 2559 inerint
1020 2515 1127 2558 eum

22 2583 23 2588 ’
86 2584 274 2659 portendunt,
298 2586 323 2643 si
349 2601 365 2644 a
391 2544 530 2658 meridi’e,
560 2591 590 2642 et
614 2583 745 2643 imbrem.
783 2583 808 2642 si
834 2583 931 2642 oriens
955 2582 1085 2659 cingetur

86 2666 167 2743 orbe,
192 2687 232 2728 ex
248 2685 305 2746 qua
321 2669 443 2747 parteis
458 2685 492 2726 se
508 2667 600 2746 aperit
615 2675 806 2745 exspectetur
820 2674 932 2726 ventus.
964 2666 989 2725 si
1006 2673 1083 2726 totns

87 2750 234 2812 deduxerit
251 2752 423 2830 aequaliter,
446 2751 632 2811 serenitatem
647 2751 735 2812 dubit.
764 2751 787 2810 si
803 2750 831 2809 in
851 2759 955 2810 exortu
975 2750 1129 2826 longeest

61 2835 177 2896 aradios
208 2853 263 2914 per
291 2835 374 2895 nubis
401 2838 534 2915 porriget
562 2844 592 2895 et
613 2835 725 2896 medius
751 2835 808 2894 erit
826 2835 931 2910 inanis,
958 2835 1084 2914 pluviam

87 2919 266 2996 significabit.
297 2920 322 2978 si
338 2929 403 2980 ante
422 2928 515 2979 ortum
532 2919 604 2980 radii
619 2937 652 2980 se
669 2918 834 2994 ostendent,
850 2935 953 2997 equam
970 2927 999 2980 et
1014 2935 1083 2978 ven·

87 3010 148 3064 tum.
183 3005 210 3063 si
226 3004 305 3064 circa
321 3004 504 3064 occidentem
526 3004 666 3065 candidus
686 3003 812 3064 circulus
831 3005 902 3080 erit,
927 3004 1022 3064 noctis
1042 3000 1083 3062 le·

86 3105 145 3147 rem
159 3097 382 3168 tempestatem,
406 3090 431 3148 si
450 3087 574 3164 nebula,
600 3086 866 3165 vehementiorem,
893 3088 918 3148 si
942 3087 1084 3148 candente
1192 3147 1194 3158 ,

87 3172 162 3249 sole,
186 3181 320 3249 ventum,
344 3173 369 3231 si
384 3181 447 3233 ater
462 3172 588 3233 circulus
605 3172 707 3248 inerit,
736 3190 774 3232 ex
789 3190 845 3250 qua
859 3173 982 3249 regione
997 3171 1022 3230 is
1038 3187 1084 3230 ru·
1191 3171 1194 3232 l

58 3257 157 3334 caperit
173 3275 206 3317 se
220 3266 338 3317 ventum
353 3275 495 3334 magnum.

121 3343 228 3422 ,(79.)
244 3341 387 3402 Proxuma
403 3344 459 3400 sint
474 3343 536 3401 inre
551 3341 637 3401 lunae
653 3343 816 3420 praesagia.
847 3339 984 3413 Quartam
999 3354 1063 3397 eam
1075 3342 1129 3400 347
1189 3319 1192 3380 ἕ

87 3441 211 3487 maxume
227 3426 367 3489 observet
383 3425 546 3505 Aegyptus.
570 3426 594 3484 si
609 3425 765 3504 splendens
782 3433 883 3488 exorta
899 3439 972 3502 puro
989 3422 1085 3482 nitore
1188 3447 1191 3484 ι

87 3507 175 3587 lulsit,
196 3511 401 3587 serenitatem,
430 3511 455 3570 si
470 3509 645 3586 rubicunda,
668 3518 788 3584 ventos,
808 3510 832 3568 si
848 3509 947 3586 nigra,
971 3505 1084 3586 pluvias

1189 3387 1191 3442 ι

1187 3487 1190 3566 l
