2406 3914
109 231 171 292 242
459 239 490 288 o.
506 237 603 286 rnrnr
619 237 770 286 suonner

110 396 237 458 sertulae
253 393 331 475 quod
348 394 512 473 occupavit.
542 393 616 454 odor
632 401 677 453 est
691 408 780 453 croco
797 391 910 451 vicinus
927 399 957 451 et
970 389 1039 466 llos,
1054 387 1121 468 ipsa

110 499 190 542 cana.
226 479 325 558 placet
338 495 469 538 maxume
484 476 564 537 foliis
578 477 759 537 brevissimis
776 484 865 554 atque
880 474 1090 554 pinguissimis.
1138 519 1141 522 .

66 577 101 632 54
176 563 260 641 (30.)
282 560 365 622 llolio
381 570 502 624 coronat
514 570 543 622 et
558 561 707 622 trifolium.
733 563 787 622 tria
802 561 865 620 eius
880 575 1007 636 genera:
1027 557 1121 632 miny-

109 649 210 710 anthes
236 654 342 707 vocant
370 645 491 722 Graeci,
518 645 567 708 alii
595 645 774 725 asphaltion,
801 644 912 707 maiore
933 643 1024 717 folio,
1060 654 1121 720 quo

107 741 223 792 utuntur
250 731 410 806 coronarii,
435 729 557 790 alterum
574 739 658 792 acuto
684 727 914 807 oxytriphyllon.
945 727 1064 787 tertium
1081 742 1144 784 exn

109 815 241 877 omnibus
260 815 486 874 minutissimum.
518 815 593 874 inter
613 814 687 874 haec
701 814 820 874 nervosi
840 810 976 874 cauliculi
1000 808 1122 890 quibus-

66 914 100 965 55
112 902 186 976 dam,
210 908 240 959 ut
255 898 400 974 maratho,
427 898 659 977 hippomaratho,
677 898 855 976 myophono.
885 895 1010 958 Utuntur
1026 901 1057 952 et
1075 893 1122 952 le·

109 984 180 1044 rulis
206 992 235 1043 et
263 982 411 1058 corymbis
434 983 563 1043 hederae
588 982 662 1042 ilore
688 999 836 1062 purpureo
866 991 895 1041 et
921 980 980 1041 alio
1005 993 1124 1055 genere

110 1084 208 1128 earum
226 1066 409 1127 silvestribus
424 1068 499 1126 rosis
515 1066 610 1127 simili.
644 1067 740 1128 sedin
755 1067 799 1127 his
815 1083 933 1147 quoque
956 1063 1042 1123 colos
1058 1069 1124 1121 tan·

108 1163 166 1213 tum
182 1151 319 1230 delectat,
335 1151 409 1212 odor
425 1159 519 1211 autem
534 1149 627 1210 abest.
658 1151 697 1213 Et
713 1152 813 1212 cneori
829 1151 886 1212 duo
902 1165 1027 1226 genera,
1042 1145 1161 1222 nigrim

109 1245 196 1314 atque
214 1234 335 1295 candidi.
367 1234 424 1294 boc
441 1243 470 1294 et
485 1233 653 1311 odoratum,
674 1252 791 1296 ramosa
805 1235 898 1296 ambo.
927 1233 1036 1293 florent
1051 1238 1125 1308 post

109 1319 321 1398 aequinoctium
345 1327 517 1380 autumnum.
550 1321 598 1383 10.
620 1317 751 1380 Totidem
766 1329 796 1380 et
816 1318 929 1398 origani
943 1318 972 1376 in
994 1330 1124 1376 corona-

109 1405 211 1466 mentis
226 1403 361 1481 species,
382 1402 501 1464 alterius
520 1404 595 1464 enim
609 1404 716 1464 nullum
733 1422 850 1478 semen,
870 1401 899 1463 id
917 1402 963 1462 cui
978 1399 1056 1460 odor
1075 1405 1126 1456 est

110 1485 255 1547 Creticum
267 1496 398 1546 vocatur.

68 1581 102 1636 56
146 1637 152 1652 ,
179 1569 261 1653 (31.)
285 1569 418 1631 Totidem
434 1580 463 1630 et
482 1571 586 1648 thymi,
613 1570 765 1631 candidum
783 1589 819 1631 ac
842 1570 1001 1648 nigricans.
1033 1567 1160 1627 floretis

110 1664 203 1714 autem
221 1655 300 1716 circa
323 1655 461 1729 solstitia,
489 1672 553 1714 cum
568 1664 597 1714 et
619 1672 690 1734 apes
706 1654 886 1732 decerpunt,
909 1662 939 1713 ut
966 1651 1127 1729 angurium

109 1738 204 1799 mellis
219 1739 266 1798 sit.
294 1747 465 1817 proventum
482 1739 556 1798 enirn
575 1748 692 1818 sperant
709 1738 810 1818 apiarii
833 1738 917 1814 large
939 1737 1127 1797 florescente

110 1841 156 1882 eo.
188 1821 312 1882 laeditur
332 1822 472 1883 imbribus
490 1824 648 1901 amittitque
668 1822 780 1887 dorem.
818 1823 926 1882 Semen
944 1820 1037 1896 thymi
1065 1837 1129 1879 non

109 1914 208 1984 potest
224 1904 419 1983 deprehendi,
438 1924 501 1966 cum
516 1908 627 1984 origani
641 1923 781 1986 perquam
798 1907 935 1965 minutum
950 1913 1129 1964 nontamen

109 1988 200 2048 fallat.
235 1988 287 2048 sed
302 1988 370 2066 quid
386 1991 507 2050 interest
525 1990 691 2052 occultasse
708 1990 737 2050 id
751 1987 901 2052 naturam?
917 1991 946 2048 in
962 1989 1040 2050 llore
1056 1990 1162 2066 ipsum

109 2071 286 2149 intellegitur
308 2081 432 2151 satoque
448 2091 484 2134 eo
499 2076 635 2135 nascitur.
667 2074 734 2154 quid
751 2093 808 2135 non
829 2083 1013 2154 temptavere
1029 2073 1127 2132 homi·

67 2165 100 2220 57
111 2151 187 2214 nes?
212 2155 306 2215 llellis
322 2155 410 2217 Attici
425 2158 453 2217 in
469 2167 530 2218 toto
548 2157 620 2218 orbe
636 2176 743 2219 summa
758 2159 822 2220 laus
837 2159 1030 2218 existimatur.
1049 2173 1129 2233 ergo

109 2238 277 2299 translatum
293 2249 337 2299 est
352 2259 389 2300 ex
404 2241 500 2303 Attica
525 2241 651 2317 thymum
674 2251 702 2302 et
725 2245 773 2302 vix
793 2242 882 2319 flore,
909 2244 950 2302 uti
967 2241 1128 2315 docemur,

111 2330 212 2382 saturn.
252 2323 304 2383 sed
327 2323 384 2386 alia
411 2327 484 2385 ratio
511 2335 630 2386 naturae
655 2326 766 2387 obstitit
791 2345 849 2386 non
875 2327 998 2387 durante
1021 2324 1129 2385 Attico

108 2406 206 2482 thymo
224 2407 278 2468 nisi
295 2409 323 2466 in
340 2407 446 2468 adllatu
460 2410 556 2471 maris.
586 2419 648 2470 erat
664 2411 779 2490 quidem
794 2411 870 2471 haec
886 2412 986 2489 opinio
1004 2411 1164 2486 antiquans

108 2492 233 2551 inomni
257 2491 372 2569 thymo,
398 2493 523 2570 ideoque
545 2511 602 2553 non
621 2495 702 2554 nasci
721 2496 750 2554 in
777 2493 921 2570 Arcadia,
947 2504 1027 2570 turn,
1060 2511 1130 2552 cum

109 2575 204 2636 oleam
219 2593 277 2635 non
292 2585 426 2655 putarent
440 2578 520 2654 gigni
537 2579 590 2637 nisi
605 2580 678 2638 intra
694 2590 757 2639 ccc
772 2579 864 2639 stadia
878 2597 895 2638 a
911 2579 995 2638 mari.
1022 2577 1130 2652 thymo

110 2659 223 2737 quidem
240 2679 314 2721 nunc
330 2663 415 2720 etiam
430 2660 564 2740 lapideos
581 2678 700 2740 campos
715 2665 743 2722 in
758 2663 909 2742 provincia
932 2661 1132 2721 Narbonensi

107 2743 235 2802 refertos
251 2746 372 2820 scimus,
402 2745 460 2805 hoc
475 2762 568 2823 paene
585 2746 650 2806 solo
666 2747 776 2823 reditu,
804 2765 821 2806 e
837 2746 1007 2825 longinquis
1023 2747 1130 2822 regio·

108 2825 190 2884 nibus
206 2828 348 2904 pecudum
362 2829 476 2889 milibus
493 2829 731 2890 convenientibus
744 2840 776 2892 ut
791 2831 889 2906 thymo
905 2839 1084 2892 vescantur.
1139 2845 1163 2888 ao

65 2917 100 2972 58
139 2953 142 2960 -
175 2908 259 2988 (32.)
281 2910 319 2971 Et
343 2929 472 2988 conyzae
493 2911 549 2972 duo
566 2931 677 2990 genera
694 2915 723 2973 in
744 2915 979 2990 coronamentis,
1011 2932 1132 2974 masao

107 2991 223 3051 femina.
255 2992 417 3055 differentia
433 2996 461 3054 in
480 2995 568 3056 lolio:
597 2998 711 3056 tenuius
732 2999 857 3058 feminae
880 3007 910 3057 et
931 3000 1132 3058 constrictius

108 3077 325 3154 angustiusque,
341 3078 520 3140 imbricatum
534 3081 630 3142 maris.
662 3099 724 3142 mas
739 3091 769 3142 et
784 3082 940 3142 ramosior.
974 3081 1036 3142 llos
1054 3099 1131 3162 quo·

98 3161 165 3237 'que
180 3159 271 3235 magis
291 3161 426 3239 splendet
447 3164 526 3237 eius,
552 3166 698 3224 serotinus
725 3167 841 3246 utrique
865 3173 934 3245 post
962 3175 1130 3226 arcturum.

106 3260 167 3302 mas
182 3241 274 3302 odore
295 3246 428 3321 gravior,
452 3246 556 3306 femina
581 3249 706 3324 acutior,
744 3259 772 3309 et
795 3251 862 3310 ideo
885 3259 990 3310 contra
1014 3249 1165 3311 hestia-a

108 3344 168 3384 rum
194 3342 307 3388 morsus
334 3330 437 3406 aptior.
483 3328 554 3390 lolia
581 3331 705 3390 feminae
727 3334 822 3394 mellis
848 3333 973 3393 odorem
1001 3333 1131 3409 habent,

108 3407 254 3468 masculae
280 3410 362 3470 radix
387 3429 403 3470 a
430 3411 599 3490 quibusdam
626 3414 760 3477 libanotis
786 3417 970 3497 appellatur,
1002 3417 1043 3478 de
1073 3436 1133 3497 qua

64 3509 94 3550 ao.
106 3509 140 3544 na
150 3491 280 3554 diximus.
