2458 3906
152 267 214 329 234
490 275 795 326 1111111111111

110 445 142 498 11
220 434 283 514 (8.)
315 431 353 493 Et
373 434 427 494 ianr
443 441 511 493 tunc
529 449 656 494 coronae
672 431 792 492 deorum
810 432 903 493 honos
922 443 1005 494 erant
1021 443 1052 493 et
1067 433 1161 494 larum

152 517 333 599 publicorum
364 519 600 597 privatorumque
637 533 672 576 ac
704 516 924 594 sepulchrorum
956 526 986 577 et
1021 519 1160 592 manium,

152 618 320 680 summaque
348 603 505 662 auctoritas
531 600 630 680 pactili
656 615 803 677 coronae,
829 602 869 660 uti
894 601 1038 662 Saliorum
1063 603 1161 662 sacris

151 688 311 747 invenimus
333 686 480 746 sollemnis
503 703 563 744 eas.
602 686 745 745 transiere
766 685 871 748 deinde
893 685 929 745 ad
950 687 1081 761 rosaria,
1108 703 1160 746 eo·

151 789 209 850 que
231 770 343 830 luxuria
363 771 511 848 processit
529 777 631 829 utnon
649 777 729 828 esset
743 769 835 846 gratia
849 770 903 828 nisi
921 786 1002 829 mero
1020 769 1096 830 lolio
1111 785 1187 829 sus

151 856 210 931 tili,
226 872 294 914 mox
310 856 407 931 petitis
423 853 459 914 ab
474 853 553 914 ludia
569 862 617 912 aut
630 851 706 912 ultra
719 851 816 912 ludos.
840 852 1028 914 lautissimum
1045 854 1161 934 quippe

151 939 306 1000 habetare
322 938 402 999 nardi
419 936 491 997 lolio
507 954 559 996 aas
581 936 642 997 dari
663 945 711 996 aut
729 945 814 997 reste
832 938 934 997 Serica
951 938 1159 1013 versicoloris,

151 1025 304 1102 unguentis
320 1022 457 1083 madidas.
492 1020 567 1080 11111
584 1019 672 1081 habet
691 1021 847 1080 novissime
863 1023 969 1082 exitum
984 1021 1098 1081 luxuria
1114 1021 1160 1081 11-

151 1125 298 1167 nucarum.

110 1203 144 1257 11
215 1191 277 1270 (9.)
306 1189 343 1248 Et
359 1189 434 1268 apud
451 1187 580 1248 Graecos
597 1188 713 1266 quidem
734 1189 771 1248 de
795 1189 912 1249 coronis
933 1189 1066 1268 privatim
1083 1192 1160 1250 scri·
1171 1204 1196 1246 1o

153 1293 241 1355 psere
257 1283 286 1334 et
301 1272 479 1333 Mnesitheus
495 1281 582 1350 atque
596 1269 789 1333 Callimachus
805 1273 910 1334 medici
924 1291 1000 1351 quae
1013 1283 1162 1336 nocerent

153 1360 257 1438 capiti,
286 1359 419 1437 quoniam
441 1365 470 1416 et
492 1357 520 1415 in
542 1356 598 1416 hoc
621 1365 666 1416 est
686 1358 782 1435 aliqua
803 1358 968 1419 valitudinis
989 1357 1104 1435 portio,
1131 1359 1162 1417 in

152 1450 222 1522 potu
242 1450 329 1520 atque
352 1441 495 1501 hilaritate
514 1442 672 1520 praecipue
690 1442 811 1502 odorum
830 1443 858 1502 ui
880 1441 1058 1521 subrepente
1074 1440 1161 1502 lalla-

152 1529 234 1591 citer.
259 1526 404 1586 scelerata
418 1534 463 1584 est
479 1521 654 1603 Cleopatrae
669 1525 809 1586 sollertia.
836 1543 958 1606 namque
973 1528 1002 1585 in
1017 1529 1161 1604 adparatu

151 1611 222 1671 belli
241 1610 353 1670 Actiaci
375 1609 615 1686 gratificationem
636 1610 727 1687 ipsius
748 1610 868 1687 reginae
890 1610 1016 1670 Antonio
1035 1611 1194 1670 1111111111

150 1713 207 1755 111
231 1694 286 1754 1111
312 1701 517 1773 praegustatos
546 1691 628 1752 cibos
654 1703 784 1754 sumente
810 1692 902 1754 fertur
926 1711 1068 1772 pavorem
1094 1695 1160 1754 eius

151 1780 257 1839 lusisse
280 1778 416 1838 extremis
439 1793 567 1836 coronae
588 1776 708 1838 lloribus
728 1795 843 1838 veneno
864 1777 951 1837 inlitis
968 1780 1093 1857 ipsaque
1108 1796 1158 1839 ca·

151 1865 202 1942 piti
225 1863 366 1941 inposita,
388 1876 456 1920 mox
479 1861 660 1940 procedente
681 1861 824 1923 hilaritate
851 1863 979 1922 invitavit
1000 1861 1159 1922 Antonium

151 1956 181 2007 ut
208 1963 333 2006 coronas
357 1941 499 2004 biberent.
534 1946 599 2024 quis
623 1946 662 2005 ita
681 1946 797 2006 timeret
819 1943 957 2007 insidias?
985 1963 1059 2024 argo
1086 1963 1157 2006 con·

151 2039 252 2106 cerpta
273 2032 300 2088 in
321 2028 461 2105 scyphum
476 2029 625 2108 incipienti
640 2028 755 2090 haurire
770 2031 906 2108 opposita
922 2047 1022 2090 manu:
1044 2047 1082 2090 cn
1097 2041 1192 2108 egeto

152 2131 231 2189 sum,
253 2113 343 2190 iuquit
362 2111 430 2187 illa,
451 2110 550 2174 blance
571 2112 694 2187 hutoni,
717 2131 802 2193 quam
819 2123 849 2173 tu
869 2131 944 2174 nova
963 2123 1157 2192 praegustan-

150 2197 218 2257 tium
240 2196 388 2274 diligentia
410 2215 514 2273 oaves,
537 2197 611 2257 adeo
632 2197 717 2272 mihi,
741 2199 766 2256 si
786 2200 896 2276 possim
916 2199 978 2257 sine
994 2207 1025 2258 te
1040 2199 1157 2272 rivere,

151 2282 270 2342 occasio
296 2289 344 2340 aut
371 2281 446 2341 ratio
471 2281 570 2341 deest!
606 2281 673 2340 iude
697 2280 840 2341 inductam
867 2281 1026 2342 custodiam
1052 2280 1158 2342 bibere

108 2365 235 2430 13111111
259 2365 341 2425 illico
368 2365 573 2444 exspirantem.
603 2363 648 2424 De
671 2364 898 2444 floribussupra
920 2366 1016 2427 dictos
1038 2366 1159 2445 scripsit

150 2448 370 2532 Theophrastus
396 2448 473 2528 apud
499 2447 644 2524 Graecos,
673 2467 711 2508 ex
732 2451 839 2509 uostris
859 2459 954 2511 autem
973 2450 1190 2529 inscripserant

149 2534 236 2613 aliqui
258 2533 348 2594 libros
371 2531 592 2609 anthologicon‚
613 2532 702 2592 hores
718 2550 790 2593 uero
806 2543 979 2612 persecutus
997 2542 1044 2592 111
1057 2550 1157 2609 nemo,

149 2619 226 2696 quod
253 2616 386 2696 equidem
415 2617 566 2676 inveniam.
616 2634 673 2678 uec
697 2633 751 2676 nos
779 2635 854 2676 nunc
884 2616 998 2678 scilicet
1028 2634 1158 2678 coronas

148 2711 298 2761 nectemus
313 2701 394 2760 -id
415 2703 489 2760 euim
509 2700 643 2760 frivolum
669 2709 715 2760 est
730 2735 788 2778 -,
809 2700 862 2761 sed
883 2701 920 2761 de
940 2700 1063 2761 floribus
1079 2719 1156 2780 quae

148 2784 320 2845 videbuntur
338 2785 424 2861 digna
438 2783 671 2845 memorabimus.
1223 2799 1225 2856 3

107 2880 140 2934 14
213 2871 243 2930 4.
268 2867 352 2948 (10.)
372 2868 546 2929 Paucissirua
561 2869 653 2928 nostri
667 2885 777 2946 genera
790 2877 1061 2928 coronamentorum
1080 2869 1188 2928 intereo
1223 2889 1225 2938 t

148 2952 296 3014 hortensia
314 2969 442 3029 novera,
467 2970 502 3012 ac
524 2971 618 3032 paene
639 2952 733 3012 violas
755 2970 898 3030 rosasque
923 2961 1042 3014 tautum.
1075 2950 1157 3011 llosa
1223 2939 1225 3000 1

148 3037 275 3097 11111111
301 3038 383 3113 spina
407 3038 505 3096 verius
531 3055 616 3115 quam
640 3036 762 3111 1111111,
793 3038 821 3096 11
845 3035 918 3096 rubo
940 3053 1060 3115 quoque
1086 3052 1156 3114 pro·
1223 3029 1225 3048 '

147 3122 284 3195 veniens,
306 3120 367 3180 illic
383 3121 467 3180 etiam
482 3121 598 3181 iucundi
613 3120 728 3196 odoris,
752 3119 881 3199 quamvis
897 3121 1020 3198 angusti.
1046 3119 1156 3196 garmi·

146 3214 195 3265 nat
217 3204 308 3264 omnis
329 3206 423 3282 primo
441 3204 553 3264 inclusa
575 3220 702 3281 granoso
726 3205 851 3280 cortice,
874 3221 932 3282 quo
948 3204 1155 3264 1111111111-

147 3297 249 3348 scente
272 3287 348 3347 etin
368 3287 466 3347 viridis
492 3287 654 3349 alabastros
676 3287 813 3365 fastigato
834 3287 970 3367 paulatim
990 3286 1187 3346 rubescensau

147 3371 271 3432 dehiscit
288 3388 405 3430 111111
420 3371 519 3448 pandit
533 3372 562 3430 in
576 3373 696 3447 calyces
711 3372 807 3432 medio
823 3373 867 3432 sui
884 3373 986 3432 stantis
1005 3370 1155 3450 conplexa

106 3466 138 3518 15
149 3454 245 3516 luteos
273 3455 382 3531 apicas.
429 3472 499 3514 usus
524 3456 587 3514 eius
612 3457 640 3515 in
667 3457 784 3516 coronis
810 3472 904 3535 prope
928 3456 1069 3516 minumus
1096 3461 1152 3515 est.

148 3537 215 3597 oleo
232 3546 410 3612 maceratur,
441 3536 527 3613 idque
549 3540 603 3598 iam
627 3557 643 3599 1
665 3538 797 3601 ’11111111
819 3539 999 3617 temporibus
1021 3538 1152 3598 Homero
