2458 3906
153 215 211 275 176
499 223 530 273 o.
546 225 641 272 resur
658 223 809 274 uacuum

151 385 246 462 apium
261 389 360 445 serunt
375 381 402 440 iu
419 379 531 442 laciniis
546 379 739 458 conligatum,
763 379 857 458 apium
877 379 963 438 etiam
979 378 1090 458 paxillo
1107 396 1161 438 oa-

109 479 260 531 ttlverna
280 467 356 526 iacta
378 483 414 526 ao
434 465 500 526 iimo
522 467 648 543 ingesto.
693 464 856 525 Nascuntur
875 472 968 524 antem
989 464 1084 523 omnia
1108 472 1162 524 aut

150 551 260 611 semine
277 559 324 612 aut
338 550 501 626 avolsione,
517 548 658 628 quaedam
673 557 703 609 et
717 548 827 608 semiue
842 557 871 608 et
887 547 1016 624 surculo,
1033 555 1065 606 ut
1079 555 1161 623 ruta,

152 635 311 712 origanum,
328 635 461 710 ocimum,
477 667 520 679 —-
535 633 706 713 praecidunt
721 633 839 692 enimet
854 633 922 707 hoo,
938 649 1002 690 cum
1019 632 1162 710 pervenit

151 719 186 780 ad
204 719 327 798 palmum
348 717 504 778 altitudinis
526 753 568 766 -
582 717 723 798 quaedam
747 725 777 776 et
796 717 905 776 semine
926 725 955 774 et
975 714 1097 791 radios,
1115 723 1188 796 ⁴uta

152 821 236 882 nepa,
249 803 345 881 alium,
358 801 438 862 bulbi
451 811 481 862 et
493 799 1160 882 siquorumradicasseminiierorumrelincun-

151 897 205 950 tur.
222 887 321 947 eorum
336 904 408 946 vero
423 904 498 966 quae
511 885 637 946 aradioe
650 893 805 946 naseuntur
817 885 899 946 radix
911 885 1040 945 diuturna
1053 892 1083 944 et
1095 883 1160 943 iru-

151 973 246 1031 tioosa
258 980 313 1046 est,
330 980 360 1030 ut
374 969 465 1047 bulbi,
481 971 593 1048 gethvi,
612 969 725 1030 scillae.
745 969 881 1030 fruticant
892 968 948 1029 alia
963 977 991 1028 et
1002 986 1060 1029 non
1073 969 1159 1046 oapi·

110 1065 245 1132 mutata,
272 1065 303 1115 ut
325 1057 419 1134 apium
442 1065 473 1114 et
493 1055 570 1115 beta.
617 1052 708 1114 Gaulo
731 1055 828 1114 reciso
847 1053 911 1113 iere
927 1053 1043 1133 quidem
1058 1053 1159 1112 omnia
1201 1063 1204 1069 '

150 1140 344 1218 regerminant
360 1140 493 1218 exeeptis
509 1155 582 1218 quae
598 1156 655 1198 nou
669 1136 801 1198 soahrum
816 1137 929 1198 caulem
947 1135 1063 1214 habent,
1081 1145 1111 1196 et
1126 1137 1159 1194 in
1171 1150 1195 1191 ιι

149 1242 230 1284 usum
245 1240 316 1282 vero
333 1224 466 1298 ocimum,
482 1223 637 1302 raphanus,
654 1223 775 1282 lactuca.
798 1222 873 1282 hano
888 1223 973 1282 etiam
988 1222 1160 1280 suaviorem

150 1316 249 1387 putant
263 1325 282 1368 a
294 1308 547 1384 regerminatione.
572 1307 717 1386 raphanus
731 1307 830 1387 utique
845 1305 995 1367 iuouudior
1012 1305 1157 1366 detractis

149 1391 228 1451 loliis
251 1399 403 1468 antequam
423 1391 619 1452 deeauleseat.
648 1391 704 1450 hoo
720 1399 749 1450 et
763 1391 791 1450 iu
808 1391 898 1469 rapis.
926 1408 990 1449 uam
1005 1398 1035 1449 et
1049 1389 1158 1449 eadem

150 1475 279 1554 dereptis
291 1474 369 1536 loliis
386 1485 527 1554 cooperta
542 1485 620 1546 terra
636 1484 771 1537 crescunt
786 1475 945 1554 durantque
960 1475 987 1532 in
999 1481 1154 1534 aestatem.

109 1570 159 1624 ιιι
229 1559 312 1638 (37.)
333 1559 452 1637 Singula
468 1578 579 1638 genera
595 1569 659 1619 sunt
674 1561 779 1635 ocimo,
796 1559 925 1638 lapatho,
941 1557 1023 1634 blito,
1039 1567 1153 1617 uastnr·
1168 1575 1191 1616 ιι

149 1644 206 1718 tio,
231 1661 354 1719 eruoae,
378 1644 518 1723 atriplioi,
541 1644 710 1719 coriandro,
732 1652 828 1704 aneto.
858 1644 932 1703 haee
952 1644 1026 1702 enim
1041 1641 1154 1720 ubique

150 1727 252 1787 eadem
273 1737 338 1787 suut
359 1746 454 1807 neque
470 1729 547 1790 aliud
565 1729 621 1790 alio
637 1728 738 1788 melius
753 1746 883 1806 usquam.
913 1736 1003 1787 rutam
1017 1727 1155 1787 furtivam

150 1819 257 1870 tantum
271 1813 426 1891 provenire
442 1812 565 1872 fertilius
583 1821 682 1892 putant
696 1812 771 1872 siout
787 1812 850 1892 apis
865 1811 985 1871 furtivas
1002 1829 1153 1890 pessume.

149 1903 302 1955 naseuntur
318 1905 412 1957 autern
425 1898 509 1956 etiam
524 1915 581 1957 non
597 1905 674 1973 sata,
689 1904 801 1973 mento,
817 1905 1013 1971 mentastrum,
1028 1904 1153 1974 nepeta,

149 1978 285 2054 intubum,
303 1979 439 2060 puleium.
459 1990 559 2042 eontra
575 1980 658 2061 plura
674 1999 783 2058 genera
794 1990 858 2041 sunt
872 1998 970 2040 eorum
987 1997 1062 2059 quae
1077 1979 1150 2039 dixi·
1162 1998 1188 2039 ao

107 2072 227 2126 ltdmus
240 2063 427 2142 dicemusque
439 2074 467 2124 ιι
478 2066 506 2124 in
518 2067 616 2144 primis
632 2067 709 2144 apio.
738 2067 767 2128 8.
781 2065 809 2126 id
827 2065 901 2125 enim
914 2065 991 2143 quod
1003 2073 1109 2144 sponte
1122 2064 1153 2123 in

147 2147 249 2207 umidis
264 2150 391 2209 nascitur
405 2149 607 2211 helioselinum
623 2159 753 2226 vooatur,
770 2167 826 2210 uno
843 2150 915 2210 folio
931 2167 986 2209 neo
998 2149 1151 2224 hirsutum,

148 2249 247 2291 rursus
262 2233 290 2291 iu
308 2233 394 2294 sioois
410 2233 633 2315 hipposelinum,
655 2234 785 2315 pluribus
800 2234 889 2311 foliis,
908 2234 1002 2294 simile
1020 2232 1151 2294 heliose-

147 2315 216 2376 lino.
246 2319 360 2378 tertium
382 2329 426 2378 ιιι
448 2320 660 2395 oreoselinnm,
688 2321 799 2380 oioutae
818 2318 913 2395 loliis,
940 2318 1040 2379 radiae
1057 2318 1151 2394 tenui,

147 2401 257 2461 semiue
279 2406 372 2478 aneti,
396 2404 547 2464 minutiore
564 2413 680 2466 tanturn.
713 2413 742 2463 et
758 2405 839 2463 sativi
855 2412 949 2464 autem
966 2403 1186 2462 differentiaeas

147 2485 262 2546 infolio
281 2487 388 2563 denso,
419 2489 516 2567 crispo
534 2497 582 2548 aut
598 2489 709 2548 rariore
726 2497 755 2548 et
770 2488 899 2564 leviore,
923 2489 992 2548 item
1006 2485 1090 2546 caule
1106 2495 1150 2546 ιι-

147 2569 248 2629 ιιιιίοιι
265 2581 312 2631 aut
328 2573 490 2648 crassiore,
511 2580 541 2631 et
559 2572 649 2632 caulis
665 2572 786 2632 aliorum
802 2573 938 2633 candidus
954 2581 1009 2648 eet,
1026 2571 1151 2632 aliorum

148 2671 327 2731 purpureus,
351 2654 471 2715 aliorum
487 2655 592 2716 varius.
620 2683 625 2692 ·

107 2745 155 2798 ιιι
231 2737 315 2816 (38.)
337 2736 481 2799 lactucae
501 2738 606 2799 Graeci
632 2742 685 2800 tria
712 2740 812 2800 iecere
836 2759 961 2818 genera:
989 2757 1075 2799 unum
1097 2739 1149 2799 lati

148 2817 248 2894 naulis,
266 2820 341 2881 adeo
357 2831 386 2881 ut
400 2823 505 2883 ostiola
521 2823 636 2884 olitoria
652 2843 688 2884 ex
704 2824 748 2884 his
763 2824 887 2885 laetitari
902 2823 1093 2903 prodiderint,
1105 2837 1184 2882 -ao

147 2901 246 2962 lolium
267 2905 312 2964 his
333 2906 420 2984 paulo
443 2909 532 2967 maius
551 2907 699 2970 herbaceo
716 2918 744 2968 ιι
759 2909 1005 2986 augustissimum,
1032 2917 1062 2968 ut
1077 2907 1150 2968 alibi

149 2997 318 3067 consumpto
342 2991 538 3068 incremento,
559 3027 601 3038 -
621 2993 743 3052 alterum
762 2992 876 3053 rotundi
897 2994 1004 3069 caulis,
1030 2993 1149 3053 tertium

147 3070 270 3148 sessile,
308 3074 385 3152 quod
410 3074 583 3136 laconicum
604 3086 719 3141 vocant.
764 3077 812 3137 alii
838 3076 940 3138 colore
963 3086 992 3137 et
1011 3086 1148 3157 tempore

147 3163 226 3214 satus
248 3175 359 3233 genera
380 3158 558 3222 discrevere.
594 3179 660 3220 esse
689 3162 762 3221 euim
784 3163 881 3240 nigras
905 3178 1023 3240 quarum
1047 3177 1149 3221 semen

146 3257 245 3298 mense
261 3239 392 3302 Ianuario
408 3253 536 3320 seratur,
560 3244 641 3305 albas
657 3263 775 3325 quarum
789 3244 908 3322 Martio,
930 3244 1058 3306 rubentis
1075 3263 1145 3325 qua·
1155 3259 1181 3302 ιι

146 3341 208 3382 rum
226 3323 334 3404 Aprili,
355 3336 383 3386 et
400 3330 522 3387 omnium
539 3346 636 3388 earum
651 3329 763 3408 plantas
781 3339 848 3409 post
862 3329 945 3390 binos
961 3349 1077 3390 menses
1095 3331 1146 3391 de·

104 3415 154 3469 ιι6
167 3406 246 3467 ferri.
284 3410 483 3488 diligentiores
507 3413 589 3492 plura
611 3431 720 3492 genera
735 3414 858 3490 iaoiutrt,
880 3433 1060 3495 purpureas,
1090 3415 1145 3474 ori·

146 3505 225 3568 opas,
242 3491 455 3574 Cappadocias,
473 3494 612 3576 Graecas,
629 3498 769 3577 longioris
784 3499 836 3560 luas
850 3498 902 3559 ioli
918 3499 1067 3580 caulisque
1082 3499 1145 3578 lati,
