2504 3930
280 251 361 298 unu.
376 250 467 300 ursa.
483 251 566 297 xxx.
583 247 701 304 11—13.
718 237 863 317 (ai-39.)
1005 237 1068 302 253
1152 255 1154 260 ·
1179 239 1183 245 '

73 412 161 484 potus
188 421 251 463 cnm
275 401 317 463 lili
337 403 452 480 radice,
476 403 614 481 silingis
636 403 787 464 eredimus.
817 403 850 463 ln
869 407 1067 465 contractione

71 504 230 547 nervorum
242 502 311 546 caro
324 486 486 565 palumbina
497 488 526 546 in
534 486 607 546 cibis
618 487 738 565 prodest
750 497 779 546 et
790 488 961 564 inveterata,
975 490 1067 548 irena·
1124 535 1127 544 ,

72 574 118 634 cei
133 571 284 650 spasticis,
306 570 375 629 item
388 570 528 630 mustelae
540 570 629 648 cinis,
643 607 687 617 —
701 573 876 650 serpentium
889 581 1025 632 senectus
1039 573 1068 632 in

70 654 153 733 pelle
166 655 276 714 taurina
292 651 445 730 adalligata
462 669 593 732 spasmos
612 655 673 714 iieri
690 653 887 733 prohibet-,
906 655 1067 732 opisthoto-

1 735 3 824 )
45 739 144 798 anicia
168 736 248 797 milvi
268 738 350 796 ieeur
369 738 478 797 aridum
500 736 591 798 tribus
607 737 704 799 obolis
723 739 751 798 in
766 755 857 816 aquae
876 738 985 797 mulsae
1000 755 1067 813 eya·

69 821 128 882 tbis
143 820 235 880 tribus
251 829 359 898 potum.

135 902 221 982 (37.)
243 903 391 964 Reduvias
414 912 443 964 et
466 905 592 983 quaein
615 903 713 981 digitis
738 911 893 963 nascuntur
914 905 1048 982 pterygia
1059 916 1108 970 111

69 987 174 1048 tollunt
193 987 285 1046 canini
301 987 404 1064 capitis
423 987 494 1047 cinis
512 995 560 1046 aut
575 987 661 1046 volva
677 986 797 1046 decocta
819 987 847 1045 in
862 987 949 1062 oleo,
967 1005 1086 1066 superq

64 1069 151 1130 inlito
168 1068 274 1144 butyro
290 1068 380 1128 ovillo
396 1087 459 1129 cum
473 1070 579 1147 melle,
599 1071 667 1130 item
683 1069 827 1130 iolliculns
844 1068 995 1130 cuiuslibet
1010 1071 1067 1130 ani-

34 1171 61 1215 ao
70 1153 184 1214 melium
199 1152 288 1228 iellis,
303 1154 439 1228 unguium
455 1151 619 1214 scabritiam
632 1153 813 1214 cantharidas
829 1169 892 1212 cum
905 1153 970 1231 pice
982 1156 1067 1214 tertio

70 1235 118 1296 die
133 1235 247 1296 solutae
268 1244 316 1295 ant
338 1235 471 1296 locustae
486 1236 591 1296 frictae
606 1255 669 1297 cnm
687 1237 761 1297 sebo
779 1236 907 1313 bircino,
927 1235 1067 1316 pecudum

1 1319 2 1378 i
69 1318 181 1380 sebum.
219 1317 309 1397 aliqui
325 1320 448 1378 miscent
464 1319 575 1378 viscum
589 1329 619 1380 et
634 1320 841 1399 porcinarum,
859 1319 906 1380 alii
923 1321 1001 1381 aeris
1016 1320 1067 1380 io·

68 1419 130 1463 rem
147 1412 176 1462 et
190 1403 301 1461 viscum
318 1404 357 1463 ita
374 1412 404 1463 ut
418 1405 505 1462 tertio
520 1403 568 1464 die
583 1403 709 1464 solvant.

135 1487 184 1547 13.
207 1485 291 1565 (38.)
315 1487 489 1562 Sanguinem
502 1487 577 1547 sistit
591 1488 620 1546 in
636 1485 752 1547 naribus
767 1485 868 1547 sebum
882 1505 920 1546 ex
933 1497 1109 1554 ornent0112

33 1583 58 1626 aa
67 1567 209 1648 pecudum
226 1569 353 1646 inditum,
369 1571 438 1630 item
453 1570 606 1646 coagulum
622 1587 660 1630 ex
672 1587 763 1649 aqua,
787 1586 918 1630 maxume
934 1573 1068 1648 agninum

66 1651 238 1713 subductum
254 1652 302 1712 vel
319 1653 454 1731 inlusum,
468 1654 580 1713 etiamsi
594 1654 649 1714 alia
665 1671 722 1713 non
737 1655 867 1733 prosint,
885 1652 967 1732 adips
983 1671 1066 1722 anse-

65 1737 145 1796 rinus
163 1753 226 1795 cnm
243 1734 347 1812 butyro
365 1737 428 1814 pari
449 1735 580 1816 pondere
594 1737 719 1816 pastillis
732 1739 879 1814 ingestus,
901 1737 1066 1798 coclearum

65 1828 212 1897 terrenae,
230 1818 283 1878 sed
296 1828 325 1879 et
336 1821 418 1897 ipsae
431 1828 580 1880 extractae
591 1822 683 1881 testis.
709 1838 727 1879 e
741 1819 859 1880 naribus
870 1820 1005 1880 liuentem
1017 1837 1065 1880 co·
1076 1839 1108 1874 1⁰1

67 1903 150 1964 eleae
170 1903 311 1962 contritae
326 1902 414 1963 ironti
435 1902 550 1979 inlitae,
572 1906 670 1962 aranei
693 1903 787 1980 telae,
808 1903 964 1980 gallinacei
983 1921 1066 1962 cere-

33 1986 175 2050 aobellum
191 1985 239 2046 vel
257 1987 385 2063 sanguis,
406 1985 548 2065 profluvia
570 2005 607 2046 ex
630 1985 770 2064 cerebro,
797 1989 865 2046 item
886 1986 1066 2047 columbinus

68 2069 105 2130 ob
124 2068 152 2129 id
173 2075 306 2128 servatus
325 2078 547 2148 concretusque.
580 2071 605 2129 si
627 2088 700 2130 vero
722 2088 760 2130 ex
780 2070 902 2130 volnere
921 2069 1066 2130 inmodica

67 2153 152 2229 iluat,
174 2153 231 2212 dmi
253 2151 398 2378 eaba*
411 2171 474 2212 cuna
495 2153 687 2234 putaminibus
708 2171 828 2214 ovorum
850 2155 969 2214 cremati
994 2154 1066 2212 cinis

1 2249 2 2286 3
67 2236 212 2314 inpositus
226 2237 297 2294 mire

133 2318 215 2398 (39.)
239 2317 338 2378 Ulcerr
380 2337 394 2379 a
409 2320 540 2380 medetur
556 2337 695 2400 oesypum
711 2337 774 2382 cum
788 2319 889 2380 hordei
904 2321 1003 2380 cinare
1019 2328 1108 2385 61113

31 2419 57 2460 aa
68 2403 207 2478 aerugine
223 2403 323 2480 aequis
343 2404 488 2482 partibus,
503 2403 539 2463 ad
555 2406 748 2464 carcinomata
766 2419 881 2482 quoque
896 2421 930 2464 ac
945 2420 1065 2480 serpen·

66 2487 104 2544 tia
122 2484 211 2544 valet.
250 2486 344 2546 erodit
359 2494 388 2546 et
402 2487 529 2547 ulcerum
545 2489 702 2564 margines,
719 2488 874 2564 carnisque
888 2502 1065 2546 excrescen·
1112 2492 1119 2505 '

64 2569 101 2628 tis
116 2568 153 2627 ad
171 2564 372 2648 aequalitatem
389 2570 505 2648 redigit.
537 2570 638 2647 explet
653 2586 769 2648 qnoque
794 2578 824 2628 et
847 2567 881 2626 ad
898 2569 1064 2628 cicatricem

64 2651 208 2730 perducit.
242 2669 346 2728 magna
363 2654 409 2713 vis
433 2663 463 2714 et
477 2653 505 2712 in
530 2655 628 2713 cinere
648 2653 790 2732 pecudum
808 2652 865 2712 limi
879 2650 917 2710 ad
935 2651 1064 2711 carcino-

64 2743 151 2812 mata,
169 2733 266 2794 addito
280 2737 373 2816 nitro,
389 2746 437 2796 aut
453 2739 593 2797 incinere
614 2755 651 2797 ex
666 2736 782 2796 ossibus
795 2735 929 2795 iaminum
945 2734 1063 2811 agnino-

3 2875 5 2896 ,
30 2832 137 2894 aarum,
154 2820 312 2897 praecipue
327 2820 354 2878 in
369 2819 414 2879 his
434 2819 579 2880 ulceribus
593 2837 669 2898 quae
682 2819 844 2880 cicatricem
861 2835 918 2876 non
938 2816 1063 2892 trahunt,

3 2933 4 2936 κ
63 2919 171 2978 magna
187 2909 217 2960 et
231 2901 423 2980 pulmonibus,
438 2907 596 2984 praecipue
620 2903 748 2965 arietum.
777 2902 872 2962 carnis
890 2918 1065 2963 excrescen-
1112 2956 1114 2960 ,

3 2965 6 3046 i
63 2987 101 3045 tis
118 2986 148 3044 in
162 2983 310 3045 ulceribus
325 2986 361 3046 ad
376 2987 580 3066 aequalitatem
593 2986 795 3046 efficacissime
810 2983 961 3044 reducunt.
974 2986 1044 3044 iimo
1057 2993 1107 3049 114

65 3085 184 3146 quoque
212 3069 278 3146 ipso
305 3072 400 3130 ovium
422 3069 475 3129 snb
496 3079 572 3130 testo
593 3070 737 3133 calcinato
759 3078 789 3128 et
810 3067 941 3128 subiecto
971 3076 1065 3127 tumor

63 3153 219 3212 volnerum
235 3151 367 3228 sedatur,
390 3154 503 3214 listulae
519 3163 676 3233 purgantur
688 3161 896 3230 sananturque,
916 3153 983 3210 item
1004 3151 1063 3228 epi·
1142 3143 1145 3160 '

3 3247 4 3303 i
30 3235 210 3310 anyctides.
233 3251 340 3296 snmma
353 3254 425 3296 uero
438 3238 484 3296 vis
498 3237 526 3296 in
543 3238 634 3297 canini
645 3237 748 3314 capitis
763 3236 872 3310 cinere,
890 3251 1063 3296 excrescan·

62 3319 102 3379 tie
122 3320 219 3379 omnia
237 3317 321 3396 spodi
336 3322 401 3380 vica
418 3321 512 3380 erodit
529 3330 558 3381 et
571 3328 717 3399 persanat.
746 3328 775 3379 et
791 3321 901 3379 murino
917 3318 982 3378 lino
999 3333 1063 3376 ero·

65 3402 189 3478 duntur,
210 3403 277 3462 item
292 3403 433 3464 mustelae
449 3405 507 3464 limi
528 3407 636 3464 cinere.
665 3401 783 3463 duritias
805 3405 835 3463 in
857 3401 915 3461 alto
936 3399 1064 3462 ulcerum

64 3495 94 3546 et
120 3487 317 3548 carcinomata
343 3490 528 3568 persequitur
549 3486 704 3567 multipeda
730 3488 794 3548 trita
817 3485 941 3547 admixta
966 3485 1079 3556 resina,
