2504 3930
165 283 234 344 »246
527 253 557 344 οξ
572 297 666 344 aaran
684 296 832 344 suenum

173 467 244 508 vero
260 449 349 508 larina'
368 466 406 507 ex
422 448 535 508 ossibus
550 450 642 508 canini
657 450 759 527 eapitis
772 451 833 522 sine
846 465 931 508 carne
947 448 1047 506 tunsis.
1070 446 1094 506 si
1109 447 1157 508 de·

174 531 250 590 oidat
264 535 377 591 testium
397 531 480 606 alter,
500 549 627 610 spumam
645 523 808 592 cocleardm
825 531 933 590 inlitam
948 531 1075 590 remedio
1091 549 1158 590 esse

131 624 166 679 ta
176 615 297 673 tradunt.
321 615 422 674 taetris
435 614 474 672 ibi
490 615 634 674 ulceribus
650 624 679 673 et
693 615 868 674 manantibus
882 615 1051 673 auxiliantur
1066 614 1158 673 canini
1241 608 1245 621 '

174 699 277 776 capitis
294 707 429 756 recentes
445 699 574 772 cineres,
596 697 715 756 cocleae
735 715 842 775 parvae
861 697 936 756 latae
959 699 1099 756 contritae
1122 714 1160 755 ex

173 788 268 856 aceto,
287 789 421 839 senectus
437 782 568 856 anguium
585 797 622 838 ex
636 789 719 839 aceto
737 780 786 839 vel
801 781 871 840 cinis
890 781 968 854 eins,
983 779 1041 838 mel
1055 781 1084 838 in
1101 793 1179 857 quon

173 881 244 941 apes
254 865 308 922 sint
320 865 477 922 inmortuae
490 882 552 922 cum
567 865 671 938 resina,
687 863 808 922 cocleae
818 863 920 938 nudae,
936 881 1007 940 quas
1017 863 1045 920 in
1059 861 1159 920 Africa

138 963 161 998 ss
172 948 251 1022 gigni
273 942 408 1022 diximus,
430 948 513 1004 tritae
535 964 597 1004 cum
613 949 683 1004 turis
699 946 808 1023 polline
826 956 854 1005 et
870 963 989 1005 ovorum
1003 945 1088 1020 albo,
1112 945 1158 1002 tri·

38 1094 44 1106 Ι
173 1030 281 1090 cesima
311 1030 357 1087 die
376 1029 534 1089 resolvont.
576 1029 661 1106 aliqui
691 1047 745 1106 pro
770 1039 832 1088 ture
854 1028 971 1087 bulbum
992 1028 1157 1088 admiscent.

130 1121 164 1176 74
174 1111 374 1186 Hydrocelieis
390 1112 521 1171 stelionis
537 1114 607 1170 mire
622 1112 763 1190 prodesse
776 1113 889 1170 tradunt
902 1113 1007 1190 capite,
1024 1110 1158 1188 pedibus,

172 1196 323 1254 interaneis
339 1195 478 1271 ademptis
493 1195 611 1254 relicum
631 1213 736 1272 corpus
751 1197 912 1270 inassatum,
932 1229 975 1240 -
993 1195 1022 1252 in
1045 1193 1109 1252 cibo
1129 1192 1157 1251 id
1168 1201 1191 1244 1⁰

172 1279 287 1356 saepius
305 1277 394 1354 datur,
410 1309 452 1324 ·-
468 1279 541 1336 sicut
554 1277 587 1336 ad
607 1279 704 1338 urinae
713 1279 943 1342 incontinentiam
955 1280 1083 1346 caninum
1101 1275 1158 1335 adi·

172 1378 238 1438 pem
254 1378 316 1418 cnm
330 1361 452 1420 alumine
468 1360 587 1435 schisto,
602 1360 686 1420 labae
700 1361 899 1438 magnitudine,
918 1361 1036 1423 cocleas
1047 1359 1157 1420 Africa·

106 1491 109 1497 .
172 1461 223 1504 nas
245 1461 308 1504 cum
326 1461 376 1503 sna
395 1461 482 1502 carne
503 1453 532 1502 et
553 1452 626 1503 testa
649 1453 787 1503 crematas
802 1453 871 1522 poto
892 1444 1008 1518 cinere,
1028 1459 1158 1502 anserum

171 1527 254 1587 trium
269 1528 380 1602 linguas
405 1528 543 1586 inassatas
565 1527 593 1584 in
609 1526 683 1585 cibo.
709 1527 790 1586 huius
809 1528 851 1586 rei
873 1536 972 1586 auctor
992 1535 1036 1585 est
1053 1525 1158 1584 Anaxi-

130 1621 163 1676 75
175 1611 245 1670 lans.
279 1619 307 1668 at
322 1626 413 1687 panos
432 1611 523 1686 aperit
537 1609 636 1668 sebum
652 1609 792 1688 pecudum
810 1628 871 1669 eum
892 1610 953 1670 sale
969 1618 1060 1686 tosto,
1076 1609 1191 1666 muri-15

172 1712 236 1754 num
251 1694 343 1753 limum
359 1692 482 1751 admixto
499 1694 569 1751 turis
585 1693 693 1769 polline
711 1702 739 1751 et
755 1693 909 1752 sandaraca
926 1693 1049 1767 discutit,
1066 1692 1159 1750 lacer-

171 1787 218 1836 tae
237 1777 306 1834 cinis
322 1785 350 1834 et
368 1778 431 1854 ipsa
447 1775 536 1834 divisa
551 1775 690 1853 inposita,
712 1777 779 1834 item
798 1775 952 1853 multipeda
976 1775 1097 1834 connita
1112 1771 1159 1833 ad-

172 1861 258 1918 mixta
273 1861 367 1918 resina
379 1857 568 1918 terebinthina
581 1876 618 1916 ex
633 1867 715 1936 parte
726 1859 818 1918 tertia.
835 1859 948 1936 qnidam
960 1867 989 1916 et
1000 1857 1161 1935 sinopidem

172 1943 330 2002 adrniscent
345 1941 464 2002 cocleae
481 1951 647 2016 contrusae,
664 1950 691 2000 et
706 1960 758 2020 per
777 1960 808 2000 se
824 1942 893 2000 cinis
905 1942 1026 2000 inanium
1044 1940 1159 2000 coclea·

172 2043 232 2084 rum
248 2042 333 2083 cerae
345 2025 447 2083 mixtus
459 2024 661 2082 discussoriam
675 2028 729 2085 vim
745 2024 842 2100 habet,
857 2024 949 2083 limum
966 2022 1160 2085 columbarum
1169 2037 1194 2077 m

174 2124 225 2184 per
243 2124 310 2164 sese
320 2105 366 2164 vel
379 2125 441 2164 oum
455 2106 544 2165 farina
556 2106 719 2166 hordeacea
736 2117 782 2166 ant
795 2125 940 2167 avenacea
953 2106 1070 2165 inlitum.
1087 2104 1160 2164 Can·

171 2188 297 2248 tharides
313 2189 399 2246 mixta
418 2188 499 2247 ealce
514 2205 605 2265 panos
621 2190 753 2268 scalpelli
768 2193 832 2250 viee
849 2190 996 2264 auferunt,
1014 2188 1162 2264 inguinum

170 2281 308 2340 tumorem
324 2271 443 2329 cocleae
460 2273 582 2330 minutae
598 2291 659 2330 cum
673 2272 760 2332 melle
776 2272 871 2332 inlitae
886 2272 1002 2333 leniunt.

129 2363 163 2418 76
224 2355 252 2414 9.
276 2354 359 2432 (23.)
382 2354 505 2413 Varices
520 2373 556 2413 ne
574 2365 740 2434 nascantur,
763 2356 893 2420 lacertaex
907 2357 1046 2430 sanguine
1062 2355 1162 2430 pueris

79 2463 89 2472 v·
172 2455 256 2498 crura
283 2439 384 2496 ieiunis
404 2455 421 2496 a
441 2438 535 2496 ieiuno
559 2438 719 2498 inlinuntur.
758 2439 901 2515 podagras
923 2438 993 2496 lenit
1020 2449 1195 2513 oesypumat

172 2539 234 2580 cnm
251 2521 326 2580 lacte
338 2520 464 2579 mulieris
480 2530 509 2578 et
526 2539 651 2598 cerussa,
671 2523 762 2580 fimum
778 2521 917 2599 pecudum
935 2521 1012 2597 quod
1023 2519 1163 2596 liquidum

171 2603 302 2679 reddunt,
318 2604 468 2680 pulmones
483 2604 633 2680 pecudum,
648 2605 688 2664 fel
705 2606 801 2663 arietis
818 2622 880 2662 cnm
896 2603 978 2678 sebo,
994 2620 1089 2661 mures
1104 2601 1162 2660 dis-

172 2688 244 2746 secti
260 2687 390 2764 inpositi,
411 2687 527 2762 sanguis
548 2687 685 2746 mustelae
702 2705 764 2746 cnm
779 2687 941 2764 plantagine
957 2686 1053 2745 inlitus
1074 2693 1103 2742 et
1122 2684 1162 2741 vi-

170 2788 224 2828 vae
242 2769 408 2830 combustae
425 2772 496 2828 cinis
511 2788 548 2828 ex
564 2779 646 2828 aceto
663 2787 698 2828 ao
713 2785 850 2845 rosaceo,
877 2770 901 2827 si
923 2770 1009 2845 pinna
1028 2766 1163 2826 inlinatur

171 2853 219 2911 vel
235 2853 259 2910 si
274 2870 341 2910 cera
356 2861 384 2911 et
399 2870 549 2912 rosaceum
564 2853 761 2927 admisceatur,
777 2852 817 2911 iel
830 2852 958 2910 caninum
973 2853 1011 2910 ita
1027 2869 1062 2909 ne
1077 2867 1162 2908 manu
1172 2865 1197 2906 ao

171 2935 339 3010 attingatur,
361 2935 413 2994 sed
437 2938 522 3013 pinna
538 2934 686 3012 inlinatur,
711 2937 805 2994 limum
822 2935 1006 3010 gallinarum,
1022 2935 1163 2992 vermium

128 3026 160 3082 77
170 3027 347 3076 terrenorum
364 3020 434 3077 cinis
453 3037 516 3078 cum
530 3015 615 3076 melle
638 3021 676 3078 ita
692 3020 822 3077 attentio
843 3017 889 3077 die
909 3016 1065 3077 solvantur.
1109 3014 1161 3074 ali·

172 3102 221 3177 qui
248 3119 285 3160 ex
307 3119 380 3178 aqua
400 3101 520 3161 inlinere
545 3102 665 3177 malunt,
695 3102 743 3161 alii
764 3103 846 3180 ipsos
867 3100 1009 3164 acetabuli
1029 3115 1163 3158 mensure

171 3201 233 3242 oum
255 3183 340 3242 melle
364 3184 473 3256 cyathis
497 3185 587 3244 tribus
614 3184 735 3262 pedibus
758 3193 823 3244 ante
854 3201 978 3242 rosaceo
1002 3183 1160 3260 perunctis.

170 3266 290 3326 cocleae
311 3265 386 3324 latae
411 3277 496 3344 potae
518 3267 624 3327 tollere
648 3268 778 3326 dicuntur
801 3266 904 3345 pedum
925 3275 954 3324 et
971 3265 1196 3334 ¹articulornmas

169 3347 297 3406 dolores.
327 3346 459 3407 bibuntur
471 3359 563 3409 antem
574 3349 657 3408 binae
672 3352 700 3408 in
711 3351 775 3410 vino
789 3351 881 3409 tritae.
908 3349 1026 3408 eaedem
1039 3348 1160 3407 inlinun-

169 3438 214 3489 tur
235 3448 300 3498 cnm¹
320 3429 451 3492 helxines
471 3432 579 3492 herbae
602 3451 683 3493 suen.
713 3434 826 3510 quidam
849 3451 886 3492 ex
906 3441 988 3492 aceto
1014 3431 1161 3490 intrivisse

172 3515 299 3571 contenti
316 3523 389 3572 sunt.
421 3514 482 3574 sale
498 3514 611 3591 qnidam
627 3535 690 3576 cum
707 3519 808 3596 vipera
825 3524 951 3576 cremato
967 3517 996 3574 in
1009 3515 1067 3580 olla
1083 3532 1162 3575 nova
