2370 3922
295 245 377 292 nur.
393 244 484 294 ursa.
500 245 600 292 xxm.
616 245 640 296 1.
659 233 812 313 (16-22.)
1037 236 1057 298 9

2 439 3 454 l
66 415 185 476 memus.
218 397 255 458 de
277 399 436 475 generibus
457 399 579 476 singulis
594 399 742 460 disserere
758 401 916 461 inmensum
932 409 962 461 et
976 403 1057 462 inex·

65 481 191 560 plicabile
208 491 255 542 est
270 482 451 543 discordibus
467 483 642 544 medicorum
657 485 817 544 sententiis.

117 564 198 644 (20.)
230 565 430 629 Surrentinum
446 576 565 626 veteres
580 585 710 626 maxume
726 568 908 645 probavere,
926 580 1099 646 sequemet
1153 572 1158 587 '

62 659 134 710 aetas
152 649 297 710 Albanum
319 658 366 709 aut
381 649 534 711 Falernum
556 659 587 710 et
606 650 711 711 deinde
734 651 789 710 alia
810 651 858 710 alii
873 653 1054 730 iniquissimo

42 751 166 811 agerere
182 733 294 794 decreti
308 734 384 812 quod
395 736 500 812 cuique
514 736 708 812 gratissimum
722 736 833 794 ceteris
844 736 975 794 omnibus
987 754 1054 814 pro-

59 817 218 877 nuntiando.
245 817 323 895 quod
337 826 367 876 ut
377 827 545 879 constarent
556 819 732 894 sententiae,
751 826 837 895 quota
849 821 947 895 portio
960 828 1054 880 tamen
1156 873 1159 884 ,

58 900 216 970 mortalium
232 901 278 961 his
293 903 453 979 generibus
472 911 576 980 posset
589 899 651 962 uti?
681 902 738 960 iam
752 919 825 961 vcro
843 919 898 960 uec
912 920 1053 980 proceres

57 1002 171 1064 usquam
186 986 319 1046 sinceris.
349 1003 386 1045 eo
399 1005 509 1046 venere
526 1004 623 1046 mores
643 994 674 1044 ut
689 987 802 1045 nomina
813 984 899 1044 modo
916 985 1053 1046 cellarum

56 1077 194 1146 veneant,
213 1070 366 1148 statimque
384 1071 414 1129 in
427 1070 538 1130 lacibus
555 1071 716 1130 vindemiae
728 1067 935 1129 adulterantur.
967 1083 1096 1148 ergo,34

29 1151 213 1229 ruHercules,
235 1155 336 1213 mirum
357 1153 451 1230 dictu,
473 1155 656 1214 innocentius
672 1156 728 1212 iam
744 1160 790 1212 est
806 1152 1006 1229 quodcumque
1024 1163 1054 1214 et

1 1243 2 1246 ’
53 1236 219 1312 ignobilius.
250 1237 323 1297 baec
343 1246 438 1298 tamen
458 1239 558 1297 lacere
580 1237 813 1297 constantissime
835 1235 970 1296 videntur
984 1255 1054 1314 quo·

53 1337 111 1378 rum
125 1321 305 1381 mentionem
314 1321 442 1382 lecimus.
471 1323 495 1380 si
509 1323 573 1398 quis
587 1321 644 1380 hoc
654 1337 770 1398 quoqne
782 1320 937 1380 discrimen
948 1322 1052 1398 exigit,

52 1402 205 1463 Falernum
225 1423 281 1464 nec
297 1408 327 1464 in
344 1407 474 1468 novitate
489 1424 544 1465 nec
560 1407 591 1465 in
608 1406 693 1464 nimia
708 1411 856 1464 vetustate
874 1406 993 1483 corpori
1009 1423 1053 1466 sa-

52 1486 132 1546 lubre
154 1496 210 1548 est.
243 1489 337 1550 media
351 1491 414 1548 eius
434 1498 515 1549 aetas
536 1488 624 1548 aXV
646 1489 726 1547 annis
748 1488 858 1565 incipit.
892 1488 922 1546 in
943 1487 1051 1564 frigido

25 1579 119 1648 npetu
148 1572 300 1635 stomacho
328 1572 415 1650 utile,
444 1591 502 1632 non
530 1575 600 1632 item
625 1574 654 1631 in
683 1570 782 1630 calida.
818 1570 944 1630 diutinae
976 1574 1093 1638 tussi35

52 1655 189 1714 sorbetur
208 1673 319 1717 merum
339 1658 450 1717 utiliter
470 1675 486 1716 a
502 1658 624 1732 ieiunis,
651 1657 720 1713 item
736 1655 765 1713 in
779 1655 932 1731 quartanis.
971 1655 1050 1715 nullo

52 1756 143 1816 aeque
163 1757 258 1800 venae
282 1742 452 1801 excitantur.
495 1740 589 1800 alvom
613 1739 706 1814 sistit,
732 1755 839 1815 corpus
860 1736 918 1796 alit.
959 1738 1052 1798 credi·

52 1829 105 1881 tum
127 1831 175 1883 est
200 1823 406 1884 obscuritatem
421 1826 500 1886 visus
517 1824 633 1898 lacere,
656 1840 711 1882 nec
728 1821 872 1898 prodesse
889 1823 988 1882 nervis
1003 1831 1051 1881 aut

50 1908 174 1966 vesicae.
207 1906 320 1967 Albana
340 1909 439 1968 nervis
461 1908 593 1983 utiliora,
620 1904 769 1966 stomacho
785 1906 877 1962 minus
895 1922 968 1981 quae
986 1913 1052 1964 sunt

21 1988 157 2066 adeleia,
176 1999 295 2051 austera
309 1992 358 2051 vel
373 1991 498 2052 Falerno
515 1991 639 2050 utiliora.
670 1990 890 2048 concoctionem
900 1990 991 2048 minus
1003 1989 1051 2048 ad·

49 2073 161 2151 iuvant,
178 2075 356 2134 stomachum
368 2077 480 2135 modice
495 2075 624 2153 inplent,
639 2082 668 2132 at
679 2073 848 2132 Surrentina
861 2071 940 2131 nullo
952 2073 1050 2148 modo,

51 2174 102 2216 nec
118 2166 207 2236 eaput
226 2166 384 2238 temptant,
408 2159 546 2219 stomachi
567 2168 597 2218 et
613 2159 815 2218 intestinorum
830 2154 1049 2215 rheumatismos

54 2239 194 2306 cohibent.
225 2239 358 2302 Caecuba
373 2246 429 2303 iam
443 2261 501 2303 non
517 2245 681 2320 gignuntur.

108 2324 193 2404 (21.)
230 2323 267 2384 lit
289 2343 362 2402 quae
378 2335 534 2405 supersunt
549 2325 649 2384 Setina
666 2323 748 2384 cibos
766 2324 909 2399 concoqui
928 2331 1044 2400 cogunt.
1058 2334 1093 2388 36

20 2408 148 2467 uvirium
176 2408 243 2486 plus
270 2408 459 2486 Surrentino,
487 2410 665 2469 austeritatis
688 2407 822 2482 Albano,
848 2406 1050 2466 vehementiae

49 2491 272 2552 minusFalerno
284 2493 400 2553 babent.
429 2495 464 2554 ab
474 2493 518 2553 his
526 2488 964 2566 Statananonlongointervallo
972 2489 1050 2548 afue-

1 2633 2 2640 ,
48 2575 109 2633 rint.
133 2575 203 2636 alvo
216 2578 292 2636 citae
307 2576 455 2654 Signinum
470 2595 600 2636 maxume
613 2575 778 2634 conducere
792 2571 980 2632 indubitatum
993 2579 1047 2631 est.

107 2660 192 2738 (22.)
220 2659 344 2738 Reliqua
358 2663 389 2720 in
406 2679 555 2721 commune
570 2660 710 2720 dicentur.
737 2657 815 2716 Vino
832 2655 944 2714 aluntur
954 2657 1046 2731 vires,
1057 2665 1090 2720 37

47 2746 164 2820 sanguis
181 2743 324 2821 colosque
337 2744 489 2806 hominum.
517 2743 574 2803 hoc
588 2743 675 2803 distat
691 2741 772 2801 orbis
787 2739 898 2798 medius
910 2746 941 2798 et
952 2740 1050 2798 mitior

19 2826 130 2904 aplaga
146 2845 164 2887 a
180 2829 382 2888 circumiectis.
414 2837 548 2906 quantum
558 2828 620 2891 illis
636 2826 738 2885 feritas
755 2824 825 2883 lacit
839 2823 974 2898 roboris,
990 2831 1049 2881 tan·

47 2918 102 2970 tum
123 2911 214 2972 nobis
231 2911 279 2971 hic
293 2930 388 2972 sucus.
422 2911 506 2971 lactis
523 2919 610 2990 potus
626 2927 695 2968 ossa
711 2908 776 2984 alit,
796 2907 910 2983 frugum
927 2924 1048 2982 nervos,

45 3011 135 3072 aquae
159 2997 264 3055 carnis.
295 2996 363 3056 ideo
386 2998 479 3056 minus
501 2996 617 3056 ruboris
643 3001 688 3052 est
709 2993 738 3051 in
753 2991 926 3070 corporibus
943 2990 1001 3050 illis
1018 2998 1048 3049 et

44 3080 133 3138 minus
163 3079 283 3139 roboris
309 3088 467 3157 contraque
494 3079 613 3138 labores
639 3076 805 3154 patientiae.
841 3075 909 3133 vino
930 3075 1044 3135 modico
1057 3085 1092 3138 38

45 3164 125 3220 nervi
143 3164 296 3239 iuvantur,
313 3165 482 3240 copiosiore
494 3163 657 3236 laeduntur,
674 3161 717 3220 sic
729 3157 854 3220 etocull.
885 3158 1048 3219 stomachus

19 3254 200 3306 areereatur
227 3253 258 3306 et
277 3247 443 3325 adpetentia
464 3247 596 3306 ciborum
614 3245 768 3320 invitatur,
793 3242 910 3301 tristitia
930 3250 961 3302 et
980 3259 1049 3302 cura

46 3327 221 3406 hebetatur,
252 3332 334 3390 urina
361 3339 391 3390 et
417 3331 501 3408 algor
526 3328 701 3408 expellitur,
727 3345 844 3386 somnus
869 3325 1047 3385 conciliatur.

45 3420 205 3488 praeterea
222 3414 399 3474 vomitiones
419 3416 514 3491 sistit,
540 3411 733 3473 collectiones
754 3418 838 3470 extra
858 3409 930 3470 lanis
945 3410 1046 3470 umidis

45 3497 182 3575 inpositis
210 3499 331 3574 mitigat.
368 3497 561 3577 Asclepiades
589 3496 742 3556 utilitatem
768 3495 828 3554 vini
854 3497 971 3571 aequari
998 3497 1048 3556 vix
1147 3539 1150 3542 -
