2508 3924
308 234 386 281 aar.
404 233 494 282 msc.
510 234 632 282 xxv11r.
648 231 674 287 t.
693 233 719 288 8.
735 223 794 302 (aa.
809 223 869 301 aa.)
1018 224 1073 283 171

82 405 185 448 rursus
198 387 415 465 contuentibus,
438 405 607 468 omnemque
620 391 677 448 vim
689 388 776 448 talem
786 389 905 469 resolvi,
920 390 945 450 si
961 389 1077 450 mullum

83 475 198 550 piscem
213 489 314 532 secum
324 470 457 532 habeant.
478 472 557 533 multi
568 489 639 532 vero
652 473 749 532 inesse
765 474 849 532 etiam
861 474 987 534 remedia
998 483 1076 535 tanto

0 592 1 625 1
81 555 179 630 malo,
198 554 336 633 podagris
352 554 446 629 inlini,
470 565 592 616 strumas
613 566 642 616 et
657 554 820 633 parotidas,
843 575 951 635 panos,
974 574 1075 618 sacros

80 639 174 714 ignis,
189 637 377 715 furunculos,
399 638 556 717 epiphoras
569 648 691 700 tractatu
706 638 854 700 mulierum
870 659 966 700 earum
980 642 1075 717 leniri,

54 721 149 782 ebais
166 729 197 780 et
211 721 301 800 Salpe
319 738 419 781 canum
435 721 615 782 rabiosorum
634 740 746 782 morsus
762 732 791 782 et
811 726 947 784 tertianas
963 733 1076 801 quarta·

1 803 2 806 ’
80 823 195 882 nasque
215 804 306 863 lebris
327 799 472 866 menstr'uo
491 807 519 864 in
542 806 607 866 lana
622 807 719 866 arietis
736 807 810 883 nigri
831 817 969 884 argenteo
992 808 1074 868 brac·

81 887 171 946 chiali
187 887 317 962 incluso,
336 887 477 948 Diotimus
494 888 646 949 Thebanus
667 889 717 949 vel
735 892 848 949 omnino
865 892 953 950 vestis
972 891 1011 951 ita
1032 891 1118 956 insit
1175 944 1181 953 .

79 970 180 1030 lectae
208 970 388 1048 portiuncula
418 989 453 1031 ae
476 971 524 1031 vel
556 973 623 1032 licio
648 972 804 1033 bracchiali
826 974 944 1034 inserto.
980 975 1075 1034 Sotira

81 1053 229 1114 obstetrix
250 1054 378 1113 tertianis
397 1056 600 1135 quartanisque
620 1057 849 1117 efficacissimum
872 1057 943 1117 dixit
962 1056 1075 1134 plantas
1232 1123 1237 1134 ,

43 1152 71 1194 ro
81 1139 182 1213 aegris
205 1136 372 1213 subterlini,
401 1138 548 1216 multoque
575 1139 724 1200 ellieacius
752 1139 787 1200 ab
812 1140 874 1218 ipsa
899 1139 1018 1200 muliere
1046 1148 1076 1198 et
1169 1126 1181 1207 i

26 1265 48 1300 „
80 1220 237 1297 ignoranti.
268 1222 310 1279 sic
327 1229 357 1280 et
379 1221 529 1281 comitialis
544 1223 676 1282 excitari.
704 1222 828 1284 icatidas
849 1224 976 1283 medicus
992 1239 1076 1300 quar·
1159 1232 1192 1269 ¹-

79 1313 165 1363 tanas
184 1304 257 1362 liniri
273 1304 361 1381 coitu,
377 1304 581 1382 incipientibus
597 1306 742 1365 dumtaxat
761 1307 925 1382 menstruis,
941 1322 1073 1383 spopon-
1130 1326 1154 1398 ,ι

79 1387 133 1447 dit.
162 1387 238 1446 inter
254 1387 346 1445 omnis
360 1405 433 1447 vero
452 1390 597 1465 convenit,
614 1390 638 1448 si
654 1407 727 1466 aqua
743 1399 886 1468 potusque
904 1387 1130 1455 formidaturos·

0 1505 1 1530 r
79 1486 211 1530 amorsn
227 1471 316 1545 canis,
329 1472 478 1551 supposita
489 1481 594 1532 tautum
610 1471 696 1531 calici
712 1472 815 1532 lacinia
830 1473 890 1550 tali,
907 1473 1001 1531 statim
1015 1489 1073 1531 me·

0 1600 1 1613 ,
44 1563 141 1614 aetum
156 1571 221 1612 euru
236 1553 358 1629 discuti,
379 1554 517 1614 videlicet
532 1555 720 1634 praevalente
739 1556 899 1634 sympathia
919 1555 969 1614 illa
985 1553 1095 1640 Grae-‘s‘

0 1675 1 1678 =
79 1655 198 1711 corum,
222 1654 284 1696 cum
300 1636 409 1698 rabiem
430 1655 531 1698 canum
554 1639 616 1698 eius
636 1637 782 1714 sanguinis
811 1647 925 1715 gustatu
946 1639 1074 1714 incipere}
1117 1670 1121 1678 ,

0 1764 1 1785 ,
78 1721 248 1780 dixerimus.
265 1722 362 1780 cinere
373 1738 410 1781 eo
423 1721 611 1781 iumentorum
623 1722 853 1781 omniumnlcera
866 1722 1058 1785 amaricent.
1073 1749 1098 1784 aa

77 1813 140 1864 turn
160 1811 206 1862 est
226 1801 319 1862 addita
337 1805 510 1864 caminorum
526 1806 617 1867 lerina
633 1812 662 1866 et
683 1822 761 1864 cera.
791 1804 919 1865 maculas
936 1813 1064 1878 autem'e

0 1926 1 1949 1
77 1895 165 1946 reste
184 1903 235 1946 eas
249 1888 374 1946 nonnisi
392 1885 520 1947 eiusdem
536 1889 615 1948 urina
632 1887 717 1948 ablui.
746 1888 872 1948 cinerem
894 1905 947 1966 per
962 1879 1064 1951 se'ross
1076 1898 1109 1956 a.

43 1987 171 2034 msaceo
192 1971 309 2029 mixtum
333 1970 501 2031 laminarum
522 1971 680 2051 praecipue
704 1973 807 2048 capitis
828 1963 1092 2031 doloresvsedare'

1 2083 6 2126 t
78 2054 191 2114 inlitum
208 2053 314 2128 fronti,
337 2055 582 2133 asperrimamque
596 2055 653 2114 vim
668 2054 790 2133 probuti
812 2057 873 2115 eius
890 2073 956 2114 esse
972 2071 1073 2131 perse
1100 2079 1113 2131 q

2 2159 3 2208 j
78 2137 162 2198 annis
177 2137 342 2212 virginitate
357 2137 462 2198 soluta.
490 2139 519 2198 id
537 2155 653 2216 quoque
673 2139 818 2214 convenit,
835 2155 893 2216 qno
909 2137 977 2197 nihil
994 2137 1072 2214 equi·

1 2255 5 2294 1
79 2221 146 2280 dem
167 2217 304 2278 libentius
328 2219 519 2298 crediderim,
539 2223 622 2281 tactis
638 2223 752 2280 omnino
773 2231 920 2281 menstruo
942 2219 1074 2299 postibus

1 2341 4 2380 Ι
79 2305 181 2364 inritas
196 2304 260 2362 lieri
274 2301 424 2380 Magorum
438 2313 531 2379 artes,
553 2306 671 2380 generis
687 2304 849 2379 vanissimi,
871 2312 901 2362 ut
921 2304 1074 2364 aestimare

1 2425 4 2462 ,
42 2388 161 2449 aelicet.
201 2403 307 2463 ponam
332 2389 406 2444 enim
427 2387 476 2446 vel
498 2387 738 2446 modestissimum
757 2405 774 2446 e
795 2389 945 2465 promissis
960 2397 1115 2462 corum,86

2 2539 3 2544 η
79 2488 120 2530 ex
137 2470 253 2528 homine
269 2469 409 2546 siquidem
433 2470 597 2544 resegmina
613 2471 746 2546 unguium
762 2488 778 2529 e
793 2469 916 2549 pedibus
930 2467 1071 2528 manibus-

2 2620 3 2625 ,
79 2571 139 2632 que
163 2569 231 2612 cera
255 2553 412 2630 permixta,
439 2554 478 2611 ita
497 2561 529 2611 ut
546 2551 656 2612 dicatur
674 2554 831 2630 tertianae,
857 2562 1011 2630 quartanae
1025 2551 1074 2612 rel

1 2663 3 2698 r
79 2633 244 2696 cotidianae
265 2636 340 2695 lebri
360 2635 517 2695 remedium
538 2636 654 2712 quaeri,
675 2644 740 2696 anta
764 2636 835 2697 solis
853 2645 944 2697 ortum
959 2634 1072 2694 alienae

2 2745 3 2790 ᾗ
78 2721 183 2780 ianuae
197 2719 284 2795 adtigi
297 2719 394 2778 iubent
406 2719 441 2779 ad
453 2718 579 2778 remedia
593 2719 622 2777 in
632 2718 676 2778 his
689 2719 806 2795 morbis,
819 2728 922 2799 quanta
935 2719 1071 2794 vanitate,

43 2821 71 2862 so
81 2803 105 2862 si
121 2803 227 2862 laisum
243 2811 300 2880 cst,
316 2811 419 2881 quanta
437 2819 509 2863 vero
524 2803 626 2876 noxia,
646 2803 670 2860 si
685 2803 858 2862 transierunt
871 2801 1002 2862 morbos!
1031 2803 1075 2860 in·.

78 2885 270 2946 nocentiores
298 2903 336 2950 cx
360 2885 404 2944 his
429 2885 549 2945 omnium
571 2885 723 2962 digitorum
748 2888 911 2961 resegmina
938 2886 1073 2962 unguium

78 2970 115 3030 ad
146 2985 288 3028 cavernas
316 2969 500 3028 formicarum
529 2969 605 3029 abici
634 2968 733 3028 iubent
760 2985 879 3046 eamque
910 2986 985 3047 quae
1014 2971 1071 3047 pri·

78 3071 124 3112 ma
154 3054 287 3130 coeperit
309 3052 424 3112 trahere
446 3061 612 3131 conreptam
638 3053 771 3112 subnecti
793 3052 887 3129 eollo,
907 3053 946 3112 ita
969 3050 1072 3111 discuti

77 3135 223 3196 morbum.
1027 3185 1030 3190 r

44 3237 70 3278 ss
144 3219 174 3282 8.
200 3217 284 3296 (24.)
306 3217 386 3278 llaec
406 3225 470 3278 sunt
491 3235 564 3296 qnae
587 3219 724 3280 retulisse
748 3219 792 3278 ias
816 3218 851 3276 sit
873 3234 908 3276 ac
929 3217 1112 3297 pleraquest

77 3319 138 3362 non
153 3302 210 3361 nisi
224 3301 335 3362 honore
349 3301 438 3376 dicto,
450 3301 563 3380 reliqua
572 3301 754 3378 intestabilia,
770 3299 899 3376 infanda,
912 3310 942 3360 ut
956 3302 1073 3362 destinet

77 3388 176 3450 oratio
195 3382 231 3444 ab
247 3385 361 3446 homine
375 3386 488 3462 lugere.
517 3387 547 3444 iu
563 3388 669 3446 ceteris
685 3383 1006 3447 claritates'animalium
1024 3395 1072 3444 aut

78 3486 206 3550 opernm
220 3487 383 3548 sequemur.
416 3467 571 3548 Elephanti
585 3472 712 3548 sanguis,
731 3469 888 3549 praecipue
901 3468 1001 3545 maris,
1021 3465 1069 3528 llu-
