2396 3922
269 277 348 325 nun.
363 277 454 324 nisu.
472 273 595 322 xxvnr.
615 272 640 325 t.
664 263 816 343 (to-14.)
981 263 1040 326 165

60 431 151 505 cibus,
174 430 280 491 cadere
295 424 324 492 in
339 449 440 510 aquam
456 430 588 491 demissis
607 429 740 508 frigidam
762 429 900 510 pedibuS,
924 432 948 490 si
968 441 1040 490 vero

59 531 93 574 ex
108 515 172 574 aliis
187 515 312 592 ossibus,
326 516 458 593 inpositis
474 517 560 594 capiti
575 532 612 573 ex
634 513 738 573 eodem
759 532 829 574 vase
845 513 992 592 ossiculis,
1016 516 1040 575 si
1106 508 1111 520 '

58 599 134 678 panis
149 596 279 673 haereat,
296 617 334 658 ex
350 599 451 658 eodem
468 600 497 657 in
513 608 661 676 utramque
677 615 775 656 aurem
790 596 886 658 addito
905 616 987 676 pane.

115 680 197 759 (13.)
223 683 295 756 Quin
312 691 340 740 et
357 681 451 742 sordis
470 682 591 741 hominis
605 682 633 740 in
651 681 761 757 magnis
780 681 880 741 fecere
901 680 1083 747 remediis'50

36 774 292 844 nquaestuosorum
315 766 463 842 gymnasia
479 766 670 841 Graecorum,
695 763 801 843 quippe
822 781 856 824 ea
873 768 1041 842 strigmenta

54 848 195 924 molliunt,
218 849 406 923 calefaciunt,
428 848 598 922 discutiunt,
618 848 770 926 conplent,
793 849 900 908 sudore
921 858 951 908 et
972 851 1040 909 oleo

53 931 220 992 medicinam
238 931 418 992 facientibus.
448 932 543 993 volvis
561 933 738 992 inflammatis
763 932 975 1009 contractisque
992 933 1041 992 ad·

53 1023 211 1074 moventur.
235 1018 277 1075 sic
295 1024 324 1074 et
337 1033 453 1074 menses
468 1018 560 1092 cient,
583 1016 661 1075 sedis
675 1015 909 1074 inflammationes
925 1024 954 1074 et
973 1033 1041 1076 con·

54 1098 194 1172 dplomata
210 1099 327 1175 leniunt,
341 1099 409 1157 item
425 1100 580 1160 nervorum
596 1098 726 1176 dolores,
738 1099 843 1176 luxata,
857 1099 1041 1158 articulorum

24 1183 152 1254 mundos.
184 1183 352 1243 efficaciora
368 1181 469 1242 eadem
488 1185 656 1259 strigmenta
673 1201 689 1242 a
703 1180 840 1260 balineis,
863 1191 893 1242 et
905 1182 974 1243 ideo
987 1183 1037 1241 mi·
1048 1196 1080 1247 51

53 1275 167 1325 scantur
187 1266 397 1344 suppuratoriis
416 1267 640 1327 medicamentis.
679 1283 744 1325 nam
770 1262 818 1326 illa
846 1283 919 1344 quac
939 1275 1004 1327 sunt
1024 1285 1041 1326 e

53 1356 198 1408 ceromate
221 1351 362 1428 permixta
379 1367 472 1409 coeno
493 1350 630 1410 articulos
645 1358 750 1410 tantum
769 1349 915 1426 molliunt,
935 1350 1040 1410 calefa-

52 1433 136 1508 ciunt,
153 1432 307 1492 discutiunt
325 1433 483 1512 efficacius,
502 1433 554 1492 sed
570 1432 606 1492 ad
621 1441 718 1492 cetera
736 1433 827 1492 minus
842 1434 950 1493 valent.
979 1433 1038 1514 Ex7
1048 1443 1083 1497 52
1167 1486 1170 1497 .

52 1515 128 1574 cedit
144 1514 230 1575 iidem
245 1517 385 1593 inpudens
406 1534 473 1575 cura
493 1534 547 1594 qua
570 1517 664 1575 sordis
685 1513 826 1576 virilitatis
845 1525 944 1576 contra
960 1533 1039 1576 senr-

19 1601 166 1677 npionum
183 1601 257 1659 ictus
270 1599 422 1675 singularis
438 1601 547 1658 remedi
564 1599 745 1658 celeberrimi
758 1609 893 1659 auctores
906 1601 1039 1675 clamant,
1133 1646 1140 1664 t

49 1701 148 1742 rursus
172 1683 201 1740 in
229 1682 341 1741 feminis
362 1701 432 1760 quas
457 1684 603 1742 infantium
626 1683 692 1742 alvo
716 1681 808 1741 editas
825 1683 853 1741 in
870 1690 953 1743 utero
975 1679 1040 1762 ipso

50 1774 150 1826 contra
166 1766 345 1830 sterilitatem
360 1766 441 1826 subdi
464 1775 600 1843 censent,
628 1767 789 1825 meconium
809 1775 923 1826 vocant.
955 1767 1039 1826 imme

48 1851 134 1909 etiam
156 1849 238 1926 ipsos
258 1850 469 1926 gymnasiorum
490 1868 590 1909 rasere
611 1852 756 1929 parietes,
786 1859 814 1908 et
833 1849 900 1909 illae
925 1867 1040 1928 quoquc

48 1932 152 1992 sordes
168 1931 403 2010 excalfactoriam
416 1934 471 1992 vim
486 1933 595 1994 habere
612 1934 751 2007 dicuutur,
769 1949 861 2011 panos
877 1933 1039 2010 discutiunt,

14 2038 39 2081 ro
46 2015 195 2075 ulceribus
210 2032 309 2074 senum
324 2034 534 2094 puerorumque
558 2027 586 2077 et
601 2017 797 2095 desquamatis
809 2015 983 2077 ambustisve
997 2018 1039 2075 in-

47 2099 184 2160 linuntur.

110 2182 197 2261 (14.)
219 2181 264 2241 Eo
278 2185 371 2241 minus
387 2183 476 2243 omitti
489 2185 623 2245 convenit
636 2183 672 2244 ab
688 2183 781 2244 animo
796 2183 917 2244 hominis
936 2191 1035 2262 peten·
1048 2194 1084 2248 53

44 2266 80 2326 tis
100 2265 272 2326 medicinas.
300 2264 445 2326 abstinere
462 2286 495 2328 se
518 2268 583 2328 cibo
606 2268 749 2342 omniunt
769 2276 855 2346 potu,
881 2268 952 2328 alias
971 2269 1039 2327 viuo

44 2357 154 2409 tantum
170 2359 219 2410 aut
234 2367 331 2426 carne,
347 2349 418 2410 alias
433 2351 563 2429 balineis,
578 2369 639 2411 cum
656 2351 723 2429 quid
739 2369 837 2412 eorum
848 2351 976 2429 postulet
991 2367 1041 2418 vaf

11 2433 157 2508 aclitudo,
180 2435 210 2492 in
233 2435 475 2512 praesentissimis
495 2434 630 2494 remediis
647 2434 780 2494 habetur.
811 2433 856 2493 his
873 2434 1039 2493 adnumera-

44 2525 89 2575 tur
115 2517 306 2591 exereitatic,
328 2518 448 2578 intentio
469 2519 568 2594 vocis,
589 2519 694 2594 ungui,
716 2517 815 2576 fricari
836 2535 898 2576 cum
918 2518 1039 2575 ratione.

42 2599 205 2660 vehemens
228 2602 303 2658 enim
319 2600 434 2660 fricatio
453 2602 576 2678 spissat,
605 2601 679 2660 lenis
704 2599 811 2675 mollit,
836 2599 922 2658 multa
944 2598 1042 2657 adimit

41 2700 172 2762 eorpus,
198 2691 285 2760 anget
309 2683 430 2744 modica.
465 2685 612 2762 inprimis
634 2699 705 2745 vero
731 2683 851 2762 prodest
876 2681 1058 2755 ambulatio,

40 2768 173 2844 gestatio
201 2774 230 2826 et
247 2785 280 2826 ea
296 2766 425 2844 pluribus
446 2767 547 2827 modis.
578 2768 716 2845 equitatio
740 2766 888 2826 stomacho
908 2774 938 2826 et
955 2765 1083 2829 coxisti

7 2851 208 2926 mutilissima,
226 2849 331 2927 phthisi
344 2852 506 2926 navigatio,
527 2851 624 2929 longis
638 2850 746 2911 morbis
761 2849 892 2912 locorum
911 2849 1041 2926 mutatio,

38 2935 111 2994 item
130 2950 235 2994 somno
257 2932 311 2991 sibi
332 2933 441 2992 mederi
463 2942 510 2993 aut
526 2933 633 2995 lectulo
656 2943 685 2993 et
707 2951 773 2992 rara
793 2935 958 2993 vomitione.
995 2949 1041 2990 su·

36 3019 101 3096 pini
122 3017 239 3076 cubitus
260 3014 353 3076 oculis
374 3015 553 3094 conducunt,
583 3026 612 3078 at
634 3020 718 3096 proni
735 3016 879 3094 tussibus,
907 3018 935 3076 in
950 3016 1042 3075 latera

37 3101 190 3160 adversus
214 3098 434 3177 destillationes.
470 3099 648 3162 Aristoteles
668 3110 697 3160 et
720 3099 863 3160 Fabianus
883 3101 1042 3179 plurumum

36 3184 185 3244 somniari
201 3185 280 3242 circa
303 3199 354 3242 ver
375 3190 405 3242 ct
422 3191 582 3244 autumnum
608 3184 736 3260 tradunt,
766 3186 916 3263 magisque
938 3184 1041 3261 supino

4 3277 27 3320 cs
38 3267 155 3341 cubitu,
167 3276 201 3326 at
217 3283 311 3344 prono
326 3265 405 3343 nihil,
421 3266 637 3347 Theophrastus
649 3268 776 3329 celerius
793 3269 934 3348 concoqui
948 3266 1049 3326 dextri.

10 3351 147 3424 ,lateris
174 3349 317 3426 incubitu,
342 3350 487 3410 difficilius
507 3368 524 3410 a
545 3353 662 3431 supinis.
692 3351 743 3410 Sol
760 3368 876 3429 quoque
897 3349 1082 3415 remedio-55

35 3451 103 3492 rum
119 3451 284 3493 maxumum
300 3431 335 3492 ab
357 3435 420 3512 ipso
437 3433 490 3493 sibi
505 3437 646 3512 praestari
668 3445 781 3514 potest,
802 3437 875 3494 sicut
891 3435 1042 3494 linteorum

27 3519 259 3594 ,strigiliumque
277 3514 465 3579 vehementia.
501 3518 676 3596 perfundere
693 3528 779 3595 caput
794 3519 886 3579 calida
906 3526 970 3579 ante
992 3515 1041 3577 ba·
