2406 3914
120 208 180 280 280
463 219 492 267 c.
509 219 771 269 permansuram

119 393 241 450 nomen,
256 375 336 435 loliis
351 376 380 435 in
395 375 600 436 rotunditatem
615 377 728 453 longis,
745 374 889 435 laudatum
903 377 933 434 in
950 374 1034 434 cibis.
1063 373 1146 433 duo-

119 478 178 518 rum
196 467 349 538 praeterea
365 476 521 537 generum,
543 460 679 520 silvestre
695 467 723 518 et
740 459 851 535 mitius,
876 467 1032 536 utrumque
1048 457 1146 536 prod-

120 561 187 604 esse
203 544 388 618 dysintericis
404 543 490 602 etiam
509 543 685 602 exulceratis
702 561 765 602 cum
782 559 873 620 pane,
890 541 1045 602 stomacho
1063 557 1144 600 vero

119 645 157 686 ex
177 635 272 686 aceto.
304 626 453 686 ulceribus
473 628 595 686 vetustis
618 627 697 686 inlini
720 626 839 686 crudum
860 636 889 686 et
911 626 1067 685 volnerum
1089 643 1145 684 re-

119 711 243 770 centium
264 711 387 788 impetus
405 710 497 770 lenire
514 718 543 770 et
563 709 724 770 luxatorum
740 710 847 788 pedum
861 728 897 769 ac
912 710 1035 769 vesicae
1050 707 1142 768 dolc-
1159 725 1175 763 s

118 811 177 854 res.
209 794 337 854 silvestri
351 794 484 854 tenuiora
504 793 591 869 lolia,
618 795 715 855 sedin
731 794 841 854 eisdem
857 793 997 853 remediis
1013 791 1143 850 effectus

76 883 110 939 75
117 878 243 937 maiores
259 887 289 936 et
303 879 331 937 ia
343 877 469 937 sananda
478 878 621 937 hominum
637 895 672 938 ac
685 895 826 956 pecorum
839 877 952 936 scabie.
982 884 1143 954 praeterea

118 961 242 1020 nitorem
258 962 377 1040 corpori
399 961 461 1024 lieri
476 961 668 1040 dentibusque
686 961 858 1037 candorem,
882 962 906 1020 si
926 961 1071 1020 tricentur
1092 975 1144 1018 ra·

120 1046 185 1106 dice
204 1063 256 1120 ea,
279 1047 388 1104 semine
407 1045 523 1122 linguae
540 1044 654 1105 subdito
676 1046 751 1105 sitim
771 1062 828 1106 non
844 1045 956 1104 sentiri.
987 1044 1047 1104 boc
1064 1057 1143 1120 quo·

120 1145 176 1209 que
192 1129 286 1188 mandi
302 1137 331 1188 et
342 1138 464 1206 utraque
480 1130 566 1189 etiam
582 1129 702 1189 condiri.
729 1127 870 1189 Crateuas
885 1129 1003 1189 tertium
1018 1143 1143 1205 qnoque
1156 1141 1186 1182 ao

119 1230 212 1290 genus
231 1213 347 1272 tradidit
367 1212 547 1290 longioribus
569 1213 648 1272 loliis
669 1221 698 1272 et
718 1211 942 1289 hirsuticribus,
972 1211 1067 1271 odore
1089 1227 1142 1269 cu-

120 1297 232 1374 pressi,
259 1298 340 1355 nasci
365 1296 418 1356 sub
445 1296 555 1357 hedera
577 1314 726 1371 maxume,
755 1296 902 1375 prodesse
924 1294 1140 1375 opisthotonis,

120 1379 364 1439 contractionibus
380 1398 535 1440 nervorum
550 1380 641 1440 tribus
657 1379 754 1440 obolis
769 1380 798 1439 in
812 1375 972 1439 sextarir'rm
986 1395 1094 1456 aquae.

78 1470 112 1526 76
175 1463 261 1542 (34.)
284 1462 406 1523 Acanthi
424 1464 566 1542 topiariae
583 1473 613 1524 et
629 1464 757 1524 urbanae
777 1463 888 1523 herbae
903 1463 964 1523 lato
984 1463 1141 1540 longoque

119 1546 192 1607 folio
213 1547 378 1626 crepidines
400 1549 559 1624 marginum
580 1547 855 1626 adsurgentiumque
883 1547 1072 1624 pulvinorum
1094 1553 1141 1603 to·
1154 1559 1182 1601 as

120 1648 170 1690 ros
186 1633 338 1691 vestientis
354 1630 411 1691 duo
426 1648 536 1707 genera
552 1642 633 1707 sunt,
657 1631 822 1691 aculeatum
838 1640 867 1689 et
887 1631 1037 1708 crispum,
1060 1625 1143 1708 qnod

122 1714 257 1788 brevius,
286 1715 407 1775 alterum
429 1715 512 1791 leve,
541 1717 618 1792 quod
641 1715 728 1793 aliqui
754 1715 917 1792 paederota
939 1721 1067 1788 vocant,
1092 1711 1143 1771 alii

120 1796 364 1877 melamphyllum.
400 1798 491 1859 liuius
506 1800 621 1858 radices
638 1801 711 1859 ustis
726 1799 891 1876 luxatisque
913 1799 987 1858 mire
1003 1804 1142 1875 prosunt,

121 1883 190 1940 item
204 1883 306 1958 raptis,
325 1882 484 1957 convolsis,
502 1891 531 1942 et
545 1883 680 1962 phthisim
695 1882 889 1943 metuentibus
904 1883 1045 1941 incoctae
1060 1878 1142 1954 cibo,

119 1981 252 2023 maxume
266 1966 368 2024 tisana.
402 1965 541 2044 podagris
557 1983 673 2046 quoque
695 1967 850 2026 inlinuntur
869 1966 956 2025 tritae
977 1973 1009 2024 ct
1030 1963 1179 2024 calcia-so

121 2054 186 2107 ctae
201 2047 311 2106 calidis.

78 2137 111 2193 77
185 2127 266 2212 (35.)
290 2129 457 2210 Bnpleuron
484 2133 513 2192 in
536 2142 640 2212 sponte
666 2135 845 2194 nascentium
871 2132 987 2192 clerum
1019 2146 1144 2190 nurnero

121 2211 226 2273 Graeci
243 2213 366 2290 habent,
384 2216 469 2276 caule
486 2216 618 2291 cubitali,
637 2218 716 2277 foliis
732 2217 829 2276 multis
845 2216 1023 2294 longisque,
1043 2215 1144 2293 capite

121 2297 214 2372 aneti,
240 2297 384 2358 laudatum
398 2300 426 2358 in
446 2300 519 2360 cibis
540 2299 576 2360 ab
593 2300 790 2380 llippocrate,
812 2301 841 2359 in
857 2299 1002 2359 medicina
1021 2315 1038 2358 a
1055 2297 1143 2358 Glau-

122 2395 197 2438 cone
221 2389 249 2440 et
267 2380 423 2442 Nicandro.
467 2401 568 2442 semen
592 2394 692 2446 contra
712 2385 859 2463 serpentis
880 2383 971 2442 valet.
1011 2382 1086 2443 lolia
1106 2380 1142 2442 ad
1152 2405 1177 2446 za

120 2465 264 2524 secundas
284 2465 452 2526 feminarum
475 2467 524 2526 vel
547 2484 646 2528 sucum
667 2487 704 2527 ex
724 2469 792 2527 rinc
813 2467 951 2541 inlinunt,
976 2474 1007 2525 et
1023 2466 1143 2524 strumis

120 2547 190 2607 lolia
208 2566 272 2607 cum
292 2549 354 2609 sale
374 2559 403 2608 et
421 2551 500 2611 vino.
537 2551 619 2610 radix
641 2561 743 2611 contra
761 2551 909 2629 serpentis
926 2550 1060 2610 daturin
1074 2551 1143 2608 vino

121 2639 150 2690 et
167 2633 266 2691 urinae
283 2634 415 2693 ciendae.

78 2721 113 2777 78
187 2714 270 2793 (36.)
292 2715 455 2795 Buprestim
481 2735 584 2793 magna
606 2719 797 2777 inconstantia
820 2717 927 2778 Graeci
949 2719 979 2777 in
1005 2716 1142 2777 laudibus

122 2795 249 2856 ciborum
271 2802 355 2861 etiam
377 2799 520 2877 habuere,
546 2801 691 2880 iidemque
715 2801 843 2860 remedia
867 2811 1015 2881 tamquam
1040 2807 1175 2862 connato

120 2897 263 2940 venenum
278 2883 475 2961 prodiderunt,
491 2893 521 2943 et
535 2885 628 2962 ipsum
643 2902 749 2944 nornen
764 2884 871 2945 indicio
888 2893 936 2945 est
952 2885 1045 2944 boum
1061 2891 1143 2944 certe

121 2981 263 3023 venenum
280 2983 365 3042 esse,
384 2985 458 3044 quos
477 2968 601 3029 dissilire
617 2968 770 3046 degustata
786 2968 924 3029 fatentur.
956 2977 1142 3047 quapropter

120 3064 176 3106 nec
191 3047 296 3108 dehac
312 3051 394 3127 plura
410 3051 548 3111 dicemus.
576 3062 622 3112 est
635 3069 706 3112 vero
722 3070 810 3112 causa
825 3069 917 3131 quare
929 3071 1048 3112 venena
1061 3069 1140 3112 mon·

122 3136 244 3188 strennus
256 3132 331 3192 inter
342 3136 504 3211 gramineas
516 3152 650 3212 coronas,
663 3135 718 3194 nisi
730 3134 856 3195 libidinis
869 3153 960 3197 causa
972 3134 1140 3216 expetenda

122 3211 208 3353 aliqui
228 3213 357 3354 querar,
380 3233 463 3293 quam
485 3235 542 3277 non
563 3219 648 3279 aliter
668 3221 761 3295 magis
782 3219 905 3279 accendi
929 3229 1036 3300 putant
1057 3235 1172 3298 quamas

121 3311 189 3371 poa
208 3315 242 3355 ea

80 3382 115 3437 79
185 3377 269 3463 (37.)
293 3378 521 3458 Elaphoboscon
542 3384 721 3446 ferulaceum
744 3395 805 3462 est,
835 3387 1039 3464 geniculatum
1060 3385 1140 3463 digiti

123 3460 322 3538 crassitudine,
339 3465 449 3525 semiue
465 3467 609 3541 corymbis
623 3468 856 3548 dependentibus
874 3471 938 3532 silis
956 3472 1072 3550 elligie,
1089 3468 1139 3530 sed
