2406 3914
286 262 366 310 aar.
382 261 473 310 msa.
490 261 575 310 xxm.
591 259 634 312 55.
653 249 808 326 (tl—75.)
996 245 1058 310 295

63 417 223 478 vomitiones
245 425 360 494 movet,
382 417 478 477 alvom
499 415 611 491 turbat,
632 413 718 494 capiti
739 424 768 475 55
789 415 939 476 stomacho
954 431 1059 474 onero·

1 507 2 520 ³
62 519 123 561 mm.
154 519 251 579 genua
265 519 383 581 quoquo
398 500 548 578 degravat.
577 500 629 561 sed
645 499 837 560 madefactum
853 499 983 578 pluribus
999 500 1058 560 die-

61 585 106 644 bos
123 586 265 662 mitescit,
285 585 379 646 bubos
402 585 593 663 iumentisque
616 584 806 644 utilissimum.
849 584 972 662 siliquae
996 585 1059 650 eius

60 669 157 730 uirides
178 671 259 748 prius
279 687 364 750 quam
385 669 570 730 indurescant
590 685 654 728 cum
670 685 723 729 suo
739 668 822 728 caule
835 667 974 748 foliisque
990 683 1058 728 oon·

38 755 134 816 5551555
148 754 275 832 capillos
290 755 374 831 nigro
392 753 493 815 colore
508 753 645 812 inliciunt.

110 837 197 921 (74.)
216 837 319 918 Lupini
340 853 457 918 quoque
479 837 631 900 silvestres
648 847 728 916 suot,
751 838 827 899 omni
848 836 934 900 modo
950 839 1039 900 mino·
1053 850 1103 905 555

57 943 98 985 res
112 933 317 1006 praeterquam
331 925 527 988 amaritudine.
555 946 592 988 ex
607 925 739 989 omnibus
750 944 826 1007 quae
840 924 963 987 eduntur
976 927 1058 986 sicco

0 1032 6 1055 5
56 1009 117 1070 55111
131 1011 225 1070 mimus
241 1011 378 1088 ponderis
395 1021 440 1072 est
457 1029 513 1072 nec
527 1014 594 1091 plus
610 1011 750 1072 utilitatis.
788 1013 943 1072 mitescunt
958 1011 1057 1072 cinere

0 1124 12 1223 p
56 1102 96 1154 aot
111 1111 188 1174 aqua
203 1095 314 1156 calidis.
355 1095 483 1157 colorem
504 1096 626 1156 homimis
645 1095 862 1175 frequentiores
879 1097 907 1156 in
924 1094 991 1156 cibo
1008 1115 1058 1157 ex·

25 1221 36 1227 ,
54 1178 187 1254 triturant,
208 1181 298 1240 amari
319 1187 420 1241 contra
441 1181 557 1260 aspidas
578 1181 685 1241 valent.
718 1180 818 1241 ulcera
838 1190 900 1242 atra
921 1181 992 1241 aridi
1007 1182 1056 1242 de·

7 1345 10 1348 η
55 1263 239 1342 corticatique
248 1265 308 1324 triti
323 1265 476 1344 supposito
491 1265 612 1326 linteolo
629 1265 665 1325 ad
680 1265 776 1326 5155555
792 1282 900 1344 corpus
913 1266 1057 1344 redigunt.

1 1363 12 1397 1
53 1357 189 1426 5555555555,
210 1349 358 1428 parotidas
372 1351 401 1409 in
417 1358 502 1411 aceto
517 1351 594 1411 cocti
611 1350 774 1411 discutiunt.
800 1367 886 1410 sucus
900 1351 1038 1412 decocto·
1051 1355 1100 1415 155

0 1471 1 1478 5
53 1451 107 1492 rom
128 1451 195 1493 cum
216 1432 329 1494 rata'et
348 1436 452 1512 pipere
467 1435 516 1495 551
532 1436 560 1495 15
579 1434 654 1495 151551
677 1434 759 1494 515555
775 1435 810 1495 ad
825 1437 934 1495 ventris
951 1437 1057 1496 anima·

0 1545 2 1566 5
52 1516 85 1577 115
102 1517 245 1596 pellenda
264 1519 421 1579 minoribus
443 1520 559 1596 triginta
580 1537 733 1596 annorum,
758 1520 857 1598 pueris
877 1536 950 1579 5555
973 1521 1058 1580 etiam

10 1619 20 1644 5
52 1601 163 1680 inpositi
186 1603 365 1662 inventrem
387 1604 489 1663 ieiunis
506 1612 641 1681 prosunt,
664 1612 695 1662 et
713 1604 771 1665 alio
787 1621 898 1680 genere
922 1605 991 1665 tosti
1008 1603 1057 1663 551
1167 1631 1169 1635 ·

50 1686 76 1745 15
91 1685 207 1746 defruto
229 1687 306 1764 poti,
332 1687 382 1747 vel
402 1706 441 1747 en
459 1687 548 1749 melle
564 1689 679 1767 sumpti.
716 1688 802 1748 iidem
820 1688 984 1749 aviditatem
1000 1687 1057 1748 cibi

51 1770 171 1845 iaciunt,
188 1770 333 1830 fastidium
348 1771 508 1831 detrahunt.
544 1772 636 1832 155155
651 1789 752 1833 eorum
768 1780 853 1832 aceto
869 1771 990 1832 subacta
1007 1790 1056 1852 pa·

1 1873 3 1908 5
21 1877 25 1896 5
52 1855 130 1933 pulas
150 1855 338 1932 pruritusque
361 1859 388 1914 iu
410 1855 533 1916 balineis
554 1856 634 1916 inlita
656 1856 775 1916 cohibet
789 1864 819 1916 et
835 1874 889 1935 per
909 1874 942 1916 se
964 1858 1056 1917 siccat

5 1963 6 1968 ¹
50 1937 155 1999 ulcera.
186 1937 298 1998 livores
313 1939 463 2015 emendat,
488 1939 725 2000 inflammationes
748 1959 813 2000 curn
828 1941 947 2020 polenta
963 1939 1055 2000 sedat.

24 2047 27 2058 ·
51 2022 230 2082 Silvestrium
257 2023 407 2084 eihoacior
425 2025 470 2082 vis
491 2033 592 2083 contra
613 2024 804 2084 coxendicum
823 2032 853 2084 et
875 2025 1037 2085 iamborum
1050 2034 1099 2088 156

1 2131 29 2154 5·
51 2105 235 2166 debilitatem.
275 2125 312 2167 ex
336 2106 437 2168 iisdem
457 2107 581 2168 decocta
610 2108 765 2186 lentigines
788 2118 818 2168 et
839 2117 934 2168 outern
954 2108 1056 2168 loven·

0 2216 2 2226 ·
22 2213 24 2218 ’
49 2192 113 2250 tium
131 2192 297 2268 corrigunt,
319 2193 431 2252 sivero
452 2192 488 2253 ad
502 2192 596 2252 mellis
611 2192 830 2253 crassitudinem
846 2192 1056 2272 decoquantur,

41 2273 93 2346 551
107 2276 191 2334 sativi
210 2275 370 2353 vitiligines
386 2278 484 2352 migras
499 2284 529 2335 55
544 2276 654 2354 lepras.
688 2278 772 2337 sativi
791 2294 907 2357 quoque
924 2286 1057 2356 rumpunt

27 2371 33 2396 ‘²
6 2357 241 2434 ,carbunculos
263 2360 393 2438 inpositi,
416 2377 524 2439 panos,
546 2369 668 2420 strumas
690 2362 816 2421 minuunt
838 2369 886 2420 aut
905 2369 1056 2436 maturant,
1097 2419 1104 2432 ,

1 2459 31 2504 55
68 2442 124 2502 octi
148 2459 187 2502 ex
210 2452 298 2504 aceto
323 2444 506 2505 cicatricibus
531 2443 680 2504 candidum
708 2445 839 2506 colorem
861 2443 999 2519 reddunt,
1031 2447 1056 2503 si

11 2543 117 2586 55555
138 2527 262 2587 caelesti
278 2545 352 2607 aqua
371 2529 594 2607 discoquantur,
620 2545 707 2588 sucus
727 2529 780 2589 ille
803 2545 933 2606 zmegma
949 2527 979 2586 lit
998 2545 1055 2604 quo

1 2616 145 2674 litavere
171 2629 372 2690 gangraenas,
400 2613 568 2690 eruptiones
596 2613 733 2690 pituitae,
760 2612 889 2673 ulcerum
915 2613 1056 2671 manantia

3 2719 14 2757 v
32 2723 33 2732 ·
58 2694 197 2774 apellat,
214 2694 252 2755 ad
268 2695 374 2756 lienem
386 2695 506 2771 bibere,
523 2705 552 2756 et
568 2711 631 2755 oum
647 2696 736 2756 melle
752 2695 939 2756 haerentibus
956 2705 1098 2760 mea-157

50 2815 51 2830 5
65 2779 139 2838 trois.
176 2778 247 2838 lieni
271 2781 352 2840 crudi
375 2795 438 2840 cmm
459 2780 515 2839 lico
536 2781 615 2840 sicca
638 2782 696 2840 triti
717 2798 755 2840 ex
768 2788 854 2840 aceto
870 2781 1054 2858 inponuntur.

69 2862 125 2922 dix
140 2879 260 2942 quoque
273 2863 302 2922 in
319 2881 393 2943 aqua
408 2865 532 2926 decocta
550 2865 648 2924 urinas
663 2863 757 2943 pellit.
786 2862 936 2924 medentur
952 2863 1055 2941 pecori

2 2957 27 3012 h
69 2963 109 3006 um
123 2945 334 3007 chamaeleone
352 2948 442 3011 herba
458 2947 590 3023 decocti,
612 2965 688 3028 aqua
706 2949 734 3006 in
754 2957 854 3026 potum
872 2946 977 3007 colata.
1010 2965 1055 3008 sa-

2 3034 31 3100 rel
60 3038 111 3090 ant
130 3038 161 3090 et
182 3030 313 3091 scabiem
335 3031 542 3111 quadripedum
557 3034 680 3092 omnium
695 3034 723 3091 155
742 3049 857 3092 amurca
876 3031 993 3091 decocti
1007 3032 1056 3093 551

5 3125 34 3184 p
51 3121 167 3193 troque
195 3115 312 3192 liquore
335 3125 438 3194 postea
461 3117 560 3176 mixto.
607 3116 701 3176 fumus
729 3125 921 3177 crematorum
944 3115 1055 3175 culices

4 3219 34 3268 555
66 3207 139 3258 ecat.

4 3311 28 3374 55
40 3321 41 3328 5
107 3284 174 3362 (75
177 3282 193 3361 )
217 3281 343 3343 15155555
356 3283 431 3342 15555
442 3282 544 3384 fruges
557 3285 682 3344 sesimae
698 3283 821 3343 similem
832 3300 900 3343 esse
912 3282 1035 3343 diximus
1047 3293 1099 3346 158

4 3397 35 3437 555
51 3365 249 3428 tailraecis
273 3368 419 3442 erysimon
439 3368 557 3445 vocari,
578 3366 653 3428 Galli
673 3365 769 3427 velam
789 3366 948 3446 appellant.
976 3374 1063 3426 est
1035 3365 1063 3408 ¹⁸
1075 3367 1098 3400 ⁹⁸

4 3472 22 3534 p,
67 3459 138 3511 utem
160 3452 350 3526 fruticosum,
377 3451 455 3512 foliis
477 3469 601 3528 erucae,
630 3448 845 3528 angustioribus
870 3449 975 3529 paulo,
1009 3468 1055 3510 se

5 3549 34 3610 q
60 3537 118 3598 155
132 3537 276 3610 nasturti,
292 3534 470 3595 utilissimum
486 3534 672 3596 tussientibus
690 3553 753 3595 cum
767 3533 1055 3596 5551155555515555-
