2406 3914
274 241 357 290 usu.
374 241 466 290 ausu.
484 242 558 291 xxr.
574 241 693 296 18-19·
711 230 864 310 (tc-74.)
1009 229 1070 292 255
1150 204 1160 222 ⁸

77 394 185 473 huntur,
200 429 242 441 -
257 395 298 455 ibi
314 396 390 456 enim
405 397 513 455 umoris
530 393 690 475 plurumum
705 430 764 474 -,
787 405 836 456 aut
854 413 917 456 cum
932 397 1072 458 detractis

77 477 210 556 nuguibrm
229 479 343 558 reliqua
369 497 436 558 pars
458 489 506 540 aut
530 480 598 540 oleo
617 488 665 540 aut
688 481 755 541 rino
779 489 941 542 maceratur
959 482 989 540 in
1007 480 1072 540 sole

74 564 141 622 rasis
155 564 269 623 vitreis.
291 563 406 642 quidam
419 572 448 623 et
464 563 553 624 salem
569 563 744 640 admiscent,
760 564 888 624 nonnulli
903 573 933 624 et
947 565 1051 625 anchn·
1064 575 1115 628 122

74 664 126 706 sam
139 654 187 706 aut
206 646 388 725 aspalathum
403 655 451 707 aut
465 649 580 708 iuncum
595 647 761 722 odoratum,
777 649 843 725 quia
858 649 925 709 talis
940 666 1073 709 maxume

55 731 188 808 sprodest
215 730 324 790 volvae
350 748 385 790 ac
411 730 604 806 dysintericis.
646 731 843 809 exprimuntur
872 733 975 792 eadem
1002 732 1073 792 iolia

72 814 203 874 detractis
226 814 370 891 unguibus
390 816 457 874 trita
478 833 531 894 per
550 815 668 875 linteum
690 816 814 892 spissum
831 816 860 874 iu
875 833 992 875 aereum
1007 833 1071 890 vas,

71 897 181 975 leuique
197 899 258 976 igni
274 916 361 958 sucus
378 899 528 978 coquitur,
550 899 645 959 donec
660 898 709 957 liat
722 898 883 960 crassitudo
901 899 1005 959 mellis.
1035 901 1071 958 ad

70 981 138 1041 haec
160 982 232 1060 eligi
257 991 375 1060 oportet
397 982 599 1042 odoratissima
614 999 747 1060 quaeque
767 982 847 1042 folia.
881 984 929 1045 19.
950 982 1116 1047 Vinum123

70 1065 212 1143 quomodo
227 1065 314 1126 fleret
330 1084 347 1126 e
363 1083 430 1126 rosa
448 1066 569 1126 diximus
583 1066 659 1126 inter
670 1083 781 1143 genera
796 1067 863 1125 vini.
883 1068 1116 1128 uccericium

42 1149 102 1209 read
124 1149 219 1225 auris,
245 1151 306 1209 oris
326 1149 444 1224 ulcera,
471 1151 622 1228 gingivas,
644 1149 776 1210 tonsillas
795 1152 986 1228 gargarizati,
1013 1159 1073 1214 sto·

69 1234 208 1309 maehum,
224 1233 340 1309 rolras,
353 1233 431 1293 sedis
443 1235 523 1309 vitia,
540 1235 642 1312 capitis
658 1233 777 1294 dolores
790 1268 831 1280 -
842 1236 870 1294 in
883 1233 958 1294 febri
972 1251 1026 1313 per
1039 1251 1072 1292 se

70 1317 113 1376 rel
125 1335 190 1377 cum
203 1326 349 1392 aceto—,
358 1334 487 1394 somnos,
495 1319 619 1378 nausias.
633 1317 704 1378 lolia
716 1327 835 1377 uruntur
846 1319 874 1377 in
884 1317 1073 1397 calliblepha-

69 1420 142 1476 mm,
165 1410 197 1461 et
212 1402 302 1461 siccis
317 1401 421 1461 lemine
436 1401 659 1479 adsperguntur.
685 1401 842 1479 epiphoras
859 1419 977 1481 quoque
993 1401 1073 1462 arida

70 1485 184 1545 leniunt.
229 1485 285 1544 ilos
313 1502 442 1545 somnum
471 1485 555 1561 iacit,
587 1484 696 1545 inhibet
725 1484 878 1545 ductiones
912 1486 1071 1561 mulierum,

37 1587 198 1633 :rumaxume
220 1569 320 1644 albas,
348 1571 377 1628 in
398 1587 490 1648 posca
513 1578 599 1648 potus
621 1578 650 1628 et
670 1570 817 1645 sanguiris
842 1572 1072 1630 exscreationes.

69 1652 207 1713 stomachi
227 1671 345 1732 quoque
362 1652 481 1714 dolores
505 1662 639 1732 quantum
660 1651 697 1692 **
718 1654 746 1711 iu
766 1654 825 1714 vini
841 1652 952 1728 cyathis
969 1651 1071 1713 tribus.

68 1738 172 1796 Semen
195 1737 241 1796 his
262 1746 408 1815 optumum
431 1737 594 1812 crocinum,
616 1754 672 1796 nec
692 1737 825 1797 anniculo
846 1739 1117 1814 vetustius,et124

67 1820 209 1881 inumbra
227 1821 376 1880 siccatum.
409 1823 520 1897 nigrum
534 1820 645 1892 inutile.
678 1821 804 1881 dentium
825 1821 920 1881 dolori
935 1821 1072 1896 inlinitur,

67 1904 176 1964 umnam
192 1905 267 1980 ciet,
292 1904 442 1966 stomacho
456 1904 619 1981 inponitur,
636 1905 704 1964 item
721 1905 779 1981 igni
796 1922 881 1966 sacro
896 1922 954 1964 non
968 1906 1072 1966 veteri.

40 1988 184 2049 naribus
208 1987 381 2048 subductum
400 1997 488 2067 caput
507 1996 622 2066 purgat.
668 1990 763 2066 capita
790 1998 860 2068 pota
885 1989 1017 2050 ventrem
1044 1997 1074 2048 et

68 2073 235 2150 sauguinem
250 2072 363 2132 sistunt.
392 2090 506 2150 ungues
522 2089 609 2132 rosae
629 2072 779 2150 epiphoris
800 2073 942 2134 salubres.
974 2074 1073 2134 ulcera

67 2158 139 2217 enim
167 2156 321 2217 oculorum
346 2173 415 2218 rosa
446 2156 638 2233 sordescunt,
672 2165 874 2235 praeterquam
899 2158 985 2218 initiis
1012 2158 1073 2236 epi·

66 2241 193 2319 phoras,
209 2242 293 2301 itaut
308 2240 387 2301 arida
403 2259 466 2301 cum
482 2258 557 2318 pane
572 2241 734 2318 inponatur.
763 2241 833 2302 iolia
849 2241 964 2319 quidem
978 2243 1053 2301 intus
1068 2250 1116 2304 125

67 2324 206 2385 stomachi
224 2324 393 2385 rosionibus
409 2335 439 2386 et
453 2325 530 2384 vitiis
545 2325 654 2383 ventris
674 2333 722 2384 aut
743 2325 941 2386 intestinorum
956 2326 1074 2386 utilissi-

125 2418 156 2468 et
172 2407 367 2488 praecordiis,
383 2408 432 2469 uel
450 2408 538 2468 inlita.
558 2407 624 2468 cibo
643 2425 759 2486 quoque
776 2408 884 2487 lapathi
901 2409 987 2469 modo
1006 2425 1074 2469 con-

67 2493 190 2553 diuntur.
224 2492 371 2553 carendus
398 2494 426 2552 in
448 2493 493 2552 his
516 2494 587 2551 situs
610 2491 747 2552 celeriter
765 2492 902 2552 insidens.
934 2501 964 2551 et
987 2492 1074 2552 aridis

67 2587 95 2637 et
115 2578 270 2656 expressis
292 2576 396 2655 aliquis
414 2594 494 2635 naus.
526 2576 702 2653 diapasmata
723 2576 789 2636 inde
811 2576 879 2636 liunt
901 2576 936 2635 ad
952 2575 1077 2635 sudores

67 2661 270 2737 coercendos,
288 2661 328 2721 ita
342 2669 373 2720 ut
388 2659 540 2721 abalineis
556 2661 719 2720 inarescant
735 2662 872 2739 corpori,
888 2659 955 2719 dein
969 2658 1074 2736 irigida

67 2745 230 2805 abluantur.
283 2744 426 2805 silvestris
457 2743 566 2822 pilulae
594 2761 658 2803 curn
684 2744 769 2822 adipe
796 2745 894 2804 ursino
925 2743 1075 2822 alopecias

33 2830 232 2890 coemendaut.

125 2914 213 2994 (74.)
242 2912 297 2972 hili
319 2911 434 2972 radices
454 2910 550 2971 multis
572 2911 779 2971 modisllorem
795 2930 876 2972 suum
893 2911 1119 2986 nobilitant,126

68 3007 169 3056 contra
193 2997 375 3075 serpentium
399 2997 473 3055 ictus
494 3013 532 3055 ex
553 2997 619 3055 virro
642 3004 731 3073 potae
750 3005 780 3055 et
802 3005 903 3058 contra
924 2996 1077 3072 fungorum

67 3098 188 3141 venena.
219 3089 344 3160 propter
361 3080 462 3140 claros
478 3079 584 3157 pedum
602 3081 630 3138 in
645 3080 712 3138 vino
729 3079 908 3140 decocuntur
921 3081 1076 3158 triduoque

67 3182 122 3225 nou
145 3165 309 3225 solvoutur.
356 3182 419 3225 cum
434 3163 520 3242 adipe
541 3172 589 3223 aut
608 3163 676 3222 oleo
699 3163 840 3224 decoctae
859 3163 936 3241 pilos
959 3179 1077 3241 quoque

33 3249 177 3313 caducus
189 3248 323 3309 reddunt.
358 3247 483 3307 emulso
500 3256 587 3326 potae
603 3246 729 3306 inutilem
747 3247 913 3324 sanguinem
931 3264 994 3306 cum
1011 3245 1078 3305 alvo

67 3333 197 3410 trabum,
221 3333 351 3411 lienique
375 3339 405 3391 et
424 3333 516 3410 ruptis
538 3330 629 3391 volsis
650 3339 772 3409 prosunt
786 3340 815 3390 et
835 3330 981 3390 mensibus
996 3330 1076 3390 lemi-

69 3435 182 3492 narum,
205 3418 236 3476 in
253 3416 322 3476 rino
336 3433 409 3475 vero
424 3415 566 3476 decoctae
582 3416 783 3494 inpositaeque
802 3432 864 3474 cum
878 3413 964 3474 melle
981 3413 1078 3474 nervis

70 3501 222 3580 praecisis.
259 3500 410 3560 medentur
425 3508 525 3560 contra
546 3498 676 3559 lichenas
699 3507 727 3558 et
743 3498 860 3577 lepras,
882 3506 912 3556 et
935 3496 1120 3558 luriureslh‘l
