2396 3922
234 199 314 249 nav.
336 199 426 249 mer.
450 201 574 250 xxv111.
591 197 676 254 4—6.
700 189 852 268 (rt-18.)
966 189 1041 252 ¹167

55 371 135 414 anre.
173 353 198 414 si
212 355 310 414 tussim
327 355 452 416 concitet
468 355 569 431 saliva,
585 357 613 414 in
628 355 723 414 iroute
746 354 781 414 ab
803 355 859 416 alio
875 353 990 430 adflari,
1016 355 1041 414 si

55 438 152 497 iaceat
167 455 236 514 uva,
256 441 395 498 verticem
417 456 514 498 morsu
529 439 647 498 alterins
663 438 814 516 suspendi,
839 442 868 498 in
887 439 1041 498 cervicium

54 519 188 592 dolorem
204 521 331 598 poplites
347 521 451 582 irieare
468 532 516 582 ant
528 523 671 582 cervicem
685 524 714 581 in
729 521 876 599 poplitum.
906 521 997 600 pedes
1011 523 1039 582 in
1050 532 1082 587 61

52 603 141 663 humo
156 603 274 681 deponi,
290 606 312 663 si
329 603 410 665 nervi
423 607 451 664 in
466 605 510 665 his
526 605 692 664 cruribusve
709 604 860 664 tendantur
876 606 902 665 in
922 605 1040 681 lectulo,

16 703 36 741 s
53 695 102 748 aut
123 688 196 746 siin
217 687 298 747 laeva
322 698 404 767 parte
424 689 452 748 id
469 688 595 765 accidat,
619 689 752 748 sinistrae
773 689 888 767 plantae
905 688 1042 768 pollicem

52 770 157 830 dextra
171 788 254 832 mann
269 769 461 850 adprehendi,
484 773 552 832 item
568 791 584 832 e
601 770 725 831 diverso.
760 774 955 832 extremitates
977 790 1040 832 cor-

53 856 136 932 poris
157 854 312 914 velleribus
334 857 488 933 perstringi
507 865 605 915 eontra
622 855 761 916 horrores
777 857 909 934 corporis
930 857 1042 932 sangui·

52 956 158 997 nemve
172 938 279 998 narium
290 939 478 1016 inmodicum,
497 940 556 999 lino
579 940 625 998 vel
642 955 753 1018 papyro
770 940 910 1017 principia
933 941 1042 1015 genita·

52 1021 137 1097 lium,
157 1021 249 1080 femur
264 1023 387 1082 medinm
402 1023 436 1082 ad
461 1021 620 1082 cohibenda
644 1026 741 1083 urinae
765 1024 920 1100 profluvia,
938 1024 966 1080 in
982 1031 1041 1081 sto-

9 1103 149 1165 remachi
160 1105 302 1165 solutione
315 1105 406 1184 pedes
417 1124 552 1183 pressare
561 1114 608 1166 aut
619 1124 716 1164 manus
729 1108 756 1165 in
770 1106 928 1166 ferventem
941 1122 1043 1183 aquam

55 1188 175 1248 demitti.
217 1189 271 1246 iam
299 1198 327 1247 et
353 1191 479 1248 sermoni
501 1191 582 1267 parci
604 1190 697 1250 multis
728 1189 764 1249 de
793 1191 887 1250 causis
913 1189 1082 1253 salutaredi

56 1280 109 1330 est.
140 1273 262 1331 triennio
277 1272 474 1332 Maecenatem
488 1273 636 1332 llelissum
653 1274 817 1350 accepimus
831 1273 972 1332 silentium
988 1270 1043 1331 sibi

51 1355 244 1433 imperavisse
265 1373 282 1416 a
300 1356 498 1436 ,convolsione
518 1356 631 1417 reddito
652 1360 802 1433 sanguiue.
832 1374 895 1416 narn
919 1372 1042 1416 eversos

51 1437 276 1516 scandentisque
303 1457 337 1498 ac
366 1439 486 1499 iacentis
512 1440 536 1498 si
562 1440 629 1518 quid
653 1440 766 1517 ingruat
789 1449 946 1517 contraque
968 1440 1068 1498 ictns'

10 1539 40 1581 aa
50 1522 183 1600 spiritum
204 1521 340 1581 cohibere
356 1522 510 1598 singularis
530 1523 656 1601 praesidi
680 1531 740 1600 est,
763 1523 840 1603 quod
857 1523 1000 1582 inventum
1022 1539 1085 1597 unas

50 1623 121 1664 esse
145 1605 274 1664 animalis
298 1605 455 1665 docuimus.
494 1603 613 1666 Clavum
635 1607 760 1666 ferreum
782 1605 912 1683 deligere
934 1609 963 1664 in
983 1623 1040 1684 quo
1051 1613 1086 1668 63

49 1689 120 1750 loco
149 1688 270 1766 primurn
295 1698 382 1767 caput
408 1689 503 1750 fixerit
526 1708 671 1758 ¹conruens
698 1689 799 1750 morbo
825 1689 965 1749 'comitiali
993 1687 1042 1748 ab·

48 1772 222 1832 solutorinm
240 1773 301 1830 eius
322 1774 388 1833 mali
409 1773 520 1832 dicitnr.
553 1782 651 1832 contra
672 1775 781 1834 renium
802 1782 849 1833 aut
872 1772 1042 1848 lumborum,

49 1858 170 1916 vesicae
187 1857 331 1916 cruciatus
344 1858 371 1914 in
387 1856 562 1918 balinearum
577 1856 658 1916 soliis
672 1874 781 1936 pronos
796 1859 903 1917 urinam
917 1855 1043 1916 reddere

12 1957 41 1998 ro
50 1939 255 2015 mitigatorium
271 1938 402 2000 habetur.
431 1939 552 1999 volnera
570 1939 646 1999 nodo
665 1939 798 2000 Herculis
813 1939 978 2018 praeligare
992 1941 1042 1998 mi·

48 2041 112 2081 rnrn
129 2030 264 2099 qnantum
281 2023 363 2082 ocior
379 2023 519 2083 medicina
536 2032 597 2098 est,
620 2033 706 2101 atque
727 2024 811 2083 etiam
828 2023 963 2084 cotidiani
979 2024 1037 2082 cin·
1050 2033 1085 2088 64

49 2114 114 2164 etus
128 2105 178 2164 tali
196 2105 273 2164 nodo
289 2105 344 2164 vim
359 2105 498 2184 quandam
520 2106 629 2168 babere
646 2108 743 2167 utilem
763 2107 910 2182 dicuntur,
933 2107 1042 2184 quippe

49 2206 115 2248 eum
131 2187 341 2248 Herculaneum
359 2189 518 2268 prodiderit
539 2209 685 2250 numerum
701 2207 816 2268 quoqne
832 2191 1042 2268 quaternarium

47 2269 216 2332 Demetrius
234 2272 349 2332 condito
363 2274 516 2348 volumine,
533 2282 563 2332 et
580 2291 668 2352 quare
686 2273 816 2353 quaterni
835 2273 929 2348 cyathi
948 2282 1041 2332 sexta·

11 2357 122 2414 rsriive
137 2370 197 2414 non
213 2365 311 2414 essent
330 2355 455 2433 potandi.
476 2365 577 2416 contra
594 2356 792 2435 lippitudinem
807 2364 886 2416 retro
902 2358 979 2416 auris
993 2356 1042 2415 lri·

47 2455 120 2499 care
137 2438 258 2517 prodest
273 2447 302 2498 et
318 2439 478 2499 lacrimosis
494 2438 586 2497 oculis
600 2440 732 2510 frontem,
761 2440 918 2516 Augurium
938 2458 976 2498 ex
990 2439 1041 2498 ho·

45 2523 126 2581 mine
150 2522 215 2599 ipso
236 2531 282 2580 est
303 2540 359 2581 non
381 2521 497 2581 timendi
518 2531 637 2580 mortem
659 2525 688 2581 in
710 2524 889 2600 aegritudine
910 2522 1042 2600 quamdiu

46 2605 201 2666 oculorum
217 2604 343 2682 pupillae
358 2605 508 2681 imaginem
525 2603 653 2663 reddant.
778 2605 792 2612 ‘

115 2687 201 2765 (18.)
223 2687 328 2764 lilagna
344 2697 373 2747 et
387 2690 485 2747 urinae
501 2705 557 2746 non
571 2688 643 2747 ratio
659 2688 752 2748 solum
769 2690 822 2750 sed
837 2691 921 2750 etiam
935 2688 1038 2766 religio
1049 2697 1082 2760 66

13 2795 38 2837 eo
47 2771 127 2852 apud
142 2779 277 2830 auctores
296 2771 436 2830 invenitur
452 2772 583 2848 digestae
601 2773 630 2830 iu
646 2788 772 2847 genera,
793 2772 951 2850 spadonum
972 2788 1040 2849 quo·

45 2873 108 2934 que
125 2852 162 2914 ad
178 2852 359 2914 fecunditatis
372 2853 523 2915 beneficia.
552 2873 652 2914 verum
665 2873 703 2914 ex
719 2855 852 2932 hisquae
869 2856 982 2915 referre
996 2854 1041 2914 ias

45 2940 85 2999 sit
104 2935 252 3016 inpubium
268 2953 423 3014 puerorum
439 2948 540 2999 contra
564 2938 671 2998 salivas
690 2937 819 3015 aspidum
836 2955 905 3016 quas
920 2937 1042 3017 ptyadas

44 3029 168 3098 vocant,
187 3022 319 3097 qnoniam
334 3039 443 3081 venena
456 3025 483 3080 in
496 3022 600 3081 oculos
617 3021 760 3080 hominurn
775 3029 924 3100 exspuent,
941 3030 1039 3081 contra

46 3105 203 3164 oculorum
216 3100 378 3179 albugines,
394 3102 596 3180 obscuritates,
615 3105 778 3180 cicatrices,
797 3121 925 3181 argema,
941 3103 1039 3181 palpe-

15 3199 37 3240 tt
47 3187 119 3248 bras
132 3194 162 3246 et
175 3203 240 3258 ‚cnm
255 3188 316 3246 ervi
331 3187 421 3246 iarina
434 3197 534 3247 contra
546 3188 721 3262 adustiones,
738 3197 838 3248 eontra
850 3188 958 3247 aurium
971 3205 1042 3264 pura

47 3269 301 3346 vermiculosque,
326 3272 350 3330 si
371 3269 550 3349 decoquatur
567 3270 602 3330 ad
617 3269 746 3329 dimidias
762 3273 851 3348 partis
872 3287 934 3329 cum
952 3285 1040 3346 porro

48 3355 180 3432 capitato
193 3369 269 3412 novo
282 3353 370 3412 fictili.
395 3356 546 3431 vaporatio
561 3371 677 3431 qnoque
693 3371 727 3412 ea
743 3372 858 3414 menses
874 3353 1040 3413 feminarum

50 3438 120 3496 ciet.
154 3434 243 3516 Salpe
257 3435 338 3496 iuvet
354 3436 402 3497 illa
418 3437 520 3498 oculos
535 3436 673 3497 firmitatis
688 3454 784 3513 cansa,
799 3437 890 3498 inlinit
898 3436 962 3497 sole
975 3443 1037 3496 usta
1049 3445 1083 3498 66
