2396 3922
192 225 194 232 '
257 251 335 298 aar.
351 250 440 300 arsa.
457 253 567 302 xxva.
585 240 866 320 11.12.(71—-8o.)‘
891 255 893 258 ·
981 241 1039 302 147

1 431 2 434 ¹
62 425 167 466 cauum
196 404 242 464 luc
257 405 377 466 fricatur
391 406 483 468 altero
507 407 602 505 lapide
622 405 715 466 addita
730 407 851 468 hominis
868 407 971 485 saliua,
989 409 1039 468 illo

61 491 152 568 lapide
171 491 296 582 tangitur
313 492 459 566 impetigo
493 493 540 569 qui
555 492 667 586 tangit
662 490 745 550 dicit:

145 563 285 649 φεύγετε
301 571 510 650 κανθαρίδες,
529 562 667 643 λύκος”
646 591 760 650 aporos
779 545 859 652 oripo
875 567 996 635 διώκει

119 657 202 735 (76.)
225 657 349 715 Limeum
365 656 453 714 berba
469 657 630 735 appellatur
647 674 662 714 a
679 657 767 717 Gallis
784 675 837 734 qua
853 665 971 732 sagittas
993 661 1020 717 in
1032 672 1080 721 rol

1 769 2 794 r
39 749 160 799 svenatu
175 741 285 815 tingunt
296 741 515 816 medicamento,
529 740 603 818 quod
611 758 749 800 venenum
760 743 918 800 cervarium
927 752 1038 802 vocant.

1 846 3 881 ι
59 823 161 882 eabae
177 825 205 880 in
217 826 269 881 tris
285 823 396 882 modios
413 823 524 884 salivati
539 824 650 883 additur
665 832 796 900 quantum
813 825 840 882 in
857 841 939 883 unam
954 828 1039 902 sagit·

1 933 3 967 l
58 915 109 965 tam
124 906 190 966 addi
205 907 296 982 solet,
320 907 358 964 ita
382 907 438 966 olla
458 907 613 966 demittitur
629 907 714 966 boum
729 907 859 966 faucibus
878 911 906 966 in
920 909 1038 968 morbis.

58 989 174 1088 adligari
194 999 297 1067 postea
318 990 353 1048 ad
368 991 522 1068 praesepia
538 1000 670 1067 oportet,
691 991 786 1050 donec
806 1000 1039 1069 purgentur,-

1 1098 3 1135 t
58 1075 179 1133 insanire
195 1077 270 1132 enim
291 1073 399 1149 solent,
423 1105 466 1120 -
484 1077 508 1133 si
529 1073 616 1132 sudor
636 1077 806 1151 insequitur,
837 1091 909 1152 aqua
934 1075 1039 1152 frigida

30 1157 196 1234 reperiundi.

1 1268 3 1279 ·
115 1241 201 1318 (77)
225 1240 508 1300 beuoeblercurialis
520 1239 619 1300 similis
635 1257 738 1300 nomen
753 1259 790 1300 ex
804 1244 1081 1320 causaaccepit,102

1 1398 2 1403 ἵ
57 1342 105 1401 per
121 1325 247 1384 medium
263 1324 363 1382 folium
379 1324 498 1384 candida
513 1324 579 1382 linia
594 1332 824 1400 transcurrente,
842 1341 929 1401 quare
946 1343 1039 1384 meso·

0 1437 3 1440 *
55 1407 156 1466 leucon
176 1408 290 1484 quidam
306 1415 420 1466 vocant.
436 1425 535 1466 sucus
556 1408 618 1464 eius
641 1407 751 1468 fistulas
775 1417 872 1482 sanat,
894 1411 955 1486 ipsa
972 1425 1039 1467 con-

56 1493 114 1551 trita
129 1492 335 1551 carcinomata.
366 1491 500 1549 fortassis
521 1489 621 1548 eadem
643 1492 680 1548 sit
697 1506 769 1567 quae
791 1491 889 1550 leucas
910 1492 1038 1569 appella-

28 1587 47 1626 1⁵
55 1583 105 1649 tur,
122 1583 226 1634 contra
239 1577 346 1634 marina
358 1575 450 1632 omnia
466 1591 575 1632 venena
592 1573 706 1632 efficax.
729 1576 856 1651 speciem
866 1577 927 1633 eius
943 1583 1038 1634 aucto·

54 1674 97 1716 res
112 1675 174 1717 uon
194 1657 323 1732 tradunt,
347 1675 402 1716 nec
422 1656 497 1716 aliud
519 1673 602 1733 quam
616 1657 780 1716 silvestrem
794 1657 942 1717 latioribus
959 1658 1039 1716 loliis

2 1753 3 1756 ’
54 1759 115 1800 esse
131 1742 343 1816 efficaciorem,
360 1741 433 1798 hanc
449 1741 557 1798 semine
573 1741 695 1798 acriore.

1 1854 5 1890 i
110 1825 199 1903 (78.)
222 1821 444 1902 Leucographis
462 1822 554 1900 qualis
570 1831 648 1882 esset
662 1824 798 1899 scriptum
819 1843 876 1884 uon
891 1825 1017 1903 repperi,
1031 1835 1081 1887 103

53 1909 124 1984 quod
139 1925 179 1966 eo
195 1908 288 1983 magis
303 1909 398 1981 miror,
415 1908 547 1984 quoniam
564 1906 642 1964 utilis
658 1906 788 1984 proditur
802 1910 968 1982 sanguinem
990 1925 1038 1964 ex·

4 2023 5 2026 ¹
25 1991 231 2051 maereantibus
250 1991 339 2050 tribus
356 1989 453 2050 obolis
470 2007 532 2048 cum
550 2005 649 2064 croco,
665 1992 731 2048 item
752 1989 905 2065 coeliacis,
922 1993 986 2050 trita
1003 2009 1039 2048 ex

53 2091 121 2152 aqua
140 2084 170 2134 et
187 2074 321 2153 adposita
337 2073 480 2152 profluvio
495 2072 670 2148 feminarum,
686 2073 835 2132 oculorum
851 2091 966 2151 quoque
981 2091 1038 2132 me·

1 2189 4 2225 2
53 2157 219 2217 dicameutis
241 2167 270 2218 et
288 2157 440 2236 explendis
454 2155 600 2216 ulceribus
616 2173 689 2233 quae
712 2157 779 2216 liant
800 2159 828 2216 in
849 2160 956 2216 teneris
974 2173 1038 2235 par-

1 2273 4 2301 t
53 2239 133 2300 tlltuS.

0 2385 1 2388 ,
112 2323 162 2384 12.
189 2323 273 2402 (te.)
295 2321 411 2384 Medion
433 2322 503 2383 lolia
522 2322 610 2382 habet
631 2322 734 2382 seridis
756 2327 882 2399 sativae,
910 2323 1019 2383 caulem
1030 2332 1081 2386 104

1 2443 2 2478 ,
24 2407 223 2484 astripedalem
239 2416 267 2466 et
280 2407 309 2466 in
331 2424 366 2466 eo
386 2407 486 2464 llorem
501 2406 655 2483 grandem,
672 2425 861 2484 purpureum,
878 2406 1039 2482 rotundum,

1 2523 3 2560 ς
53 2491 158 2550 semine
173 2492 294 2566 minuto,
311 2490 438 2548 radicem
450 2489 667 2566 semipedalem.
694 2492 722 2547 in
737 2491 815 2549 saxis
830 2491 930 2566 opacis
947 2491 1038 2547 nasci·

1 2634 3 2642 J
52 2580 102 2631 tur.
131 2574 219 2634 radix
240 2573 383 2633 drachmis
406 2571 514 2631 duabus
537 2591 601 2630 cum
626 2572 712 2630 mella
735 2589 850 2630 menses
872 2572 1039 2631 feminarum

1 2697 2 2700 ,
52 2657 122 2716 sistit
143 2657 303 2734 ecligmate
324 2674 377 2735 per
398 2655 507 2734 aliquot
526 2655 588 2714 dies
607 2665 731 2732 sumpto.
761 2673 860 2714 semen
876 2671 990 2732 quoque
1010 2657 1038 2712 ia
1105 2685 1107 2694 ν

51 2739 115 2798 vino
132 2750 237 2800 contra
255 2739 455 2799 abundantiam
469 2739 635 2798 feminarum
651 2739 742 2798 datur.

30 2837 51 2879 ao
111 2823 198 2903 (80)
221 2823 390 2897 myosota
366 2841 429 2882 srve
441 2824 590 2898 myosotis,
603 2821 676 2882 levis
691 2821 780 2880 herba
793 2820 920 2880 caulibus
932 2819 1016 2898 pluri·
1030 2829 1079 2883 105

51 2904 101 2965 bus
118 2907 155 2966 ab
172 2924 229 2966 una
244 2907 343 2984 radice
358 2906 537 2984 aliquatenus
552 2904 736 2980 rubentibus,
758 2907 910 2979 concavis,
929 2903 988 2964 ab
980 2919 1036 2963 uno

51 2989 129 3048 loliis
150 2991 294 3066 angustis,
310 2988 445 3064 oblongis
461 2990 549 3049 dorso
564 2997 666 3064 acuto,
688 2977 793 3064 nigris,
814 3006 868 3066 per
888 2986 1037 3049 intervalla

50 3072 168 3136 adsidue
184 3075 354 3150 geminatis,
377 3072 509 3132 tenuibus
525 3073 674 3134 cauliculis
699 3089 735 3129 ex
755 3071 808 3131 alis
823 3070 1037 3151 prodeuntibus,

51 3154 122 3214 llore
139 3157 291 3216 caeruleo.
317 3155 400 3216 radix
413 3155 523 3232 digitali
541 3155 728 3216 crassitudine
742 3155 835 3216 multis
855 3155 1037 3235 capillamen-

21 3239 84 3298 astis
100 3239 254 3300 fimbriata.
273 3239 317 3298 ris
332 3240 359 3298 ei
370 3241 481 3315 septica
493 3249 523 3298 et
535 3239 738 3312 exulceratrix,
751 3239 874 3319 ideoque
887 3239 1038 3314 aegilopas

51 3330 139 3382 sanat.
160 3323 431 3401 traduntAegyptii,
445 3319 1036 3401 mansisqueml'hotivocantdieXXVlll.
1107 3394 1109 3400 Ι

50 3403 111 3465 iere
121 3407 151 3465 in
158 3405 320 3483 Augustum
332 3425 457 3468 mensem
470 3409 633 3467 incurrente
645 3406 669 3462 si
684 3405 746 3481 quis
759 3404 841 3466 buius
851 3405 958 3466 herbae
966 3421 1036 3464 suco

50 3487 224 3565 inunguatur
231 3507 313 3549 mane
326 3491 643 3570 priusquamloquatur,
658 3502 716 3547 noa
727 3487 893 3567 lippiturum
906 3507 940 3550 eo
953 3503 1036 3550 anno.

814 3575 876 3636 to*
921 3601 926 3606 ·
