2504 3930
160 182 225 283 228⁴
501 232 531 279 e.
548 233 644 280 rums
661 233 811 282 saeuum

157 386 257 448 Attide
273 387 361 446 melle
377 388 447 446 cinis
465 395 494 446 et
509 387 592 464 adips
608 388 712 447 soricis
734 406 796 447 cum
812 386 877 446 stibi
891 388 974 446 tritus
989 385 1144 450 lacrimosis

115 489 146 532 aa.
159 491 192 526 rer
218 471 313 530 oculis
334 471 493 548 plurumum
518 471 645 545 confert,
666 471 807 530 -stibis
829 470 897 548 quid
920 472 957 530 sit
973 469 1099 530 dicemus
1118 473 1144 532 iu

117 573 121 581 ’
156 555 290 614 metallis.
307 589 349 598 -
362 555 500 614 mustelae
515 556 585 613 cinis
598 553 821 629 subfusiouibus,
837 557 906 614 item
919 554 1047 613 lacertae
1056 555 1143 614 birun-

53 653 56 656 ·
157 638 267 698 dinisve
288 638 455 713 cerebrum,
481 647 583 698 coctae
604 640 689 697 tritae
710 639 797 698 fronti
811 637 909 698 inlitae
925 635 1082 715 epiphoras
1104 657 1143 698 se·

114 721 244 787 119dant
263 723 326 780 sive
346 740 399 799 per
415 740 448 779 se
470 723 533 780 sive
561 739 624 780 cum
645 720 754 798 polline
776 723 838 780 sive
860 739 923 780 cum
950 730 1023 779 ture.
1061 722 1102 780 sic
1118 731 1168 786 ets

157 806 267 881 solatis,
283 807 311 865 id
328 815 372 864 est
386 805 450 864 sole
467 807 625 882 conseptis,
641 813 769 881 prosunt.
791 807 873 864 vivas
889 821 1006 882 quoque
1022 823 1146 866 cremare

157 899 186 949 et
200 890 299 949 cinere
308 907 404 948 earum
418 906 480 947 cum
493 888 579 948 melle
590 886 706 947 Cretico
715 889 873 964 inunguere
883 888 1023 964 caligines
1034 889 1145 950 utilissi-

155 991 229 1032 mum
242 982 298 1046 est,
313 973 358 1031 vel
373 975 561 1032 iumentorum
574 971 666 1032 oculis
678 971 842 1031 membrana
852 971 961 1049 aspidis
974 981 1059 1032 exuta
1069 991 1146 1050 vere,

157 1075 221 1116 cum
237 1056 322 1135 adipe
337 1056 465 1114 eiusdem
481 1057 640 1115 claritatem
656 1055 778 1113 inunctis
794 1055 873 1114 facit.
903 1057 1041 1133 viperam
1056 1057 1147 1116 vivam

154 1139 287 1216 inmeriti
314 1156 391 1198 novo
415 1138 587 1199 comburere
608 1138 703 1198 addito
726 1137 843 1197 feniculi
864 1156 934 1197 succ
959 1139 994 1198 ad
1017 1139 1147 1213 cyathum
1156 1154 1180 1196 m

154 1241 239 1284 unum
261 1233 290 1282 et
306 1226 376 1282 turis
391 1241 491 1284 manna
511 1241 582 1297 una,
598 1231 684 1300 atque
700 1223 737 1281 ita
756 1221 940 1281 subfusiones
956 1222 1105 1282 oculorum
1119 1232 1148 1283 et

155 1307 297 1383 caligines
309 1308 468 1384 inunguere
481 1307 661 1366 utilissimum
673 1314 727 1364 est.
748 1305 985 1365 medicamentum
995 1307 1023 1365 id
1036 1307 1149 1366 echeon

111 1400 305 1456 1a0vocatur.
334 1390 379 1448 Fit
398 1400 426 1448 et
444 1388 627 1464 collyriume
642 1391 742 1466 vipera
759 1391 787 1448 in
804 1389 862 1449 olla
873 1389 1034 1468 putrefacta
1046 1392 1148 1450 vermi·

155 1475 287 1552 culisque
309 1475 401 1532 enatis
420 1492 483 1532 cum
506 1491 594 1532 croco
613 1473 696 1532 tritis.
730 1474 857 1532 exuritur
871 1475 900 1532 in
922 1472 981 1532 olla
1002 1492 1066 1532 cum
1088 1475 1149 1534 sale

130 1578 133 1584 ·
154 1576 239 1637 quem
254 1557 391 1634 lingendo
409 1557 566 1616 claritatem
583 1556 732 1615 oculorum
748 1565 941 1616 consecuntur
959 1565 989 1614 et
1010 1558 1149 1616 stomachi
1157 1572 1180 1612 aa

152 1643 301 1718 totiusque
326 1642 460 1718 corperis
481 1641 724 1717 tempestivitatis.
759 1639 806 1698 bic
827 1639 871 1698 sal
895 1649 926 1698 et
943 1641 1047 1716 pecori
1068 1640 1150 1700 datur

152 1724 328 1804 salubritatis
351 1740 438 1784 causa
460 1733 489 1783 et
511 1725 539 1782 in
560 1723 715 1783 antidotum
739 1732 837 1783 contra
863 1725 1006 1802 serpentis
1027 1723 1149 1783 additur.

111 1819 162 1873 121
174 1808 288 1886 quidam
310 1816 339 1866 et
357 1809 393 1867 ad
412 1808 469 1866 coli
489 1809 587 1866 vitium
603 1809 713 1884 viperis
730 1815 844 1866 utuntur
862 1807 891 1864 iu
905 1805 987 1866 cibis.
1029 1809 1151 1886 primum

152 1893 277 1952 omnium
292 1892 390 1950 occisa
404 1894 498 1950 statim
510 1890 601 1950 salem
615 1892 643 1948 in
656 1890 764 1967 osaddi
777 1889 873 1949 iubent
887 1890 982 1949 donee
996 1891 1150 1969 liquescat,

149 1993 217 2034 mox
233 1983 367 2052 quattuor
381 1974 534 2050 digitorum
544 1991 676 2034 mensura
689 1975 829 2051 utrimque
843 1975 976 2050 praecisa
994 1976 1186 2052 exemptis-ao

152 2076 208 2135 que
225 2059 380 2116 interaneis
398 2058 549 2116 discocunt
563 2059 591 2114 in
607 2074 680 2135 aqua
696 2057 774 2132 oleo,
791 2057 865 2131 sale,
879 2067 974 2132 aneto,
994 2067 1042 2116 aut
1055 2059 1152 2118 statim

151 2149 307 2200 vescuntur
323 2150 370 2200 aut
385 2158 459 2219 pane
476 2140 626 2216 colligunt,
643 2148 673 2198 ut
686 2142 804 2218 saepius
819 2149 940 2200 umatus.
969 2139 1016 2201 lus
1030 2151 1152 2219 praeter

150 2241 237 2300 supra
266 2222 341 2283 dicta
367 2223 518 2301 pediculos
542 2232 636 2283 etotc
665 2241 791 2301 corpore
816 2224 938 2302 expellit
962 2225 1153 2303 pruritusque

152 2309 237 2366 etiam
253 2323 378 2368 summae
394 2309 475 2366 cutis.
513 2307 639 2368 ostendit
654 2307 789 2368 ellectum
809 2317 837 2367 et
860 2326 914 2388 per
929 2326 962 2366 se
981 2308 1084 2385 capitis
1108 2309 1152 2366 vi·

153 2392 247 2468 perimi
264 2391 345 2450 cinis.
376 2390 525 2450 utilissime
543 2390 646 2450 oculos
661 2392 806 2467 inunguit,
823 2393 948 2468 itemque
964 2391 1047 2468 adips
1065 2394 1187 2469 ripe-aa

107 2476 261 2536 laurinus.
297 2473 342 2533 De
358 2475 428 2535 falle
453 2490 510 2533 non
533 2475 680 2535 audaciter
702 2477 842 2536 suaserim
863 2492 937 2553 quae
953 2475 1153 2553 praecipiunt,

108 2575 180 2618 aare
199 2559 343 2636 quoniam,
360 2567 390 2618 ut
405 2574 458 2616 suo
473 2558 540 2618 loce
555 2559 717 2633 docuimus,
742 2574 799 2617 non
815 2557 889 2618 aliud
908 2567 953 2616 est
968 2560 1154 2635 serpentium
1235 2623 1238 2635 ¹

148 2659 300 2702 venenum.
338 2643 470 2718 anguium
492 2643 573 2720 adips
595 2643 723 2717 aerugini
737 2642 846 2701 'mixtus
874 2651 981 2719 ruptas
995 2641 1154 2702 oculorum

151 2726 243 2802 partis
265 2734 359 2800 sanat,
384 2734 413 2784 et
434 2725 597 2784 membrana
615 2727 677 2783 sive
697 2733 832 2784 senectus
853 2725 1023 2784 vernatione
1046 2725 1154 2787 eorum

151 2815 238 2868 exuta
253 2810 277 2866 si
291 2808 457 2882 adiricetur,
475 2807 634 2868 claritatem
647 2808 726 2867 facit.
757 2807 832 2868 boae
848 2825 963 2886 quoque
977 2808 1019 2867 fel
1032 2809 1154 2887 praedi·
1163 2828 1187 2870 so

151 2899 231 2950 catur
246 2890 282 2950 ad
299 2890 462 2968 albugines,
479 2891 674 2965 subfusiones,
691 2890 840 2968 caligines,
859 2891 942 2969 adips
962 2892 1099 2952 similiter
1115 2894 1155 2952 ad

107 2983 159 3038 123
170 2973 339 3033 claritatem.
378 2973 502 3053 Aquilae
525 2993 609 3053 quam
635 2974 754 3034 diximus
774 2975 870 3053 pullos
893 2975 929 3034 ad
951 2977 1155 3038 contuendum

115 3054 143 3097 ¹⁰·
158 3055 180 3090 ¹⁰
199 3057 446 3136 solemexperiri'
461 3057 534 3116 felle
553 3059 642 3117 mixto
666 3075 728 3116 cum
748 3058 835 3118 melle
851 3059 949 3118 Attico
970 3061 1155 3136 inunguntur

149 3139 310 3200 nubeculae
327 3150 357 3200 et
379 3140 567 3218 caligationes
588 3140 830 3220 subfusionesque
851 3142 1010 3218 oculorum.
1042 3144 1154 3204 eadem

148 3225 193 3282 vis
209 3233 254 3282 est
271 3233 300 3283 et
315 3227 343 3283 in
359 3224 506 3282 volturino
521 3223 592 3284 felle
610 3243 673 3284 eum
687 3226 768 3302 porri
782 3242 851 3284 suco
869 3235 898 3284 et
914 3225 1000 3285 melle
1021 3228 1153 3304 exiguo,
1164 3247 1189 3290 ss

147 3307 214 3365 item
231 3310 260 3366 in
281 3308 438 3383 gallinacei
457 3307 528 3366 felle
544 3309 581 3368 ad
604 3325 719 3385 argema
739 3318 768 3368 et
787 3308 937 3386 albugines
949 3327 987 3368 ex
1004 3327 1083 3388 aqua
1109 3311 1154 3370 di·

148 3389 218 3465 luto,
236 3391 303 3448 item
318 3391 346 3450 in
362 3389 546 3451 subfusiones
562 3391 721 3466 oculorum,
741 3409 871 3455 maxume
890 3392 1003 3454 candidi
1018 3394 1153 3470 gallina·

149 3473 203 3530 cei.
227 3473 321 3532 timum
336 3491 451 3551 quoque
460 3473 696 3554 gallinaceorum,
709 3475 850 3536 dumtaxat
861 3475 986 3554 rubrum,
1003 3476 1155 3538 lusciosis
