2504 3930
179 201 243 266 280
520 215 551 263 c.
566 216 662 262 rursu
681 215 832 266 succum

180 372 217 429 tis
238 369 273 430 ad
294 370 502 430 extenuandam
524 379 620 429 cutem
644 369 860 448 levandamque.
902 387 1041 448 pecorum
1062 387 1170 449 quoqne
1228 449 1229 452 Ἴ

180 452 309 512 scabie!
324 462 353 512 et
368 453 453 512 houm
473 453 570 512 inlitus
590 453 680 528 tollit,
701 453 841 532 daturque
864 453 1017 530 lingendus
1036 463 1067 514 et
1087 455 1169 516 oculis

180 539 368 596 iumentorum
381 539 533 615 inspuitur.
562 537 644 596 llaec
657 536 694 595 de
711 537 775 597 sale
789 536 866 596 dicta
880 538 945 596 sint.

139 631 190 684 106
266 623 313 682 10.
339 621 423 700 (46.)
447 621 495 699 [1]
510 619 576 680 Non
602 628 648 678 est
669 620 827 680 differenda
852 630 882 679 et
896 621 962 680 nitri
981 629 1099 697 natura,
1121 637 1169 680 non

178 704 295 764 multum
312 721 329 763 a
344 704 406 764 sale
421 703 530 764 distans
546 713 577 762 et
591 721 628 762 eo
649 702 813 780 diligentius
834 703 972 779 dicenda,
994 705 1062 781 quia
1085 704 1187 782 palaris

179 796 224 847 est
240 796 270 846 et
285 787 415 847 medicos
429 789 479 865 qui
502 787 540 848 de
557 805 593 846 eo
614 788 796 864 scripserunt
809 789 962 863 ignorasse
977 796 1107 846 naturam
1123 805 1173 847 nec

178 889 349 949 quemquam
372 869 578 950 Theophrasto
597 869 763 946 diligentius
783 870 945 930 tradidisse.
984 869 1127 946 Exiguum
1147 871 1175 930 tt

177 953 1175 1116 ttldltlttftltt{tttlttlttttttrltlttltlttt

137 1131 186 1186 lo'l
198 1131 277 1182 terra
291 1139 308 1180 a
324 1138 380 1199 qua
391 1121 540 1200 appellant
550 1123 671 1199 agrium.
694 1138 757 1180 uam
769 1139 880 1200 quercu
888 1131 1014 1181 cremata
1027 1138 1174 1198 numquam
1183 1132 1203 1173 11

177 1206 294 1266 multum
308 1204 466 1264 factitatum
478 1213 524 1264 est
538 1213 568 1264 et
582 1206 637 1264 iam
652 1204 762 1283 pridem
773 1206 802 1263 in
814 1214 903 1264 totum
915 1207 1061 1264 omissum.
1088 1221 1175 1282 aquae

178 1307 251 1349 vero
272 1290 400 1350 nitrosae
419 1286 551 1367 pluribus
578 1288 653 1348 locis
675 1290 877 1366 reperiuntur,
903 1288 957 1348 sed
978 1290 1044 1348 siue
1071 1286 1175 1348 viribus

179 1372 327 1434 densandi.
356 1381 502 1450 optumum
516 1373 726 1451 copiosumque
740 1373 769 1431 in
784 1371 868 1432 clitis
879 1371 1089 1447 Macedoniae,
1104 1369 1176 1450 quod

177 1464 285 1517 vocant
299 1454 528 1532 Chalestricum,
552 1456 702 1516 candidum
723 1473 899 1534 purumque,
920 1473 1095 1534 proxumum
1115 1454 1172 1516 sali.

177 1541 258 1602 lacus
276 1548 323 1599 est
337 1541 464 1600 nitrosus
481 1540 635 1601 exsiliente
657 1538 784 1599 emedio
802 1539 879 1599 dulci
901 1539 1056 1599 fonticulo.
1090 1538 1131 1598 ihi
1148 1539 1204 1598 fitn
1228 1579 1229 1590 ,

177 1625 281 1684 nitrum
303 1625 382 1683 circa
404 1623 484 1684 cauis
506 1632 598 1684 ortum
618 1625 741 1684 novenis
761 1623 863 1683 diebus
883 1623 1062 1700 totidemque
1084 1629 1178 1684 cessat

136 1717 187 1773 108
198 1725 234 1766 ao
248 1725 348 1766 mrsus
363 1707 471 1766 innatat
486 1717 515 1768 et
526 1706 631 1768 deinde
644 1716 750 1767 cessat.
776 1725 834 1786 quo
846 1706 968 1784 adparet
981 1707 1039 1766 soli
1052 1716 1177 1766 naturam

179 1809 246 1850 esse
262 1808 336 1869 quae
349 1791 466 1868 gignat,
483 1792 617 1870 quoniam
632 1799 800 1868 conpertum
812 1800 858 1850 est
870 1807 927 1850 nec
940 1790 1020 1850 soles
1032 1791 1177 1869 prolicere

178 1876 345 1953 quicquam,
363 1891 426 1934 cum
438 1884 551 1952 cesset,
567 1893 624 1934 nac
633 1873 742 1934 imbris.
773 1877 872 1934 mhum
895 1881 926 1933 ot
940 1872 1025 1950 illud,
1045 1872 1175 1932 scatebra

177 1958 309 2018 louticuli
323 1974 441 2036 semper
456 1959 598 2018 emicante
618 1958 713 2018 lacum
731 1974 826 2036 oeque
841 1958 942 2033 augeri
960 1974 1060 2035 neque
1079 1958 1204 2016 ducreao

177 2041 223 2100 his
238 2049 332 2100 autem
346 2041 448 2100 diebus
464 2041 568 2119 quihus
584 2042 713 2117 gignitur
727 2042 752 2099 si
768 2042 850 2100 luere
870 2039 992 2117 imbreo,
1014 2041 1123 2100 salsius
1138 2040 1176 2098 ni·

176 2133 250 2183 trum
267 2123 391 2198 faciunt,
409 2124 561 2200 aquilones
574 2124 719 2198 deterius,
734 2125 800 2201 quia
815 2123 937 2184 validius
955 2131 1135 2184 conmovent
1147 2122 1176 2180 li·

138 2219 190 2274 109
200 2223 285 2266 mum.
313 2205 351 2266 Et
365 2205 422 2264 hoo
436 2205 552 2284 quidem
564 2207 707 2281 nascitur,
729 2206 779 2286 [2]
793 2208 821 2267 in
837 2207 975 2286 Aegypto
991 2217 1092 2267 antem
1114 2221 1177 2266 con·

178 2291 273 2350 ficitur
288 2289 377 2349 multo
391 2287 597 2366 abundantius,
616 2289 669 2350 sed
683 2289 821 2352 deterius.
853 2309 919 2350 nam
936 2291 1052 2350 luscum
1070 2288 1177 2368 lapido·
1223 2295 1228 2312 '

177 2389 297 2451 sumque
312 2381 367 2434 est.
397 2373 429 2432 lit
444 2391 539 2452 paens
551 2373 656 2434 eodem
670 2371 756 2432 modo
768 2390 826 2452 quo
841 2375 902 2448 sal,
918 2375 973 2434 nisi
987 2373 1068 2452 quod
1083 2373 1204 2432 salinis²⁵

177 2475 256 2516 mare
281 2456 445 2532 infundunt,
464 2456 561 2516 Nilum
578 2467 673 2517 autem
696 2456 783 2516 modo
806 2459 939 2518 nitrariis.
977 2457 1034 2518 hae
1058 2456 1178 2516 cedente

176 2540 245 2600 Nilo
262 2541 378 2600 madent
392 2558 463 2600 suco
477 2542 544 2600 nitri
559 2540 608 2600 XL
623 2540 726 2601 diebus
741 2542 901 2615 coutinuis,
922 2559 981 2602 non
996 2551 1027 2600 nt
1041 2543 1071 2600 in
1085 2539 1177 2600 llace·

177 2620 264 2684 donia
286 2625 377 2684 statis.
421 2625 447 2682 si
468 2621 497 2684 e't
513 2624 620 2683 imbres
642 2624 810 2703 adfuerunt,
839 2626 933 2684 minus
953 2643 970 2684 e
992 2624 1112 2684 domine
1132 2619 1176 2682 ad·

177 2708 263 2782 dunt,
280 2708 431 2784 statimque
446 2715 477 2766 ut
491 2707 607 2768 densari
623 2717 759 2785 coeptum
775 2716 836 2784 est,
851 2710 978 2786 rapitur,
995 2726 1033 2766 ne
1047 2706 1175 2766 resolva-
1226 2743 1227 2752 i

176 2799 222 2849 tur
236 2790 264 2847 in
280 2791 415 2851 nitrariis.
443 2791 486 2850 sic
501 2808 617 2869 quoque
629 2791 688 2851 olei
698 2800 797 2852 natura
811 2792 980 2868 intervenit,
996 2791 1033 2850 ad
1048 2788 1203 2850 scabiemtt

177 2872 339 2932 animalium
364 2873 451 2933 utilis.
492 2875 586 2952 ipsum
608 2883 704 2934 autem
724 2875 869 2936 conditum
891 2877 920 2934 in
942 2874 1060 2935 acervis
1086 2873 1173 2932 durat

136 2967 187 3019 llo
198 2955 299 3016 llirum
313 2956 342 3013 in
359 2955 424 3015 lacu
441 2955 570 3018 Ascanio
584 2967 614 3017 et
627 2957 795 3036 quibusdam
808 2960 885 3018 circa
897 2955 1036 3018 Chalcida
1050 2954 1174 3016 lontibus

177 3056 301 3098 summas
313 3055 404 3116 aquas
419 3039 511 3099 dulcis
526 3059 595 3101 esse
613 3042 782 3120 potarique,
805 3042 961 3101 inferiores
976 3042 1113 3100 nitrosas.
1145 3037 1174 3096 lr

177 3123 253 3181 nitro
269 3131 414 3198 optumum
428 3124 506 3202 quod
520 3126 732 3200 tenuissimum,
755 3134 783 3184 et
798 3125 864 3185 ideo
881 3141 981 3202 spuma
997 3123 1118 3196 melior,
1140 3119 1172 3180 ad

178 3204 273 3282 aliqua
301 3214 394 3264 tamen
421 3205 582 3284 sordidum,
608 3217 752 3285 tamquam
771 3209 807 3268 ad
832 3207 1001 3268 inliciendas
1031 3211 1201 3283 purpursstt

100 3293 102 3298 ’
133 3299 167 3345 ⁸⁸.
185 3304 218 3338 ns
236 3288 433 3367 tincturasque
458 3290 561 3349 omnis.
595 3289 716 3368 Magnus
737 3301 766 3351 et
785 3292 860 3351 vitro
882 3310 968 3367 usus,
993 3291 1042 3368 qai
1064 3289 1172 3347 dicotur

137 3376 186 3428 111
200 3385 252 3426 sno
266 3369 344 3432 loco.
371 3373 418 3450 [3]
438 3369 582 3432 Nitrariac
606 3371 736 3452 Aegypti
760 3377 839 3435 circa
854 3374 1017 3435 Naucratim
1041 3381 1072 3432 et
1086 3371 1170 3432 lless·

180 3448 257 3524 phin
271 3461 378 3513 tantum
393 3455 528 3518 solebant
543 3474 627 3534 esse,
644 3461 722 3519 circa
735 3459 889 3538 llemphinr
906 3457 1079 3518 deteriores.
1110 3469 1170 3514 nan
1223 3465 1225 3474 ⁴
