<?xml version="1.0" encoding="UTF-8"?>
<!DOCTYPE html PUBLIC "-//W3C//DTD XHTML 1.0 Transitional//EN"
    "http://www.w3.org/TR/xhtml1/DTD/xhtml1-transitional.dtd">
<html xmlns="http://www.w3.org/1999/xhtml" xml:lang="en" lang="en">
 <head>
  <title>
</title>
<meta http-equiv="Content-Type" content="text/html;charset=utf-8" />
  <meta name='ocr-system' content='tesseract 3.04.00' />
  <meta name='ocr-capabilities' content='ocr_page ocr_carea ocr_par ocr_line ocrx_word'/>
</head>
<body>
  <div class='ocr_page' id='page_1' title='image "./naturalishistor00plingoog_0249.png"; bbox 0 0 2458 3906; ppageno 0'>
   <div class='ocr_carea' id='block_1_1' title="bbox 287 244 1068 322">
    <p class='ocr_par' dir='ltr' id='par_1_1' title="bbox 287 244 1068 322">
     <span class='ocr_line' id='line_1_1' title="bbox 287 244 1068 322; baseline 0.012 -22"><span class='ocrx_word' id='word_1_1' title='bbox 287 253 368 302; x_wconf 79' lang='lat' dir='ltr'><strong>nnn.</strong></span> <span class='ocrx_word' id='word_1_2' title='bbox 386 253 476 304; x_wconf 77' lang='lat' dir='ltr'><strong>aisn.</strong></span> <span class='ocrx_word' id='word_1_3' title='bbox 494 255 553 302; x_wconf 84' lang='lat' dir='ltr'><strong>xx.</strong></span> <span class='ocrx_word' id='word_1_4' title='bbox 568 251 654 306; x_wconf 83' lang='lat'>4-5.</span> <span class='ocrx_word' id='word_1_5' title='bbox 669 244 823 322; x_wconf 77' lang='lat' dir='ltr'><strong>(ta-18.)</strong></span> <span class='ocrx_word' id='word_1_6' title='bbox 940 287 944 293; x_wconf 84' lang='lat'><em>-</em></span> <span class='ocrx_word' id='word_1_7' title='bbox 1010 247 1068 309; x_wconf 83' lang='lat'><strong>193</strong></span> 
     </span>
    </p>
   </div>
   <div class='ocr_carea' id='block_1_2' title="bbox 1 407 1148 1732">
    <p class='ocr_par' dir='ltr' id='par_1_2' title="bbox 1 407 1148 1732">
     <span class='ocr_line' id='line_1_2' title="bbox 59 407 1066 495; baseline 0.008 -27"><span class='ocrx_word' id='word_1_8' title='bbox 59 426 136 484; x_wconf 86' lang='lat' dir='ltr'><strong>uam,</strong></span> <span class='ocrx_word' id='word_1_9' title='bbox 163 417 193 468; x_wconf 91' lang='lat' dir='ltr'><strong>et</strong></span> <span class='ocrx_word' id='word_1_10' title='bbox 213 407 422 487; x_wconf 77' lang='lat' dir='ltr'><strong>phagedaenas</strong></span> <span class='ocrx_word' id='word_1_11' title='bbox 437 409 568 470; x_wconf 88' lang='lat' dir='ltr'><strong>ulcerum</strong></span> <span class='ocrx_word' id='word_1_12' title='bbox 583 411 659 471; x_wconf 88' lang='lat' dir='ltr'><strong>sistit</strong></span> <span class='ocrx_word' id='word_1_13' title='bbox 672 430 778 472; x_wconf 90' lang='lat' dir='ltr'><strong>recens</strong></span> <span class='ocrx_word' id='word_1_14' title='bbox 802 430 865 472; x_wconf 91' lang='lat' dir='ltr'><strong>cnm</strong></span> <span class='ocrx_word' id='word_1_15' title='bbox 879 413 968 474; x_wconf 88' lang='lat' dir='ltr'><strong>melle</strong></span> <span class='ocrx_word' id='word_1_16' title='bbox 985 415 1066 495; x_wconf 90' lang='lat' dir='ltr'><strong>lupo·</strong></span> 
     </span>
     <span class='ocr_line' id='line_1_3' title="bbox 60 491 1110 574; baseline 0.01 -22"><span class='ocrx_word' id='word_1_17' title='bbox 60 494 139 552; x_wconf 90' lang='lat' dir='ltr'><strong>situm</strong></span> <span class='ocrx_word' id='word_1_18' title='bbox 164 491 214 552; x_wconf 90' lang='lat' dir='ltr'><strong>val</strong></span> <span class='ocrx_word' id='word_1_19' title='bbox 232 493 343 552; x_wconf 89' lang='lat' dir='ltr'><strong>aridum</strong></span> <span class='ocrx_word' id='word_1_20' title='bbox 360 493 451 554; x_wconf 81' lang='lat' dir='ltr'><strong>farina</strong></span> <span class='ocrx_word' id='word_1_21' title='bbox 473 493 645 574; x_wconf 90' lang='lat' dir='ltr'><strong>inspersum.</strong></span> <span class='ocrx_word' id='word_1_22' title='bbox 680 495 807 556; x_wconf 88' lang='lat' dir='ltr'><strong>radicem</strong></span> <span class='ocrx_word' id='word_1_23' title='bbox 831 497 893 557; x_wconf 89' lang='lat' dir='ltr'><strong>eins</strong></span> <span class='ocrx_word' id='word_1_24' title='bbox 916 497 1063 559; x_wconf 89' lang='lat' dir='ltr'><strong>Dieuches</strong></span> <span class='ocrx_word' id='word_1_25' title='bbox 1075 507 1110 562; x_wconf 85' lang='grc'><strong>31</strong></span> 
     </span>
     <span class='ocr_line' id='line_1_4' title="bbox 61 577 1068 656; baseline 0.007 -20"><span class='ocrx_word' id='word_1_26' title='bbox 61 585 158 636; x_wconf 86' lang='lat' dir='ltr'><strong>contra</strong></span> <span class='ocrx_word' id='word_1_27' title='bbox 182 577 324 636; x_wconf 89' lang='lat' dir='ltr'><strong>iocineris</strong></span> <span class='ocrx_word' id='word_1_28' title='bbox 347 595 382 638; x_wconf 91' lang='lat' dir='ltr'><strong>ac</strong></span> <span class='ocrx_word' id='word_1_29' title='bbox 404 578 504 656; x_wconf 89' lang='lat' dir='ltr'><strong>lienis,</strong></span> <span class='ocrx_word' id='word_1_30' title='bbox 530 579 624 655; x_wconf 88' lang='lat' dir='ltr'><strong>illum,</strong></span> <span class='ocrx_word' id='word_1_31' title='bbox 650 579 811 642; x_wconf 90' lang='lat' dir='ltr'><strong>lumborum</strong></span> <span class='ocrx_word' id='word_1_32' title='bbox 830 590 858 641; x_wconf 89' lang='lat' dir='ltr'><strong>et</strong></span> <span class='ocrx_word' id='word_1_33' title='bbox 873 583 984 642; x_wconf 89' lang='lat' dir='ltr'><strong>renium</strong></span> <span class='ocrx_word' id='word_1_34' title='bbox 999 583 1068 643; x_wconf 91' lang='lat' dir='ltr'><strong>vitia</strong></span> 
     </span>
     <span class='ocr_line' id='line_1_5' title="bbox 61 659 1067 742; baseline 0.007 -22"><span class='ocrx_word' id='word_1_35' title='bbox 61 679 93 720; x_wconf 85' lang='lat' dir='ltr'><strong>ex</strong></span> <span class='ocrx_word' id='word_1_36' title='bbox 106 679 186 738; x_wconf 89' lang='lat' dir='ltr'><strong>aqua</strong></span> <span class='ocrx_word' id='word_1_37' title='bbox 204 659 297 720; x_wconf 90' lang='lat' dir='ltr'><strong>mulsa</strong></span> <span class='ocrx_word' id='word_1_38' title='bbox 315 660 377 722; x_wconf 88' lang='lat' dir='ltr'><strong>dari</strong></span> <span class='ocrx_word' id='word_1_39' title='bbox 392 660 488 739; x_wconf 90' lang='lat' dir='ltr'><strong>iubet,</strong></span> <span class='ocrx_word' id='word_1_40' title='bbox 506 659 705 742; x_wconf 75' lang='lat' dir='ltr'><strong>Cleophantus</strong></span> <span class='ocrx_word' id='word_1_41' title='bbox 718 673 748 724; x_wconf 92' lang='lat' dir='ltr'><strong>et</strong></span> <span class='ocrx_word' id='word_1_42' title='bbox 762 665 949 740; x_wconf 78' lang='lat' dir='ltr'><strong>dysintericis</strong></span> <span class='ocrx_word' id='word_1_43' title='bbox 961 668 1067 727; x_wconf 89' lang='lat' dir='ltr'><strong>veteri·</strong></span> 
     </span>
     <span class='ocr_line' id='line_1_6' title="bbox 38 742 1067 825; baseline 0.011 -24"><span class='ocrx_word' id='word_1_44' title='bbox 38 745 119 805; x_wconf 75' lang='lat' dir='ltr'><strong>rbus.</strong></span> <span class='ocrx_word' id='word_1_45' title='bbox 153 742 287 804; x_wconf 89' lang='lat' dir='ltr'><strong>Philistio</strong></span> <span class='ocrx_word' id='word_1_46' title='bbox 310 745 338 804; x_wconf 90' lang='lat' dir='ltr'><strong>in</strong></span> <span class='ocrx_word' id='word_1_47' title='bbox 357 745 433 806; x_wconf 91' lang='lat' dir='ltr'><strong>lacte</strong></span> <span class='ocrx_word' id='word_1_48' title='bbox 454 748 554 825; x_wconf 89' lang='lat' dir='ltr'><strong>coquit</strong></span> <span class='ocrx_word' id='word_1_49' title='bbox 577 747 659 808; x_wconf 90' lang='lat' dir='ltr'><strong>etad</strong></span> <span class='ocrx_word' id='word_1_50' title='bbox 680 750 871 825; x_wconf 83' lang='lat' dir='ltr'><strong>stranguriam</strong></span> <span class='ocrx_word' id='word_1_51' title='bbox 893 749 940 810; x_wconf 92' lang='lat' dir='ltr'><strong>dat</strong></span> <span class='ocrx_word' id='word_1_52' title='bbox 961 751 1067 812; x_wconf 84' lang='lat' dir='ltr'><strong>radicis</strong></span> 
     </span>
     <span class='ocr_line' id='line_1_7' title="bbox 60 829 1066 912; baseline 0.004 -22"><span class='ocrx_word' id='word_1_53' title='bbox 60 829 157 890; x_wconf 85' lang='lat' dir='ltr'><strong>ancias</strong></span> <span class='ocrx_word' id='word_1_54' title='bbox 174 837 329 908; x_wconf 89' lang='lat' dir='ltr'><strong>quattuor,</strong></span> <span class='ocrx_word' id='word_1_55' title='bbox 355 847 393 890; x_wconf 89' lang='lat' dir='ltr'><strong>ex</strong></span> <span class='ocrx_word' id='word_1_56' title='bbox 412 847 487 910; x_wconf 90' lang='lat' dir='ltr'><strong>aqua</strong></span> <span class='ocrx_word' id='word_1_57' title='bbox 503 830 691 911; x_wconf 89' lang='lat' dir='ltr'><strong>hydropicis,</strong></span> <span class='ocrx_word' id='word_1_58' title='bbox 713 833 844 893; x_wconf 89' lang='lat' dir='ltr'><strong>similiter</strong></span> <span class='ocrx_word' id='word_1_59' title='bbox 860 843 889 894; x_wconf 91' lang='lat' dir='ltr'><strong>et</strong></span> <span class='ocrx_word' id='word_1_60' title='bbox 904 835 1066 912; x_wconf 91' lang='lat' dir='ltr'><strong>opisthoto-</strong></span> 
     </span>
     <span class='ocr_line' id='line_1_8' title="bbox 61 912 1069 992; baseline 0.005 -18"><span class='ocrx_word' id='word_1_61' title='bbox 61 914 130 974; x_wconf 90' lang='lat' dir='ltr'><strong>nicis</strong></span> <span class='ocrx_word' id='word_1_62' title='bbox 154 922 184 973; x_wconf 93' lang='lat' dir='ltr'><strong>et</strong></span> <span class='ocrx_word' id='word_1_63' title='bbox 207 912 371 992; x_wconf 76' lang='lat' dir='ltr'><strong>pleuriticis</strong></span> <span class='ocrx_word' id='word_1_64' title='bbox 397 923 426 975; x_wconf 89' lang='lat' dir='ltr'><strong>et</strong></span> <span class='ocrx_word' id='word_1_65' title='bbox 449 914 652 976; x_wconf 88' lang='lat' dir='ltr'><strong>comitialibus.</strong></span> <span class='ocrx_word' id='word_1_66' title='bbox 689 915 831 977; x_wconf 89' lang='lat' dir='ltr'><strong>habentes</strong></span> <span class='ocrx_word' id='word_1_67' title='bbox 861 937 925 978; x_wconf 91' lang='lat' dir='ltr'><strong>earn</strong></span> <span class='ocrx_word' id='word_1_68' title='bbox 946 917 1027 978; x_wconf 84' lang='lat' dir='ltr'><strong>feriri</strong></span> <span class='ocrx_word' id='word_1_69' title='bbox 1051 937 1069 980; x_wconf 90' lang='lat' dir='ltr'><strong>a</strong></span> 
     </span>
     <span class='ocr_line' id='line_1_9' title="bbox 62 997 1065 1078; baseline 0.003 -20"><span class='ocrx_word' id='word_1_70' title='bbox 62 997 247 1077; x_wconf 86' lang='lat' dir='ltr'><strong>serpentibus</strong></span> <span class='ocrx_word' id='word_1_71' title='bbox 270 1007 429 1076; x_wconf 84' lang='lat' dir='ltr'><strong>negantur,</strong></span> <span class='ocrx_word' id='word_1_72' title='bbox 459 1009 507 1060; x_wconf 92' lang='lat' dir='ltr'><strong>aut</strong></span> <span class='ocrx_word' id='word_1_73' title='bbox 530 1001 578 1078; x_wconf 90' lang='lat' dir='ltr'><strong>qui</strong></span> <span class='ocrx_word' id='word_1_74' title='bbox 601 1008 666 1060; x_wconf 92' lang='lat' dir='ltr'><strong>ante</strong></span> <span class='ocrx_word' id='word_1_75' title='bbox 689 1003 872 1078; x_wconf 88' lang='lat' dir='ltr'><strong>gustaverint</strong></span> <span class='ocrx_word' id='word_1_76' title='bbox 896 1018 953 1061; x_wconf 91' lang='lat' dir='ltr'><strong>nou</strong></span> <span class='ocrx_word' id='word_1_77' title='bbox 978 1002 1065 1062; x_wconf 87' lang='lat' dir='ltr'><strong>laedi.</strong></span> 
     </span>
     <span class='ocr_line' id='line_1_10' title="bbox 1 1082 1148 1166; baseline 0.007 -25"><span class='ocrx_word' id='word_1_78' title='bbox 1 1113 3 1166; x_wconf 46' lang='grc' dir='ltr'><strong>ς</strong></span> <span class='ocrx_word' id='word_1_79' title='bbox 60 1083 210 1162; x_wconf 85' lang='lat' dir='ltr'><strong>percussis</strong></span> <span class='ocrx_word' id='word_1_80' title='bbox 225 1082 371 1163; x_wconf 89' lang='lat' dir='ltr'><strong>inponitur</strong></span> <span class='ocrx_word' id='word_1_81' title='bbox 387 1101 450 1145; x_wconf 90' lang='lat' dir='ltr'><strong>curn</strong></span> <span class='ocrx_word' id='word_1_82' title='bbox 464 1084 606 1161; x_wconf 79' lang='lat' dir='ltr'><strong>axungia,</strong></span> <span class='ocrx_word' id='word_1_83' title='bbox 622 1084 692 1145; x_wconf 90' lang='lat' dir='ltr'><strong>folia</strong></span> <span class='ocrx_word' id='word_1_84' title='bbox 706 1095 807 1146; x_wconf 86' lang='lat' dir='ltr'><strong>contra</strong></span> <span class='ocrx_word' id='word_1_85' title='bbox 819 1086 977 1147; x_wconf 88' lang='lat' dir='ltr'><strong>cruditates</strong></span> <span class='ocrx_word' id='word_1_86' title='bbox 989 1105 1066 1146; x_wconf 87' lang='lat' dir='ltr'><strong>mau-</strong></span> <span class='ocrx_word' id='word_1_87' title='bbox 1144 1142 1148 1149; x_wconf 95' lang='lat'>.</span> 
     </span>
     <span class='ocr_line' id='line_1_11' title="bbox 2 1163 1109 1270; baseline 0.007 -46"><span class='ocrx_word' id='word_1_88' title='bbox 2 1176 3 1270; x_wconf 61' lang='lat' dir='ltr'><strong>q</strong></span> <span class='ocrx_word' id='word_1_89' title='bbox 36 1167 170 1226; x_wconf 85' lang='lat' dir='ltr'><strong>roduntur.</strong></span> <span class='ocrx_word' id='word_1_90' title='bbox 204 1163 340 1246; x_wconf 87' lang='lat' dir='ltr'><strong>Orpheus</strong></span> <span class='ocrx_word' id='word_1_91' title='bbox 358 1171 524 1229; x_wconf 86' lang='lat' dir='ltr'><strong>amatorium</strong></span> <span class='ocrx_word' id='word_1_92' title='bbox 542 1169 639 1229; x_wconf 91' lang='lat' dir='ltr'><strong>inesse</strong></span> <span class='ocrx_word' id='word_1_93' title='bbox 661 1169 827 1248; x_wconf 73' lang='lat' dir='ltr'><strong>staphylino</strong></span> <span class='ocrx_word' id='word_1_94' title='bbox 847 1169 933 1246; x_wconf 81' lang='lat' dir='ltr'><strong>dixit,</strong></span> <span class='ocrx_word' id='word_1_95' title='bbox 957 1170 1061 1230; x_wconf 88' lang='lat' dir='ltr'><strong>lortas·</strong></span> <span class='ocrx_word' id='word_1_96' title='bbox 1074 1179 1109 1234; x_wconf 75' lang='lat'><strong>32</strong></span> 
     </span>
     <span class='ocr_line' id='line_1_12' title="bbox 2 1250 1065 1328; baseline 0.004 -18"><span class='ocrx_word' id='word_1_97' title='bbox 2 1277 3 1324; x_wconf 64' lang='lat' dir='ltr'><strong>y</strong></span> <span class='ocrx_word' id='word_1_98' title='bbox 62 1253 99 1310; x_wconf 93' lang='lat' dir='ltr'><strong>sis</strong></span> <span class='ocrx_word' id='word_1_99' title='bbox 121 1250 260 1328; x_wconf 91' lang='lat' dir='ltr'><strong>quoniam</strong></span> <span class='ocrx_word' id='word_1_100' title='bbox 285 1269 425 1312; x_wconf 89' lang='lat' dir='ltr'><strong>venerem</strong></span> <span class='ocrx_word' id='word_1_101' title='bbox 447 1253 584 1313; x_wconf 90' lang='lat' dir='ltr'><strong>stimulari</strong></span> <span class='ocrx_word' id='word_1_102' title='bbox 607 1252 664 1314; x_wconf 91' lang='lat' dir='ltr'><strong>hoc</strong></span> <span class='ocrx_word' id='word_1_103' title='bbox 686 1254 751 1314; x_wconf 90' lang='lat' dir='ltr'><strong>cibo</strong></span> <span class='ocrx_word' id='word_1_104' title='bbox 777 1263 888 1314; x_wconf 89' lang='lat' dir='ltr'><strong>certum</strong></span> <span class='ocrx_word' id='word_1_105' title='bbox 909 1263 962 1318; x_wconf 91' lang='lat' dir='ltr'><strong>est.</strong></span> <span class='ocrx_word' id='word_1_106' title='bbox 1000 1253 1065 1314; x_wconf 90' lang='lat' dir='ltr'><strong>ideo</strong></span> 
     </span>
     <span class='ocr_line' id='line_1_13' title="bbox 2 1332 1066 1417; baseline 0.008 -27"><span class='ocrx_word' id='word_1_107' title='bbox 2 1332 4 1390; x_wconf 91' lang='lat' dir='ltr'><strong>l</strong></span> <span class='ocrx_word' id='word_1_108' title='bbox 64 1344 221 1413; x_wconf 88' lang='lat' dir='ltr'><strong>conceptus</strong></span> <span class='ocrx_word' id='word_1_109' title='bbox 243 1335 373 1396; x_wconf 86' lang='lat' dir='ltr'><strong>adiuvari</strong></span> <span class='ocrx_word' id='word_1_110' title='bbox 396 1337 484 1416; x_wconf 87' lang='lat' dir='ltr'><strong>aliqui</strong></span> <span class='ocrx_word' id='word_1_111' title='bbox 501 1337 700 1416; x_wconf 90' lang='lat' dir='ltr'><strong>prodiderunt.</strong></span> <span class='ocrx_word' id='word_1_112' title='bbox 731 1337 776 1397; x_wconf 78' lang='lat' dir='ltr'><strong>Ad</strong></span> <span class='ocrx_word' id='word_1_113' title='bbox 798 1339 911 1417; x_wconf 88' lang='lat' dir='ltr'><strong>reliqua</strong></span> <span class='ocrx_word' id='word_1_114' title='bbox 928 1347 957 1398; x_wconf 89' lang='lat' dir='ltr'><strong>et</strong></span> <span class='ocrx_word' id='word_1_115' title='bbox 974 1339 1066 1399; x_wconf 91' lang='lat' dir='ltr'><strong>sativa</strong></span> 
     </span>
     <span class='ocr_line' id='line_1_14' title="bbox 64 1418 1064 1501; baseline 0.003 -22"><span class='ocrx_word' id='word_1_116' title='bbox 64 1418 161 1498; x_wconf 87' lang='lat' dir='ltr'><strong>pollet.</strong></span> <span class='ocrx_word' id='word_1_117' title='bbox 196 1418 348 1481; x_wconf 82' lang='lat' dir='ltr'><strong>eilicacior</strong></span> <span class='ocrx_word' id='word_1_118' title='bbox 363 1430 456 1481; x_wconf 87' lang='lat' dir='ltr'><strong>tamen</strong></span> <span class='ocrx_word' id='word_1_119' title='bbox 472 1422 615 1482; x_wconf 88' lang='lat' dir='ltr'><strong>silvestris</strong></span> <span class='ocrx_word' id='word_1_120' title='bbox 629 1423 780 1501; x_wconf 89' lang='lat' dir='ltr'><strong>magisque</strong></span> <span class='ocrx_word' id='word_1_121' title='bbox 796 1424 824 1482; x_wconf 93' lang='lat' dir='ltr'><strong>iu</strong></span> <span class='ocrx_word' id='word_1_122' title='bbox 843 1423 970 1501; x_wconf 88' lang='lat' dir='ltr'><strong>petrosis</strong></span> <span class='ocrx_word' id='word_1_123' title='bbox 989 1432 1064 1484; x_wconf 91' lang='lat' dir='ltr'><strong>nata.</strong></span> 
     </span>
     <span class='ocr_line' id='line_1_15' title="bbox 65 1504 1065 1585; baseline 0.006 -23"><span class='ocrx_word' id='word_1_124' title='bbox 65 1521 158 1563; x_wconf 77' lang='lat' dir='ltr'><strong>senen</strong></span> <span class='ocrx_word' id='word_1_125' title='bbox 183 1504 295 1564; x_wconf 90' lang='lat' dir='ltr'><strong>sativae</strong></span> <span class='ocrx_word' id='word_1_126' title='bbox 318 1521 436 1585; x_wconf 86' lang='lat' dir='ltr'><strong>quoque</strong></span> <span class='ocrx_word' id='word_1_127' title='bbox 457 1515 558 1566; x_wconf 90' lang='lat' dir='ltr'><strong>contra</strong></span> <span class='ocrx_word' id='word_1_128' title='bbox 576 1507 761 1584; x_wconf 90' lang='lat' dir='ltr'><strong>scorpionum</strong></span> <span class='ocrx_word' id='word_1_129' title='bbox 785 1507 859 1566; x_wconf 90' lang='lat' dir='ltr'><strong>ictus</strong></span> <span class='ocrx_word' id='word_1_130' title='bbox 878 1523 915 1565; x_wconf 88' lang='lat' dir='ltr'><strong>ex</strong></span> <span class='ocrx_word' id='word_1_131' title='bbox 933 1506 1000 1566; x_wconf 90' lang='lat' dir='ltr'><strong>vino</strong></span> <span class='ocrx_word' id='word_1_132' title='bbox 1017 1516 1065 1568; x_wconf 89' lang='lat' dir='ltr'><strong>aut</strong></span> 
     </span>
     <span class='ocr_line' id='line_1_16' title="bbox 37 1587 1064 1670; baseline 0.005 -25"><span class='ocrx_word' id='word_1_133' title='bbox 37 1604 150 1667; x_wconf 73' lang='lat' dir='ltr'><strong>reposca</strong></span> <span class='ocrx_word' id='word_1_134' title='bbox 172 1587 300 1648; x_wconf 90' lang='lat' dir='ltr'><strong>salutare</strong></span> <span class='ocrx_word' id='word_1_135' title='bbox 326 1598 381 1649; x_wconf 91' lang='lat' dir='ltr'><strong>est.</strong></span> <span class='ocrx_word' id='word_1_136' title='bbox 412 1590 510 1650; x_wconf 85' lang='lat' dir='ltr'><strong>radice</strong></span> <span class='ocrx_word' id='word_1_137' title='bbox 532 1591 593 1650; x_wconf 90' lang='lat' dir='ltr'><strong>eius</strong></span> <span class='ocrx_word' id='word_1_138' title='bbox 612 1591 826 1670; x_wconf 90' lang='lat' dir='ltr'><strong>circumscalpti</strong></span> <span class='ocrx_word' id='word_1_139' title='bbox 844 1590 945 1650; x_wconf 88' lang='lat' dir='ltr'><strong>dentes</strong></span> <span class='ocrx_word' id='word_1_140' title='bbox 960 1590 1064 1651; x_wconf 93' lang='lat' dir='ltr'><strong>dolore</strong></span> 
     </span>
     <span class='ocr_line' id='line_1_17' title="bbox 64 1672 229 1732; baseline -0.006 0"><span class='ocrx_word' id='word_1_141' title='bbox 64 1672 229 1732; x_wconf 85' lang='lat' dir='ltr'><strong>liberantur.</strong></span> 
     </span>
    </p>
   </div>
   <div class='ocr_carea' id='block_1_3' title="bbox 0 151 2 922">
    <p class='ocr_par' dir='ltr' id='par_1_3' title="bbox 0 151 2 922">
     <span class='ocr_line' id='line_1_18' title="bbox 0 151 2 922; baseline 0 0"><span class='ocrx_word' id='word_1_142' title='bbox 0 151 2 922; x_wconf 95' lang='lat' dir='ltr'><strong> </strong></span> 
     </span>
    </p>
   </div>
   <div class='ocr_carea' id='block_1_4' title="bbox 2 1756 1109 3675">
    <p class='ocr_par' dir='ltr' id='par_1_4' title="bbox 65 1756 1107 2005">
     <span class='ocr_line' id='line_1_19' title="bbox 119 1756 1107 1838; baseline 0.004 -21"><span class='ocrx_word' id='word_1_143' title='bbox 119 1756 204 1836; x_wconf 87' lang='lat'>(16.)</span> <span class='ocrx_word' id='word_1_144' title='bbox 227 1757 311 1833; x_wconf 89' lang='lat' dir='ltr'><strong>Syria</strong></span> <span class='ocrx_word' id='word_1_145' title='bbox 327 1759 355 1817; x_wconf 91' lang='lat' dir='ltr'><strong>iu</strong></span> <span class='ocrx_word' id='word_1_146' title='bbox 373 1757 464 1818; x_wconf 91' lang='lat' dir='ltr'><strong>hortis</strong></span> <span class='ocrx_word' id='word_1_147' title='bbox 481 1759 700 1837; x_wconf 90' lang='lat' dir='ltr'><strong>operosissima,</strong></span> <span class='ocrx_word' id='word_1_148' title='bbox 728 1760 865 1838; x_wconf 90' lang='lat' dir='ltr'><strong>venitque</strong></span> <span class='ocrx_word' id='word_1_149' title='bbox 888 1759 916 1817; x_wconf 92' lang='lat' dir='ltr'><strong>lu</strong></span> <span class='ocrx_word' id='word_1_150' title='bbox 939 1774 1059 1836; x_wconf 89' lang='lat' dir='ltr'><strong>prover·</strong></span> <span class='ocrx_word' id='word_1_151' title='bbox 1072 1766 1107 1821; x_wconf 85' lang='grc'><strong>33</strong></span> 
     </span>
     <span class='ocr_line' id='line_1_20' title="bbox 65 1841 1063 1920; baseline 0.002 -20"><span class='ocrx_word' id='word_1_152' title='bbox 65 1841 134 1901; x_wconf 89' lang='lat' dir='ltr'><strong>bium</strong></span> <span class='ocrx_word' id='word_1_153' title='bbox 141 1841 263 1902; x_wconf 85' lang='lat' dir='ltr'><strong>Graecis</strong></span> <span class='ocrx_word' id='word_1_154' title='bbox 272 1842 398 1904; x_wconf 91' lang='lat' dir='ltr'><strong>:multa</strong></span> <span class='ocrx_word' id='word_1_155' title='bbox 407 1843 578 1918; x_wconf 87' lang='lat' dir='ltr'><strong>Syrorum</strong></span> <span class='ocrx_word' id='word_1_156' title='bbox 591 1842 705 1903; x_wconf 87' lang='lat' dir='ltr'><strong>olera.</strong></span> <span class='ocrx_word' id='word_1_157' title='bbox 720 1843 889 1904; x_wconf 90' lang='lat' dir='ltr'><strong>simillimam</strong></span> <span class='ocrx_word' id='word_1_158' title='bbox 899 1842 1063 1920; x_wconf 81' lang='lat' dir='ltr'><strong>staphylino</strong></span> 
     </span>
     <span class='ocr_line' id='line_1_21' title="bbox 65 1924 1065 2005; baseline 0.002 -21"><span class='ocrx_word' id='word_1_159' title='bbox 65 1924 177 1986; x_wconf 86' lang='lat' dir='ltr'><strong>herbam</strong></span> <span class='ocrx_word' id='word_1_160' title='bbox 198 1928 271 1986; x_wconf 89' lang='lat' dir='ltr'><strong>serit</strong></span> <span class='ocrx_word' id='word_1_161' title='bbox 293 1943 377 2005; x_wconf 90' lang='lat' dir='ltr'><strong>quam</strong></span> <span class='ocrx_word' id='word_1_162' title='bbox 397 1926 444 1987; x_wconf 90' lang='lat' dir='ltr'><strong>alii</strong></span> <span class='ocrx_word' id='word_1_163' title='bbox 466 1927 615 2005; x_wconf 87' lang='lat' dir='ltr'><strong>gingidion</strong></span> <span class='ocrx_word' id='word_1_164' title='bbox 632 1936 755 2003; x_wconf 88' lang='lat' dir='ltr'><strong>vocant,</strong></span> <span class='ocrx_word' id='word_1_165' title='bbox 782 1928 895 1988; x_wconf 91' lang='lat' dir='ltr'><strong>tenuius</strong></span> <span class='ocrx_word' id='word_1_166' title='bbox 912 1934 1018 1986; x_wconf 91' lang='lat' dir='ltr'><strong>tantum</strong></span> <span class='ocrx_word' id='word_1_167' title='bbox 1036 1935 1065 1986; x_wconf 89' lang='lat' dir='ltr'><strong>et</strong></span> 
     </span>
    </p>

    <p class='ocr_par' dir='ltr' id='par_1_5' title="bbox 2 2001 1063 2106">
     <span class='ocr_line' id='line_1_22' title="bbox 2 2007 1063 2106; baseline 0.006 -42"><span class='ocrx_word' id='word_1_168' title='bbox 2 2028 6 2106; x_wconf 65' lang='lat' dir='ltr'><strong>q</strong></span> <span class='ocrx_word' id='word_1_169' title='bbox 37 2010 181 2070; x_wconf 79' lang='lat' dir='ltr'><strong>mamarius</strong></span> <span class='ocrx_word' id='word_1_170' title='bbox 205 2009 395 2090; x_wconf 89' lang='lat' dir='ltr'><strong>eiusdemque</strong></span> <span class='ocrx_word' id='word_1_171' title='bbox 417 2011 551 2072; x_wconf 82' lang='lat' dir='ltr'><strong>allectus.</strong></span> <span class='ocrx_word' id='word_1_172' title='bbox 582 2019 663 2072; x_wconf 90' lang='lat' dir='ltr'><strong>estur</strong></span> <span class='ocrx_word' id='word_1_173' title='bbox 684 2020 797 2072; x_wconf 90' lang='lat' dir='ltr'><strong>coctum</strong></span> <span class='ocrx_word' id='word_1_174' title='bbox 813 2010 990 2089; x_wconf 89' lang='lat' dir='ltr'><strong>crudumque</strong></span> <span class='ocrx_word' id='word_1_175' title='bbox 1005 2007 1063 2070; x_wconf 87' lang='lat' dir='ltr'><strong>sto·</strong></span> 
     </span>
    </p>

    <p class='ocr_par' dir='ltr' id='par_1_6' title="bbox 2 2094 1109 2342">
     <span class='ocr_line' id='line_1_23' title="bbox 2 2094 1061 2172; baseline 0 -18"><span class='ocrx_word' id='word_1_176' title='bbox 2 2121 3 2166; x_wconf 62' lang='lat' dir='ltr'><strong>t</strong></span> <span class='ocrx_word' id='word_1_177' title='bbox 66 2094 150 2155; x_wconf 89' lang='lat' dir='ltr'><strong>machi</strong></span> <span class='ocrx_word' id='word_1_178' title='bbox 164 2112 271 2172; x_wconf 87' lang='lat' dir='ltr'><strong>magua</strong></span> <span class='ocrx_word' id='word_1_179' title='bbox 287 2096 426 2171; x_wconf 90' lang='lat' dir='ltr'><strong>utilitate,</strong></span> <span class='ocrx_word' id='word_1_180' title='bbox 445 2096 536 2156; x_wconf 91' lang='lat' dir='ltr'><strong>siccat</strong></span> <span class='ocrx_word' id='word_1_181' title='bbox 548 2097 623 2156; x_wconf 90' lang='lat' dir='ltr'><strong>enim</strong></span> <span class='ocrx_word' id='word_1_182' title='bbox 635 2115 672 2156; x_wconf 86' lang='lat' dir='ltr'><strong>ex</strong></span> <span class='ocrx_word' id='word_1_183' title='bbox 685 2096 744 2156; x_wconf 92' lang='lat' dir='ltr'><strong>alto</strong></span> <span class='ocrx_word' id='word_1_184' title='bbox 758 2096 849 2156; x_wconf 91' lang='lat' dir='ltr'><strong>omnis</strong></span> <span class='ocrx_word' id='word_1_185' title='bbox 862 2096 923 2155; x_wconf 92' lang='lat' dir='ltr'><strong>eius</strong></span> <span class='ocrx_word' id='word_1_186' title='bbox 936 2111 1061 2156; x_wconf 90' lang='lat' dir='ltr'><strong>umores.</strong></span> 
     </span>
     <span class='ocr_line' id='line_1_24' title="bbox 122 2179 1109 2258; baseline 0 -20"><span class='ocrx_word' id='word_1_187' title='bbox 122 2179 207 2258; x_wconf 85' lang='grc'><strong>(17.)</strong></span> <span class='ocrx_word' id='word_1_188' title='bbox 234 2180 317 2239; x_wconf 86' lang='lat' dir='ltr'><strong>Siser</strong></span> <span class='ocrx_word' id='word_1_189' title='bbox 337 2181 492 2240; x_wconf 89' lang='lat' dir='ltr'><strong>erraticum</strong></span> <span class='ocrx_word' id='word_1_190' title='bbox 513 2180 605 2240; x_wconf 91' lang='lat' dir='ltr'><strong>sativo</strong></span> <span class='ocrx_word' id='word_1_191' title='bbox 620 2180 715 2240; x_wconf 87' lang='lat' dir='ltr'><strong>simile</strong></span> <span class='ocrx_word' id='word_1_192' title='bbox 733 2188 777 2241; x_wconf 91' lang='lat' dir='ltr'><strong>est</strong></span> <span class='ocrx_word' id='word_1_193' title='bbox 801 2189 829 2239; x_wconf 91' lang='lat' dir='ltr'><strong>et</strong></span> <span class='ocrx_word' id='word_1_194' title='bbox 852 2179 974 2240; x_wconf 85' lang='lat' dir='ltr'><strong>ellectu:</strong></span> <span class='ocrx_word' id='word_1_195' title='bbox 1001 2189 1059 2239; x_wconf 92' lang='lat' dir='ltr'><strong>sto·</strong></span> <span class='ocrx_word' id='word_1_196' title='bbox 1072 2190 1109 2246; x_wconf 79' lang='lat'><strong>34</strong></span> 
     </span>
     <span class='ocr_line' id='line_1_25' title="bbox 67 2263 1063 2342; baseline 0 -20"><span class='ocrx_word' id='word_1_197' title='bbox 67 2263 187 2324; x_wconf 85' lang='lat' dir='ltr'><strong>runchum</strong></span> <span class='ocrx_word' id='word_1_198' title='bbox 210 2264 335 2340; x_wconf 87' lang='lat' dir='ltr'><strong>excitat,</strong></span> <span class='ocrx_word' id='word_1_199' title='bbox 362 2263 505 2325; x_wconf 86' lang='lat' dir='ltr'><strong>fastidium</strong></span> <span class='ocrx_word' id='word_1_200' title='bbox 533 2265 684 2342; x_wconf 88' lang='lat' dir='ltr'><strong>absterget</strong></span> <span class='ocrx_word' id='word_1_201' title='bbox 709 2283 747 2324; x_wconf 83' lang='lat' dir='ltr'><strong>ex</strong></span> <span class='ocrx_word' id='word_1_202' title='bbox 768 2272 852 2325; x_wconf 92' lang='lat' dir='ltr'><strong>aceto</strong></span> <span class='ocrx_word' id='word_1_203' title='bbox 875 2263 1063 2342; x_wconf 87' lang='lat' dir='ltr'><strong>laserpiciato</strong></span> 
     </span>
    </p>

    <p class='ocr_par' dir='ltr' id='par_1_7' title="bbox 2 2348 1106 3675">
     <span class='ocr_line' id='line_1_26' title="bbox 2 2348 1062 2497; baseline 0 -91"><span class='ocrx_word' id='word_1_204' title='bbox 2 2355 6 2497; x_wconf 52' lang='lat' dir='ltr'><strong>p</strong></span> <span class='ocrx_word' id='word_1_205' title='bbox 68 2357 200 2426; x_wconf 89' lang='lat' dir='ltr'><strong>sumptum</strong></span> <span class='ocrx_word' id='word_1_206' title='bbox 224 2356 272 2408; x_wconf 90' lang='lat' dir='ltr'><strong>aut</strong></span> <span class='ocrx_word' id='word_1_207' title='bbox 291 2365 328 2408; x_wconf 86' lang='lat' dir='ltr'><strong>ex</strong></span> <span class='ocrx_word' id='word_1_208' title='bbox 347 2349 448 2428; x_wconf 89' lang='lat' dir='ltr'><strong>pipere</strong></span> <span class='ocrx_word' id='word_1_209' title='bbox 474 2356 502 2409; x_wconf 89' lang='lat' dir='ltr'><strong>et</strong></span> <span class='ocrx_word' id='word_1_210' title='bbox 517 2349 611 2408; x_wconf 92' lang='lat' dir='ltr'><strong>mulso</strong></span> <span class='ocrx_word' id='word_1_211' title='bbox 629 2349 679 2408; x_wconf 89' lang='lat' dir='ltr'><strong>vel</strong></span> <span class='ocrx_word' id='word_1_212' title='bbox 700 2367 738 2409; x_wconf 88' lang='lat' dir='ltr'><strong>ex</strong></span> <span class='ocrx_word' id='word_1_213' title='bbox 754 2365 836 2426; x_wconf 88' lang='lat' dir='ltr'><strong>garo.</strong></span> <span class='ocrx_word' id='word_1_214' title='bbox 869 2348 978 2407; x_wconf 88' lang='lat' dir='ltr'><strong>urinam</strong></span> <span class='ocrx_word' id='word_1_215' title='bbox 995 2348 1062 2424; x_wconf 89' lang='lat' dir='ltr'><strong>ciet,</strong></span> 
     </span>
     <span class='ocr_line' id='line_1_27' title="bbox 37 2431 1062 2512; baseline 0.003 -25"><span class='ocrx_word' id='word_1_216' title='bbox 37 2441 95 2490; x_wconf 80' lang='lat' dir='ltr'><strong>aut</strong></span> <span class='ocrx_word' id='word_1_217' title='bbox 107 2431 202 2512; x_wconf 86' lang='lat' dir='ltr'><strong>Opion</strong></span> <span class='ocrx_word' id='word_1_218' title='bbox 218 2433 327 2510; x_wconf 90' lang='lat' dir='ltr'><strong>credit,</strong></span> <span class='ocrx_word' id='word_1_219' title='bbox 348 2443 376 2493; x_wconf 93' lang='lat' dir='ltr'><strong>et</strong></span> <span class='ocrx_word' id='word_1_220' title='bbox 393 2451 540 2494; x_wconf 89' lang='lat' dir='ltr'><strong>venerem.</strong></span> <span class='ocrx_word' id='word_1_221' title='bbox 573 2434 601 2492; x_wconf 90' lang='lat' dir='ltr'><strong>in</strong></span> <span class='ocrx_word' id='word_1_222' title='bbox 617 2434 718 2494; x_wconf 90' lang='lat' dir='ltr'><strong>eadem</strong></span> <span class='ocrx_word' id='word_1_223' title='bbox 735 2434 877 2493; x_wconf 87' lang='lat' dir='ltr'><strong>sententia</strong></span> <span class='ocrx_word' id='word_1_224' title='bbox 892 2441 979 2490; x_wconf 91' lang='lat' dir='ltr'><strong>estet</strong></span> <span class='ocrx_word' id='word_1_225' title='bbox 994 2431 1062 2491; x_wconf 90' lang='lat' dir='ltr'><strong>Dio·</strong></span> 
     </span>
     <span class='ocr_line' id='line_1_28' title="bbox 68 2516 1064 2596; baseline -0.002 -21"><span class='ocrx_word' id='word_1_226' title='bbox 68 2516 137 2591; x_wconf 89' lang='lat' dir='ltr'><strong>cles,</strong></span> <span class='ocrx_word' id='word_1_227' title='bbox 162 2527 322 2596; x_wconf 86' lang='lat' dir='ltr'><strong>praetcrea</strong></span> <span class='ocrx_word' id='word_1_228' title='bbox 348 2518 429 2578; x_wconf 93' lang='lat' dir='ltr'><strong>cordi</strong></span> <span class='ocrx_word' id='word_1_229' title='bbox 454 2519 609 2578; x_wconf 89' lang='lat' dir='ltr'><strong>convenire</strong></span> <span class='ocrx_word' id='word_1_230' title='bbox 633 2516 900 2578; x_wconf 89' lang='lat' dir='ltr'><strong>convalescentium</strong></span> <span class='ocrx_word' id='word_1_231' title='bbox 927 2524 975 2574; x_wconf 92' lang='lat' dir='ltr'><strong>aut</strong></span> <span class='ocrx_word' id='word_1_232' title='bbox 998 2524 1064 2593; x_wconf 93' lang='lat' dir='ltr'><strong>post</strong></span> 
     </span>
     <span class='ocr_line' id='line_1_29' title="bbox 67 2600 1106 2681; baseline 0.002 -23"><span class='ocrx_word' id='word_1_233' title='bbox 67 2600 160 2660; x_wconf 88' lang='lat' dir='ltr'><strong>multas</strong></span> <span class='ocrx_word' id='word_1_234' title='bbox 182 2603 358 2662; x_wconf 87' lang='lat' dir='ltr'><strong>vomitiones</strong></span> <span class='ocrx_word' id='word_1_235' title='bbox 379 2620 519 2681; x_wconf 87' lang='lat' dir='ltr'><strong>perquam</strong></span> <span class='ocrx_word' id='word_1_236' title='bbox 539 2603 619 2664; x_wconf 86' lang='lat' dir='ltr'><strong>utile.</strong></span> <span class='ocrx_word' id='word_1_237' title='bbox 648 2601 819 2662; x_wconf 89' lang='lat' dir='ltr'><strong>Heraclides</strong></span> <span class='ocrx_word' id='word_1_238' title='bbox 841 2607 941 2660; x_wconf 88' lang='lat' dir='ltr'><strong>contra</strong></span> <span class='ocrx_word' id='word_1_239' title='bbox 956 2617 1059 2675; x_wconf 90' lang='lat' dir='ltr'><strong>argeu·</strong></span> <span class='ocrx_word' id='word_1_240' title='bbox 1072 2607 1106 2660; x_wconf 73' lang='lat'><strong>35</strong></span> 
     </span>
     <span class='ocr_line' id='line_1_30' title="bbox 2 2670 1063 2762; baseline 0 -20"><span class='ocrx_word' id='word_1_241' title='bbox 2 2670 4 2760; x_wconf 77' lang='lat' dir='ltr'><strong>l</strong></span> <span class='ocrx_word' id='word_1_242' title='bbox 68 2693 118 2742; x_wconf 92' lang='lat' dir='ltr'><strong>tum</strong></span> <span class='ocrx_word' id='word_1_243' title='bbox 138 2687 234 2746; x_wconf 90' lang='lat' dir='ltr'><strong>vivom</strong></span> <span class='ocrx_word' id='word_1_244' title='bbox 258 2686 353 2762; x_wconf 88' lang='lat' dir='ltr'><strong>dedit,</strong></span> <span class='ocrx_word' id='word_1_245' title='bbox 380 2696 409 2746; x_wconf 95' lang='lat' dir='ltr'><strong>et</strong></span> <span class='ocrx_word' id='word_1_246' title='bbox 431 2686 531 2746; x_wconf 89' lang='lat' dir='ltr'><strong>veneri</strong></span> <span class='ocrx_word' id='word_1_247' title='bbox 553 2686 673 2748; x_wconf 91' lang='lat' dir='ltr'><strong>subinde</strong></span> <span class='ocrx_word' id='word_1_248' title='bbox 690 2685 843 2746; x_wconf 82' lang='lat' dir='ltr'><strong>offensauti</strong></span> <span class='ocrx_word' id='word_1_249' title='bbox 857 2683 1012 2760; x_wconf 88' lang='lat' dir='ltr'><strong>aegrisque</strong></span> <span class='ocrx_word' id='word_1_250' title='bbox 1031 2701 1063 2742; x_wconf 90' lang='lat' dir='ltr'><strong>se</strong></span> 
     </span>
     <span class='ocr_line' id='line_1_31' title="bbox 2 2762 1061 2878; baseline -0.003 -51"><span class='ocrx_word' id='word_1_251' title='bbox 2 2762 5 2878; x_wconf 61' lang='lat' dir='ltr'>J</span> <span class='ocrx_word' id='word_1_252' title='bbox 68 2768 313 2848; x_wconf 84' lang='lat' dir='ltr'><strong>recolligeutibus.</strong></span> <span class='ocrx_word' id='word_1_253' title='bbox 340 2770 474 2831; x_wconf 91' lang='lat' dir='ltr'><strong>Hicesius</strong></span> <span class='ocrx_word' id='word_1_254' title='bbox 497 2769 563 2830; x_wconf 89' lang='lat' dir='ltr'><strong>ideo</strong></span> <span class='ocrx_word' id='word_1_255' title='bbox 579 2771 729 2831; x_wconf 91' lang='lat' dir='ltr'><strong>stomacho</strong></span> <span class='ocrx_word' id='word_1_256' title='bbox 745 2770 845 2830; x_wconf 89' lang='lat' dir='ltr'><strong>inutile</strong></span> <span class='ocrx_word' id='word_1_257' title='bbox 865 2767 957 2827; x_wconf 88' lang='lat' dir='ltr'><strong>videri</strong></span> <span class='ocrx_word' id='word_1_258' title='bbox 980 2767 1061 2842; x_wconf 81' lang='lat' dir='ltr'><strong>dixit,</strong></span> 
     </span>
     <span class='ocr_line' id='line_1_32' title="bbox 2 2853 1064 2941; baseline -0.001 -30"><span class='ocrx_word' id='word_1_259' title='bbox 2 2881 5 2941; x_wconf 60' lang='lat' dir='ltr'><strong>p</strong></span> <span class='ocrx_word' id='word_1_260' title='bbox 38 2853 192 2930; x_wconf 78' lang='lat' dir='ltr'><strong>aequoniam</strong></span> <span class='ocrx_word' id='word_1_261' title='bbox 214 2871 302 2915; x_wconf 86' lang='lat' dir='ltr'><strong>tremo</strong></span> <span class='ocrx_word' id='word_1_262' title='bbox 325 2855 376 2914; x_wconf 91' lang='lat' dir='ltr'><strong>tris</strong></span> <span class='ocrx_word' id='word_1_263' title='bbox 398 2857 508 2914; x_wconf 89' lang='lat' dir='ltr'><strong>siseres</strong></span> <span class='ocrx_word' id='word_1_264' title='bbox 530 2854 643 2917; x_wconf 87' lang='lat' dir='ltr'><strong>edendo</strong></span> <span class='ocrx_word' id='word_1_265' title='bbox 661 2855 857 2930; x_wconf 89' lang='lat' dir='ltr'><strong>continuaret,</strong></span> <span class='ocrx_word' id='word_1_266' title='bbox 885 2869 953 2912; x_wconf 91' lang='lat' dir='ltr'><strong>esse</strong></span> <span class='ocrx_word' id='word_1_267' title='bbox 968 2859 1064 2911; x_wconf 91' lang='lat' dir='ltr'><strong>tamen</strong></span> 
     </span>
     <span class='ocr_line' id='line_1_33' title="bbox 2 2935 1062 3015; baseline 0.001 -21"><span class='ocrx_word' id='word_1_268' title='bbox 2 2943 3 2986; x_wconf 80' lang='lat' dir='ltr'><strong>l</strong></span> <span class='ocrx_word' id='word_1_269' title='bbox 68 2935 128 2996; x_wconf 91' lang='lat' dir='ltr'><strong>utile</strong></span> <span class='ocrx_word' id='word_1_270' title='bbox 149 2938 426 3000; x_wconf 80' lang='lat' dir='ltr'><strong>convalescentibus</strong></span> <span class='ocrx_word' id='word_1_271' title='bbox 451 2938 486 3000; x_wconf 90' lang='lat' dir='ltr'><strong>ad</strong></span> <span class='ocrx_word' id='word_1_272' title='bbox 503 2941 598 2999; x_wconf 93' lang='lat' dir='ltr'><strong>vinum</strong></span> <span class='ocrx_word' id='word_1_273' title='bbox 613 2937 836 3000; x_wconf 89' lang='lat' dir='ltr'><strong>transeuntibus.</strong></span> <span class='ocrx_word' id='word_1_274' title='bbox 868 2936 952 2998; x_wconf 91' lang='lat' dir='ltr'><strong>sativi</strong></span> <span class='ocrx_word' id='word_1_275' title='bbox 969 2937 1062 3015; x_wconf 90' lang='lat' dir='ltr'><strong>priva-</strong></span> 
     </span>
     <span class='ocr_line' id='line_1_34' title="bbox 68 3021 831 3102; baseline 0.001 -24"><span class='ocrx_word' id='word_1_276' title='bbox 68 3021 109 3079; x_wconf 86' lang='lat' dir='ltr'><strong>tim</strong></span> <span class='ocrx_word' id='word_1_277' title='bbox 122 3041 210 3084; x_wconf 92' lang='lat' dir='ltr'><strong>sucus</strong></span> <span class='ocrx_word' id='word_1_278' title='bbox 223 3041 289 3084; x_wconf 90' lang='lat' dir='ltr'><strong>curu</strong></span> <span class='ocrx_word' id='word_1_279' title='bbox 303 3022 381 3083; x_wconf 90' lang='lat' dir='ltr'><strong>lacte</strong></span> <span class='ocrx_word' id='word_1_280' title='bbox 398 3024 516 3102; x_wconf 87' lang='lat' dir='ltr'><strong>caprino</strong></span> <span class='ocrx_word' id='word_1_281' title='bbox 535 3033 620 3102; x_wconf 91' lang='lat' dir='ltr'><strong>potus</strong></span> <span class='ocrx_word' id='word_1_282' title='bbox 637 3024 711 3083; x_wconf 91' lang='lat' dir='ltr'><strong>sistit</strong></span> <span class='ocrx_word' id='word_1_283' title='bbox 727 3021 831 3082; x_wconf 90' lang='lat' dir='ltr'><strong>alvom.</strong></span> 
     </span>
     <span class='ocr_line' id='line_1_35' title="bbox 2 3105 1106 3188; baseline 0 -20"><span class='ocrx_word' id='word_1_284' title='bbox 2 3173 3 3178; x_wconf 8' lang='grc' dir='ltr'>γ</span> <span class='ocrx_word' id='word_1_285' title='bbox 119 3106 204 3188; x_wconf 83' lang='grc'><strong>(18.)</strong></span> <span class='ocrx_word' id='word_1_286' title='bbox 228 3106 268 3168; x_wconf 87' lang='grc' dir='ltr'><strong>Ει</strong></span> <span class='ocrx_word' id='word_1_287' title='bbox 281 3109 416 3187; x_wconf 90' lang='lat' dir='ltr'><strong>quoniam</strong></span> <span class='ocrx_word' id='word_1_288' title='bbox 432 3106 591 3186; x_wconf 90' lang='lat' dir='ltr'><strong>plerosque</strong></span> <span class='ocrx_word' id='word_1_289' title='bbox 607 3106 761 3168; x_wconf 88' lang='lat' dir='ltr'><strong>similitudo</strong></span> <span class='ocrx_word' id='word_1_290' title='bbox 778 3107 921 3166; x_wconf 89' lang='lat' dir='ltr'><strong>nominum</strong></span> <span class='ocrx_word' id='word_1_291' title='bbox 935 3105 1106 3168; x_wconf 83' lang='lat' dir='ltr'><strong>Graeco-36</strong></span> 
     </span>
     <span class='ocr_line' id='line_1_36' title="bbox 2 3189 1063 3268; baseline 0.001 -21"><span class='ocrx_word' id='word_1_292' title='bbox 2 3191 3 3264; x_wconf 40' lang='grc' dir='ltr'>ᾗ</span> <span class='ocrx_word' id='word_1_293' title='bbox 65 3207 119 3248; x_wconf 89' lang='lat' dir='ltr'><strong>rum</strong></span> <span class='ocrx_word' id='word_1_294' title='bbox 140 3192 309 3268; x_wconf 83' lang='lat' dir='ltr'><strong>confundit,</strong></span> <span class='ocrx_word' id='word_1_295' title='bbox 330 3193 508 3252; x_wconf 84' lang='lat' dir='ltr'><strong>conteximus</strong></span> <span class='ocrx_word' id='word_1_296' title='bbox 531 3201 560 3252; x_wconf 90' lang='lat' dir='ltr'><strong>et</strong></span> <span class='ocrx_word' id='word_1_297' title='bbox 578 3192 616 3252; x_wconf 89' lang='lat' dir='ltr'><strong>de</strong></span> <span class='ocrx_word' id='word_1_298' title='bbox 634 3192 696 3267; x_wconf 91' lang='lat' dir='ltr'><strong>sili,</strong></span> <span class='ocrx_word' id='word_1_299' title='bbox 722 3191 775 3250; x_wconf 92' lang='lat' dir='ltr'><strong>sed</strong></span> <span class='ocrx_word' id='word_1_300' title='bbox 792 3189 848 3250; x_wconf 92' lang='lat' dir='ltr'><strong>hoc</strong></span> <span class='ocrx_word' id='word_1_301' title='bbox 864 3199 908 3250; x_wconf 91' lang='lat' dir='ltr'><strong>est</strong></span> <span class='ocrx_word' id='word_1_302' title='bbox 928 3191 1063 3266; x_wconf 89' lang='lat' dir='ltr'><strong>volgatae</strong></span> 
     </span>
     <span class='ocr_line' id='line_1_37' title="bbox 2 3274 1062 3392; baseline 0.005 -65"><span class='ocrx_word' id='word_1_303' title='bbox 2 3286 15 3392; x_wconf 68' lang='lat' dir='ltr'><strong>q·</strong></span> <span class='ocrx_word' id='word_1_304' title='bbox 37 3276 185 3337; x_wconf 81' lang='lat' dir='ltr'><strong>tsnotitiae.</strong></span> <span class='ocrx_word' id='word_1_305' title='bbox 219 3285 367 3357; x_wconf 90' lang='lat' dir='ltr'><strong>optumum</strong></span> <span class='ocrx_word' id='word_1_306' title='bbox 378 3274 576 3353; x_wconf 84' lang='lat' dir='ltr'><strong>Massiliense,</strong></span> <span class='ocrx_word' id='word_1_307' title='bbox 590 3277 649 3336; x_wconf 93' lang='lat' dir='ltr'><strong>lato</strong></span> <span class='ocrx_word' id='word_1_308' title='bbox 668 3277 742 3335; x_wconf 92' lang='lat' dir='ltr'><strong>euim</strong></span> <span class='ocrx_word' id='word_1_309' title='bbox 758 3293 849 3353; x_wconf 86' lang='lat' dir='ltr'><strong>grano</strong></span> <span class='ocrx_word' id='word_1_310' title='bbox 865 3285 894 3334; x_wconf 88' lang='lat' dir='ltr'><strong>et</strong></span> <span class='ocrx_word' id='word_1_311' title='bbox 910 3274 989 3334; x_wconf 85' lang='lat' dir='ltr'><strong>fulvo</strong></span> <span class='ocrx_word' id='word_1_312' title='bbox 1008 3283 1062 3348; x_wconf 88' lang='lat' dir='ltr'><strong>est,</strong></span> 
     </span>
     <span class='ocr_line' id='line_1_38' title="bbox 64 3358 1062 3439; baseline 0.001 -24"><span class='ocrx_word' id='word_1_313' title='bbox 64 3361 216 3422; x_wconf 90' lang='lat' dir='ltr'><strong>secundnm</strong></span> <span class='ocrx_word' id='word_1_314' title='bbox 249 3360 457 3439; x_wconf 82' lang='lat' dir='ltr'><strong>Aethiopicum</strong></span> <span class='ocrx_word' id='word_1_315' title='bbox 486 3362 612 3439; x_wconf 88' lang='lat' dir='ltr'><strong>nigrius,</strong></span> <span class='ocrx_word' id='word_1_316' title='bbox 649 3359 795 3420; x_wconf 80' lang='lat' dir='ltr'><strong>Creticum</strong></span> <span class='ocrx_word' id='word_1_317' title='bbox 833 3358 1062 3419; x_wconf 89' lang='lat' dir='ltr'><strong>odoratissimum</strong></span> 
     </span>
     <span class='ocr_line' id='line_1_39' title="bbox 2 3442 1063 3526; baseline 0 -26"><span class='ocrx_word' id='word_1_318' title='bbox 2 3522 3 3526; x_wconf 7' lang='grc' dir='ltr'><strong>Ἰ</strong></span> <span class='ocrx_word' id='word_1_319' title='bbox 65 3445 192 3507; x_wconf 87' lang='lat' dir='ltr'><strong>omnium.</strong></span> <span class='ocrx_word' id='word_1_320' title='bbox 217 3445 304 3506; x_wconf 87' lang='lat' dir='ltr'><strong>radix</strong></span> <span class='ocrx_word' id='word_1_321' title='bbox 315 3444 429 3505; x_wconf 89' lang='lat' dir='ltr'><strong>iucundi</strong></span> <span class='ocrx_word' id='word_1_322' title='bbox 442 3445 540 3505; x_wconf 89' lang='lat' dir='ltr'><strong>odoris</strong></span> <span class='ocrx_word' id='word_1_323' title='bbox 558 3454 611 3505; x_wconf 90' lang='lat' dir='ltr'><strong>est.</strong></span> <span class='ocrx_word' id='word_1_324' title='bbox 636 3463 735 3504; x_wconf 91' lang='lat' dir='ltr'><strong>semen</strong></span> <span class='ocrx_word' id='word_1_325' title='bbox 749 3461 818 3504; x_wconf 89' lang='lat' dir='ltr'><strong>esse</strong></span> <span class='ocrx_word' id='word_1_326' title='bbox 834 3451 863 3504; x_wconf 91' lang='lat' dir='ltr'><strong>et</strong></span> <span class='ocrx_word' id='word_1_327' title='bbox 878 3442 1007 3503; x_wconf 87' lang='lat' dir='ltr'><strong>voltures</strong></span> <span class='ocrx_word' id='word_1_328' title='bbox 1022 3442 1063 3502; x_wconf 90' lang='lat' dir='ltr'><strong>di·</strong></span> 
     </span>
     <span class='ocr_line' id='line_1_40' title="bbox 2 3527 1063 3610; baseline 0.001 -26"><span class='ocrx_word' id='word_1_329' title='bbox 2 3527 5 3610; x_wconf 69' lang='lat' dir='ltr'><strong>,l</strong></span> <span class='ocrx_word' id='word_1_330' title='bbox 65 3537 170 3590; x_wconf 91' lang='lat' dir='ltr'><strong>cuntur.</strong></span> <span class='ocrx_word' id='word_1_331' title='bbox 200 3529 323 3608; x_wconf 89' lang='lat' dir='ltr'><strong>prodest</strong></span> <span class='ocrx_word' id='word_1_332' title='bbox 343 3528 449 3590; x_wconf 91' lang='lat' dir='ltr'><strong>homini</strong></span> <span class='ocrx_word' id='word_1_333' title='bbox 464 3529 500 3590; x_wconf 93' lang='lat' dir='ltr'><strong>ad</strong></span> <span class='ocrx_word' id='word_1_334' title='bbox 516 3531 615 3590; x_wconf 89' lang='lat' dir='ltr'><strong>tussim</strong></span> <span class='ocrx_word' id='word_1_335' title='bbox 630 3539 777 3606; x_wconf 89' lang='lat' dir='ltr'><strong>veterem,</strong></span> <span class='ocrx_word' id='word_1_336' title='bbox 801 3537 901 3606; x_wconf 84' lang='lat' dir='ltr'><strong>rupta,</strong></span> <span class='ocrx_word' id='word_1_337' title='bbox 924 3527 1063 3586; x_wconf 90' lang='lat' dir='ltr'><strong>convolsa</strong></span> 
     </span>
     <span class='ocr_line' id='line_1_41' title="bbox 2 3611 900 3675; baseline -0.002 -3"><span class='ocrx_word' id='word_1_338' title='bbox 2 3619 3 3654; x_wconf 74' lang='lat' dir='ltr'><strong>l</strong></span> <span class='ocrx_word' id='word_1_339' title='bbox 109 3635 178 3674; x_wconf 81' lang='lat' dir='ltr'><strong>rum.</strong></span> <span class='ocrx_word' id='word_1_340' title='bbox 191 3619 393 3675; x_wconf 78' lang='lat' dir='ltr'><strong>unr.u1sr.lll.</strong></span> <span class='ocrx_word' id='word_1_341' title='bbox 863 3611 900 3671; x_wconf 81' lang='lat'><strong>13</strong></span> 
     </span>
    </p>
   </div>
   <div class='ocr_carea' id='block_1_5' title="bbox 1 3712 13 3901">
    <p class='ocr_par' dir='ltr' id='par_1_8' title="bbox 1 3663 17 3901">
     <span class='ocr_line' id='line_1_42' title="bbox 1 3712 13 3901; baseline 0 0"><span class='ocrx_word' id='word_1_342' title='bbox 1 3712 13 3901; x_wconf 88' lang='lat' dir='ltr'><strong>t</strong></span> 
     </span>
    </p>
   </div>
   <div class='ocr_carea' id='block_1_6' title="bbox 0 0 1234 3906">
    <p class='ocr_par' dir='ltr' id='par_1_9' title="bbox 0 0 1234 3906">
     <span class='ocr_line' id='line_1_43' title="bbox 0 0 1234 3906; baseline 0 0"><span class='ocrx_word' id='word_1_343' title='bbox 0 0 1234 3906; x_wconf 95' lang='lat' dir='ltr'><strong> </strong></span> 
     </span>
    </p>
   </div>
  </div>
 </body>
</html>
