2396 3900
109 257 150 318 44
455 266 486 316 c.
503 267 600 314 enlm
614 264 764 314 suenum

67 433 121 488 sto
184 422 268 501 (92.)
283 421 400 482 Hedera
410 422 509 481 necari
526 421 647 480 arbores
663 428 772 478 certum
787 428 840 478 est.
868 416 961 478 simile
977 415 1118 495 quiddam

112 517 140 568 ct
162 509 191 566 iu
212 508 312 581 visco,
338 508 453 565 tametsi
474 506 629 565 tardiorem
654 504 784 564 iniuriam
806 521 903 563 earum
927 500 1117 560 arbitrantur.

110 609 233 670 namque
249 599 278 650 et
293 591 350 650 hoc
366 599 484 668 praeter
498 590 608 649 lructus
624 587 810 665 adgnoscitur
824 603 882 646 non
903 587 930 645 iu
945 584 1117 644 novissimis

68 685 120 740 244
130 675 272 739 mirabile.
303 674 444 752 quaedam
458 675 533 732 enim
552 675 581 731 in
601 682 679 732 terra
701 674 781 750 gigni
802 688 860 731 non
874 679 1013 751 possunt,
1034 677 1065 727 et
1085 667 1118 725 in

112 759 264 820 arboribus
280 767 443 819 nascuntur.
471 775 591 836 namque
609 775 672 817 cum
688 775 767 816 auam
783 758 883 817 sedem
898 772 955 815 non
972 751 1114 828 habeant,
1130 775 1145 815 a

110 845 140 902 in
157 843 252 902 aliena
266 843 375 917 vivont,
392 843 465 902 sicut
478 843 589 902 viscum
606 844 678 902 etin
693 841 776 915 Syria
792 841 882 900 herba
898 857 972 918 quae
988 845 1117 897 vocatur

113 927 247 1002 cadytas,
264 943 322 985 non
339 934 445 986 tantum
461 927 612 987 arboribus
627 925 681 985 sed
696 926 767 1002 ipsis
783 927 867 984 etiarn
883 925 974 1002 spinis
990 923 1117 981 circum·
1142 921 1145 926 '

111 1010 234 1072 volvens
254 1028 331 1086 sese,
348 1011 416 1069 item
436 1012 514 1070 circa
527 1008 637 1088 Tempe
652 1009 823 1068 Thessalica
840 1026 914 1088 quae
931 1005 1119 1086 polypodion

111 1105 233 1156 vocatur
248 1104 277 1154 et
292 1111 367 1174 quae
383 1094 515 1154 dolichos
530 1112 566 1154 ac
582 1093 750 1171 serpyllum.
782 1093 912 1154 oleastro
928 1108 1044 1170 quoque
1061 1090 1116 1150 de·

112 1188 212 1258 putato
225 1177 314 1258 'quod
335 1179 469 1256 gignatur
484 1187 591 1239 vocant
612 1177 752 1256 phauuos.
784 1177 861 1255 quod
884 1177 1005 1236 veroin
1027 1175 1115 1252 spina
1128 1187 1155 1228 1o

112 1264 233 1322 lullonia
242 1263 487 1341 hippophaeston,
497 1262 645 1323 cauliculis
656 1261 799 1337 inanibus,
808 1261 1001 1339 loliisparvis,
1011 1258 1117 1318 radice

113 1346 195 1423 alba,
217 1347 297 1406 cuius
315 1364 401 1407 sucus
420 1347 456 1407 ad
471 1347 667 1407 detractiones
687 1347 715 1404 in
737 1346 874 1406 comitiali
896 1343 998 1403 morbo
1019 1342 1114 1402 utilis·

113 1431 200 1491 simus
215 1430 347 1491 habetur.

70 1523 122 1580 245
187 1515 271 1594 (93.)
294 1514 374 1575 Visci
391 1517 444 1575 tria
461 1530 581 1593 genera.
612 1532 736 1592 namque
751 1515 779 1572 in
795 1513 902 1588 abiete,
920 1511 1010 1572 larice
1026 1509 1117 1569 stelin

113 1600 182 1661 dicit
193 1597 314 1659 Euboea
327 1601 417 1675 nasci,
430 1598 562 1677 hyphear
573 1599 708 1673 Arcadia,
718 1599 828 1657 viscum
840 1604 933 1655 autem
946 1597 974 1654 iu
985 1611 1110 1673 quercu,
1124 1613 1151 1655 rs

113 1684 238 1762 robore,
257 1683 341 1759 ilice,
358 1699 450 1762 pruno
463 1683 607 1759 silvestri,
620 1681 800 1756 terebintho,
814 1697 870 1740 nec
881 1679 944 1739 aliis
956 1676 1117 1739 arboribus

114 1767 253 1844 adgnasci
264 1767 407 1846 plerique.
422 1767 652 1847 copiosissimum
661 1767 689 1824 iu
698 1782 807 1844 quercu
820 1762 984 1840 adasphear
995 1769 1115 1820 vocant.

113 1852 142 1911 in
157 1852 232 1910 omni
249 1850 355 1910 arbore
372 1859 496 1928 excepta
508 1850 576 1910 ilice
592 1859 621 1909 et
633 1867 743 1929 quercu
755 1847 945 1908 differentiam
956 1845 1027 1905 lacit
1038 1844 1118 1904 odor

113 1936 250 2011 virusque
267 1943 296 1994 et
310 1933 411 1993 lolium
426 1951 484 1992 non
499 1934 613 1994 iucundi
635 1933 750 2006 odoris,
772 1940 897 2009 utroque
916 1931 990 1990 visci
1012 1946 1113 1989 amaro

71 2027 122 2083 246
134 2027 163 2078 et
179 2019 269 2076 lento.
300 2017 433 2096 hyphear
451 2018 486 2078 ad
502 2018 658 2094 saginanda
674 2033 784 2096 pecora
798 2015 904 2075 utilius.
940 2015 1008 2074 vitia
1024 2013 1152 2073 modom

114 2110 218 2181 purgat
240 2101 350 2177 primo,
375 2101 441 2161 dein
468 2102 648 2180 pinguefacit
670 2119 744 2180 quae
767 2099 913 2160 sullecere
934 2100 1113 2176 purgationi,

114 2185 217 2264 quibus
232 2187 271 2243 sit
286 2185 382 2263 aliqua
397 2185 480 2245 tabes
492 2187 567 2246 intus
581 2195 687 2263 negant
699 2185 813 2245 durare.
843 2202 878 2244 ea
889 2184 1023 2243 medendi
1037 2183 1113 2242 ratio

114 2269 233 2329 aestatis
251 2269 443 2346 quadragenis
460 2270 571 2330 dicbus.
604 2270 729 2330 adiciunt
744 2269 898 2328 discrimen
918 2269 1001 2327 visco
1020 2268 1049 2325 in
1067 2267 1114 2326 his

114 2369 189 2432 quae
208 2352 278 2413 folia
300 2354 428 2414 amittant
449 2362 478 2413 et
501 2355 557 2432 ipsi
578 2353 733 2428 decidere,
758 2359 859 2413 contra
875 2352 1028 2412 inhaerere
1043 2359 1113 2410 nato

71 2443 123 2499 247
134 2437 162 2496 in
177 2445 296 2497 aeterna
311 2437 424 2497 fronde.
448 2436 568 2497 Omnino
581 2446 676 2498 autem
691 2446 782 2496 satum
794 2435 872 2496 nullo
885 2435 970 2495 modo
983 2437 1115 2494 nascitur
1122 2449 1148 2490 25

114 2539 169 2580 nec
191 2521 245 2580 nisi
268 2539 322 2598 per
345 2521 441 2581 alvom
464 2521 556 2580 avium
577 2521 718 2580 redditum
726 2538 890 2601 ‚maxume
913 2518 1055 2598 palumbis
1077 2537 1113 2578 ac

114 2605 214 2663 turdis.
251 2605 325 2665 haec
346 2613 392 2664 est
412 2613 512 2664 natura
532 2613 562 2663 ut
580 2605 635 2662 nisi
655 2613 824 2664 maturatum
844 2605 872 2663 in
894 2613 996 2664 ventre
1018 2603 1113 2662 avium

113 2704 171 2746 non
185 2688 347 2766 proveniat.
383 2687 502 2747 altitudo
518 2689 580 2748 eius
599 2704 656 2746 non
672 2688 789 2747 excedit
804 2687 977 2762 cubitalem,
995 2704 1113 2764 semper

113 2770 265 2830 frutectosi
283 2788 318 2830 ac
335 2771 443 2832 viridis.
475 2788 535 2831 mas
549 2771 669 2847 lertilis,
688 2771 793 2832 lomina
812 2771 929 2832 sterilis.
962 2772 1017 2831 nisi
1032 2769 1113 2850 quod

114 2862 143 2912 et
158 2853 263 2914 fertilis
278 2853 432 2931 aliquando
449 2871 507 2914 non
521 2855 587 2914 lert.
1120 2868 1146 2910 so

70 2945 123 3000 248
188 2936 272 3016 (94.)
294 2937 412 2998 Viscum
428 2938 515 2998 conflt
536 2957 574 2998 ex
598 2940 687 2999 acinis
709 2941 756 3017 qui
779 2939 954 3016 colliguntur
976 2940 1113 3000 messium

112 3029 245 3099 tempore
260 3023 401 3083 inmaturi.
430 3040 494 3082 narn
509 3024 533 3081 si
545 3041 702 3083 accessere
716 3023 834 3099 imbres,
848 3022 1033 3102 amplitudine
1050 3024 1111 3102 qui·

114 3105 178 3166 dem
200 3115 358 3183 augentur,
379 3107 462 3166 visco
478 3123 550 3165 vero
567 3116 758 3166 marcescunt.
789 3109 933 3167 siccantur
955 3105 1061 3168 deinde
1082 3117 1113 3180 et

112 3189 185 3250 aridi
200 3189 355 3249 tunduntur
370 3207 406 3249 ac
421 3191 528 3250 conditi
543 3191 572 3248 in
595 3209 668 3270 aqua
688 3200 858 3270 putrescunt
882 3190 1025 3252 duodenis
1048 3191 1109 3252 fere

114 3272 227 3348 diebus,
238 3290 381 3352 unumque
393 3273 450 3333 hoc
462 3292 557 3334 rernm
566 3275 762 3352 putrescendo
774 3277 895 3352 gratiam
906 3277 1024 3335 invenit.
1046 3275 1109 3336 inde
1117 3289 1142 3330 aa

112 3357 142 3415 in
159 3356 333 3434 profluente,
346 3375 445 3417 rursus
457 3357 563 3418 malleo
575 3360 661 3435 tunsi,
674 3360 787 3419 amissis
801 3359 958 3419 corticibus
970 3360 1109 3420 interiora

114 3455 199 3498 carne
216 3440 388 3503 lentescunt.
416 3441 473 3501 hoc
488 3450 533 3500 est
547 3444 657 3502 viscum
672 3444 765 3521 pinnis
784 3445 876 3504 avium
891 3451 969 3503 tactu
984 3443 1109 3521 ligandis

113 3522 181 3581 oleo
196 3523 356 3604 subactum,
374 3543 436 3584 cum
449 3525 539 3586 libeat
554 3527 670 3586 iusidias
686 3527 788 3589 moliri.
