2396 3922
42 293 44 296 -
155 251 198 314 82
486 260 516 310 c.
531 263 626 336 amru
642 262 790 312 succuum

220 415 304 494 (86.)
326 417 373 476 Fit
388 425 418 476 at
431 433 470 476 en
486 417 644 478 callitriche
659 427 889 477 sternumentum.
923 417 994 478 lolia
1007 426 1070 476 sunt
1081 417 1135 478 lcu-

157 501 274 575 ticnlae‚
290 501 391 560 caules
406 501 481 560 iunci
495 503 587 561 tenuis
606 501 716 577 similis,
732 501 830 561 radice
848 503 979 560 minuma.
1020 504 1136 560 nascitur

156 587 259 663 opacis
275 593 305 642 et
319 583 431 658 umidis,
449 594 562 660 gustatu
578 584 706 645 ferrcus.

114 677 167 732 136
219 665 303 745 (87.)
326 665 474 745 llysopum
491 670 518 727 iu
533 669 600 728 oleo
614 671 763 728 contritum
773 667 922 745 phthiriasi
935 669 1060 742 resistit,
1081 685 1137 744 pru·

155 751 240 826 rigidi
255 751 283 808 in
298 751 403 826 capite.
432 759 477 810 est
490 760 582 810 autem
595 761 739 830 optumum
754 750 884 811 Cilicium
899 769 914 810 c
931 751 1027 810 'lauro
1041 759 1156 826 montes

156 833 224 892 dein
241 833 438 910 Pamphylium
453 851 487 892 ac
500 835 695 909 Zmyrnaeum,
712 835 861 894 stomacho
876 837 1059 894 contrarium.
1080 851 1139 912 pur·

155 925 209 993 gut
223 934 287 975 cum
303 917 360 976 fico
379 927 520 994 sumptum
537 935 590 995 per
604 921 730 993 inferna,
750 936 813 977 cum
830 918 916 976 melle
933 917 1138 976 vomitionibus.

157 1007 257 1077 putant
270 1008 301 1058 ct
315 1002 490 1078 serpentium
507 1001 611 1060 ictibus
626 1001 789 1077 aduersari,
815 1003 908 1060 tritum
932 1017 996 1059 cum
1017 1001 1140 1058 melleet

156 1083 219 1142 salo
233 1092 264 1141 et
277 1085 400 1142 cumino.

112 1175 165 1230 137
218 1166 301 1244 (88.)
323 1166 470 1227 lonchitis
484 1183 558 1242 non,
574 1177 604 1227 ut
621 1168 754 1246 plerique
771 1168 1023 1238 existimaverunt,
1049 1167 1162 1225 eudemo

156 1259 203 1308 est
216 1267 292 1327 quae
309 1248 428 1326 xiphion
448 1259 496 1310 aut
517 1248 712 1330 phasganion,
735 1264 902 1329 quamquam
916 1250 1030 1327 cuspidi
1051 1249 1141 1308 similis

157 1335 278 1408 senine,
293 1332 381 1392 habet
396 1335 470 1392 enirn
485 1333 554 1392 lolia
572 1337 649 1412 porri
665 1335 795 1392 rubentia
817 1333 852 1392 ad
869 1333 1000 1392 radicem
1019 1341 1050 1391 et
1067 1332 1140 1410 plum

155 1433 241 1494 quam
257 1417 284 1475 in
297 1416 389 1492 caule,
407 1417 532 1495 capitula
549 1419 682 1494 personis
698 1419 815 1476 comicis
832 1416 945 1489 similia,
961 1431 1083 1494 parvam
1098 1433 1141 1473 ex·
1186 1485 1188 1488 Ι

35 1555 39 1567 ,
157 1499 321 1558 serentibus
338 1499 473 1576 linguam,
492 1499 638 1559 radicibus
651 1499 828 1578 praelongis.
857 1501 986 1558 nascitur
1009 1502 1037 1558 in
1054 1501 1141 1557 sitien·

111 1591 168 1646 138
177 1581 262 1641 tibus.
293 1583 377 1660 (89.)
403 1601 422 1642 e
445 1582 561 1642 diverso
587 1584 707 1662 xiphion
733 1593 762 1643 et
783 1583 964 1662 phasganion
989 1581 1168 1656 intimidius

158 1682 223 1724 cum
240 1667 359 1745 primum
375 1667 445 1742 enit,
461 1665 539 1742 gladi
554 1667 678 1744 praebet
689 1669 827 1745 speciem,
844 1666 925 1726 caule
941 1666 1025 1726 duum
1041 1665 1141 1724 cubitu·

156 1767 228 1822 rum,
245 1748 344 1810 radice
360 1749 395 1808 ad
409 1751 490 1808 nucis
505 1749 655 1810 abellanae
671 1751 789 1826 liguram
801 1749 951 1822 limbriata,
965 1767 1049 1826 quam
1062 1747 1141 1808 effodi

155 1842 222 1890 ante
237 1833 340 1890 messis
355 1841 481 1911 opertet,
496 1833 600 1892 siccari
614 1832 760 1892 inumbra.
778 1833 913 1910 superior
924 1851 992 1911 pars
1007 1834 1070 1891 eius
1086 1847 1143 1890 cum

156 1916 319 1989 unatrita,
350 1933 443 1992 aequo
462 1915 592 1993 pondere
607 1917 731 1976 admisto
747 1917 828 1992 vino,
851 1930 917 1974 ossa
939 1915 1031 1974 fracta
1054 1917 1142 1994 capite

155 1996 281 2056 extrahit
296 2006 344 2056 aut
360 1997 493 2075 quicquid
509 2000 677 2078 incorpore
694 2008 846 2077 suppurat,
862 1999 908 2058 vel
924 2001 948 2058 si
965 1999 1077 2058 calcata
1093 2000 1167 2057 sintae

115 2089 167 2144 139
177 2095 245 2138 ossa
263 2083 419 2157 serpentis,
437 2079 536 2141 eadem
554 2093 653 2143 contra
668 2099 780 2141 venena
798 2082 913 2142 efficax.
945 2081 1040 2159 Caput
1057 2085 1085 2140 in
1100 2082 1143 2140 dc

155 2162 220 2221 lore
239 2171 356 2222 veratro
382 2165 410 2222 in
440 2163 508 2225 oleo
538 2166 585 2225 vel
610 2183 733 2226 rosaceo
756 2165 879 2224 decocto
905 2167 1034 2242 tritoque
1062 2164 1143 2241 ungui

161 2245 308 2320 convenit,
324 2247 495 2324 peucedano
517 2267 554 2308 ex
569 2249 637 2309 oleo
652 2249 699 2308 uel
714 2266 839 2308 rosaceo
855 2257 884 2306 et
899 2257 994 2307 aceto.
1024 2249 1142 2326 tepidum

155 2327 214 2387 hoc
229 2329 350 2406 prodest
365 2339 395 2389 ct
408 2331 558 2391 doloribus
574 2335 621 2410 qui
636 2333 807 2410 plerumque
822 2349 859 2390 ex
870 2330 982 2392 dimidia
1003 2342 1085 2410 parte
1103 2349 1142 2390 oa·

155 2413 222 2489 pitis
238 2415 397 2473 sentiuntur
412 2423 441 2472 et
455 2418 598 2492 vertigini.
633 2424 795 2493 perungunt
810 2425 838 2473 ct
858 2415 960 2474 radice·
978 2418 1045 2474 cius
1064 2414 1165 2474 sudori

157 2495 198 2554 ris
213 2513 301 2556 causa
317 2497 460 2571 eliciendi,
475 2500 607 2577 quoniam
626 2501 753 2558 caustica
771 2499 815 2556 vis
830 2499 857 2556 ei
874 2507 928 2556 est.

34 2578 40 2586 ’
111 2589 166 2640 lto
224 2579 309 2658 (90.)
331 2580 460 2654 Psyllion
476 2583 523 2641 alii
539 2583 688 2656 cynoides,
710 2582 759 2641 alii
776 2580 962 2656 chrysaiiiou,
980 2579 1029 2638 alii
1046 2579 1139 2639 Siceli-

155 2678 223 2737 con,
239 2663 287 2721 alii
300 2664 476 2738 cynomyiam
489 2665 648 2742 appeliant,
665 2665 763 2724 radice
775 2665 861 2741 tenui,
881 2680 1074 2741 superuacua,
1090 2679 1140 2720 sar

153 2754 326 2822 montosam,
346 2747 431 2806 iabae
447 2749 543 2824 grauis
563 2750 592 2806 in
608 2746 818 2822 cacuminibus,
835 2746 917 2806 -ioliis
940 2747 1044 2805 canino
1065 2745 1140 2824 capiti

153 2845 212 2886 non
223 2829 416 2905 dissimilibus,
433 2831 539 2890 semine
554 2839 647 2890 autem
662 2830 758 2908 pulici,
775 2829 849 2901 uude
864 2838 893 2889 et
907 2847 1022 2889 nomeu.
1046 2830 1100 2888 hoc
1115 2831 1163 2885 inst

155 2911 237 2970 bacis
257 2912 321 2988 ipsa
343 2912 432 2972 herba
449 2915 476 2972 in
491 2910 583 2973 vineis
596 2915 747 2975 iuvenitur.
795 2914 841 2972 vis
864 2912 899 2972 ad
920 2913 1139 2989 refrigerandum

154 3002 185 3052 et
199 2993 407 3054 discutiendum
421 2997 533 3073 iugens.
556 3013 652 3056 semen
665 2999 693 3056 in
709 3014 770 3056 usu.
792 2996 879 3056 fronti
893 2998 1042 3074 inponitur
1056 2999 1082 3054 iu
1096 2995 1138 3054 dc·

26 3078 29 3086 ’
111 3077 242 3139 lallare
261 3087 290 3136 et
307 3079 485 3157 temporibus
500 3099 536 3140 ex
557 3090 642 3140 aceto
660 3089 689 3139 et
703 3097 828 3139 rosaceo
845 3088 892 3139 aut
907 3097 1011 3157 posco.
1049 3078 1083 3138 ad
1099 3095 1137 3138 ce·

153 3169 216 3220 tera
230 3161 364 3219 inlinitur.
392 3161 537 3223 acetabuli
551 3181 682 3223 mensura
707 3166 861 3222 sextarium
876 3181 968 3240 aquae
993 3163 1093 3222 densat
1108 3176 1137 3219 ac

153 3243 305 3302 contrahit.
337 3255 404 3304 tnnc
417 3253 514 3304 terere
533 3255 650 3324 oportet
665 3255 694 3306 et
714 3246 930 3306 crassitudinem
951 3246 1074 3306 iuiinere
1089 3245 1162 3302 cut-a

155 3343 278 3402 cumque
294 3327 388 3386 dolori
410 3334 439 3386 et
462 3328 628 3388 collectioni
649 3331 927 3406 inflammationique.
973 3329 1136 3390 Vulneribus

154 3411 258 3484 capitis
274 3409 403 3468 medetur
418 3411 620 3488 aristolochia,
644 3413 734 3473 fracta
750 3413 905 3474 extrahens
920 3429 988 3473 ossa
1005 3423 1035 3472 et
1048 3415 1074 3470 in
1089 3409 1136 3469 alia

152 3490 268 3565 quidem
286 3501 368 3571 parte
386 3495 519 3570 corporis
533 3494 585 3554 sed
601 3513 731 3556 maxume
748 3498 852 3574 capite,
871 3497 1006 3556 similiter
1017 3493 1135 3575 plistolo-
