2458 3906
139 199 201 258 214
475 205 778 255 numerosorum

139 365 261 426 tormina
277 379 394 443 quoquc
414 371 444 422 et
461 361 659 422 intestinorum
680 361 810 423 dolores.
844 368 1046 421 verumtamen
1065 374 1153 417 omne

98 460 150 514 160
161 448 304 528 pallorem
321 445 485 508 bibentibus
500 447 602 524 gignit.
632 447 672 506 ite
688 454 769 506 certe
789 444 885 505 ierunt
907 444 993 505 Porci
1014 442 1151 503 Latronis

141 534 213 594 clari
228 534 304 594 inter
317 533 474 609 magistros
490 530 605 592 dicendi
619 530 821 591 adsectatores
834 528 1050 590 similitudinem
1067 525 1151 586 colo·

139 620 180 677 ris
203 616 305 677 studiis
327 617 469 677 contracti
492 616 618 676 imitatos
638 624 667 675 et
687 613 774 693 paulo
797 622 863 675 ante
877 611 981 673 Iulium
995 611 1152 671 Vindicem

140 702 322 772 adsertorem
342 700 422 761 illum
449 719 465 761 a
485 698 604 760 Nerone
628 698 771 760 libertatis
796 699 955 776 captationi
980 696 1175 758 testamentis

141 788 184 846 sic
205 785 408 846 lenocinatum.
445 786 554 846 narium
575 785 742 862 sanguinem
764 783 888 862 pastillis
904 781 1024 844 inditum
1045 780 1097 840 vel
1114 798 1152 840 ex

141 879 227 932 aceto
248 888 354 932 recens
375 870 451 932 sistit
468 877 498 928 et
520 868 669 929 oculorum
690 869 841 948 epiphoris
862 886 916 948 per
934 885 966 928 se
982 867 1151 947 inpositum,

140 954 314 1015 tumentibus
337 972 401 1015 oum
422 952 510 1014 melle
535 953 666 1033 prodest.
699 950 855 1014 infantibus
871 953 972 1032 inponi
995 953 1151 1011 iuventte

100 1050 149 1104 161
162 1042 232 1102 satis
256 1049 310 1100 est.
362 1037 463 1100 morbo
492 1038 576 1115 regio
604 1039 633 1098 in
661 1038 728 1097 vino
759 1037 829 1098 albo
857 1057 873 1098 a
902 1036 1026 1099 balineis
1056 1034 1150 1111 datur,

143 1124 192 1184 15.
214 1123 421 1203 Aethiopicum
438 1140 569 1184 maxume
585 1124 614 1182 in
630 1140 723 1202 posca
743 1130 773 1181 et
793 1123 823 1181 in
836 1122 955 1200 ligmate
971 1139 1036 1182 cum
1050 1119 1150 1181 melle.
1161 1131 1183 1173 ¹⁰

141 1208 281 1270 Africano
312 1208 445 1288 privatim
480 1208 580 1267 urinae
612 1207 846 1268 incontinentiam
877 1206 1010 1267 cobiberi
1041 1213 1151 1285 putant.

142 1294 264 1354 sativom
294 1293 376 1354 datur
405 1292 441 1353 ad
466 1293 603 1352 iocineris
628 1292 697 1352 vitia
722 1299 845 1367 tostum,
873 1291 969 1352 tritum
996 1293 1027 1351 in
1054 1299 1152 1365 aceto,

141 1377 211 1436 item
244 1377 280 1438 ad
311 1379 500 1455 vertiginem,
530 1377 566 1436 iis
592 1394 663 1437 vero
690 1393 763 1455 quos
789 1377 886 1437 acrior
912 1377 994 1436 urina
1021 1373 1154 1437 mordeat

142 1463 171 1520 in
196 1461 273 1523 dulci
292 1463 405 1538 tritum,
428 1462 464 1523 ad
484 1461 635 1522 volvarum
655 1463 724 1522 vitia
749 1463 777 1521 in
798 1462 883 1538 vino,
907 1469 1087 1540 praeterque
1111 1460 1152 1518 in-

142 1546 247 1623 positis
272 1546 387 1608 veliere
411 1546 506 1624 loliis,
536 1547 649 1606 testium
676 1544 836 1606 tumoribus
860 1555 967 1607 tostum
995 1546 1151 1622 tritumque
1163 1558 1185 1599 n

100 1640 151 1693 162
164 1648 227 1690 curn
253 1631 341 1692 melle
366 1640 413 1692 aut
438 1650 502 1692 oum
522 1649 648 1692 rosaceo
673 1639 703 1690 et
725 1649 803 1691 cera.
836 1631 974 1692 silvestre
997 1630 1033 1690 ad
1059 1630 1153 1689 omnia

144 1714 247 1776 eadem
262 1716 428 1792 efficacius,
445 1725 601 1795 praeterea
616 1715 652 1776 ad
667 1716 814 1795 serpentis
831 1733 895 1776 curn
911 1716 998 1791 oleo,
1015 1714 1054 1776 ad
1071 1731 1152 1776 soor·

144 1799 264 1878 piones‚
294 1801 518 1879 scolopendras.
556 1802 631 1861 sistit
653 1809 683 1860 ct
705 1801 891 1862 vomitionem
911 1802 1091 1879 nausiasque
1117 1817 1154 1860 ex

143 1884 210 1943 vino
240 1893 375 1962 quantum
406 1884 651 1963 adprehenderint
676 1894 737 1945 tres
762 1884 854 1963 digiti.
906 1893 1030 1964 propter
1057 1884 1153 1945 colum

143 1983 261 2045 quoque
285 1966 391 2028 bibitur
409 1969 594 2047 inliniturque
617 1968 665 2029 vel
686 1969 831 2050 penicillis
846 1971 965 2031 fervens
985 1969 1186 2048 adprimiturco

146 2051 256 2111 fasciis.
295 2053 541 2129 strangulationes
557 2054 663 2115 volvae
684 2063 783 2133 potum
804 2055 833 2114 in
855 2056 922 2115 vino
946 2054 1041 2133 aperit
1062 2052 1154 2113 tribus

144 2134 289 2195 drachmis
305 2136 335 2194 in
349 2136 440 2196 trihus
456 2137 568 2213 cyathis
583 2139 652 2198 vini.
683 2138 799 2198 auribus
816 2139 971 2200 instillatur
988 2138 1026 2198 ad
1043 2138 1154 2198 sonitus

143 2227 230 2296 atque
247 2220 363 2280 tinnitus
379 2237 441 2280 cum
459 2220 532 2282 sebo
548 2222 669 2282 vitulino
685 2223 733 2282 vel
750 2216 848 2283 rnell'e.
879 2223 1045 2301 suggillatis
1061 2222 1154 2283 inlini·

142 2310 188 2361 tur
211 2321 275 2364 cum
299 2303 437 2364 melleet
460 2324 515 2366 uva
539 2324 626 2386 passa
650 2314 681 2367 et
701 2316 806 2383 aceto,
835 2308 967 2386 lentigini
990 2307 1095 2384 nigrae
1117 2325 1155 2366 ex

142 2395 239 2447 aceto.
1162 2403 1187 2443 at

101 2481 153 2536 163
215 2469 299 2554 (58.)
332 2473 386 2534 Est
408 2475 520 2535 cumino
540 2475 713 2536 simillimum
733 2475 811 2554 quod
830 2475 934 2538 Graeci
956 2484 1066 2537 vocant
1088 2477 1155 2536 ami.

144 2557 259 2635 quidam
274 2577 347 2620 vero
365 2557 572 2640 Aethiopicum
589 2561 730 2621 cuminum
742 2561 771 2622 id
786 2577 855 2620 esse
869 2561 1048 2622 existimant.
1085 2558 1156 2639 liip-

143 2651 283 2717 pocretes
300 2645 413 2721 regium
429 2643 576 2724 appellat,
597 2644 737 2706 videlicet
752 2647 819 2725 quia
834 2645 986 2706 efficacius
1001 2644 1157 2723 Aegyptio

141 2725 289 2788 iudicavit.
319 2728 453 2809 plerique
471 2729 589 2790 alterius
602 2739 721 2791 naturae
735 2731 870 2792 intutum
884 2739 1000 2810 putant,
1019 2731 1156 2810 quoniam

144 2809 181 2869 sit
204 2811 308 2872 exilius
330 2821 360 2872 et
376 2814 532 2875 candidius.
556 2813 656 2874 similis
673 2823 767 2876 autem
783 2823 813 2876 et
827 2815 894 2876 huic
909 2833 989 2880 usus.
1030 2823 1187 2892 namquetu

144 2902 174 2953 et
189 2895 311 2972 panibus
324 2895 530 2958 Alexandrinis
545 2898 687 2959 subicitur
703 2908 732 2959 et
747 2899 937 2960 condimentis
949 2899 1154 2978 interponitur.

102 2985 154 3040 164
165 2977 328 3040 inflationes
359 2991 388 3042 ot
411 2983 535 3044 tormina
566 2983 697 3060 discutit,
728 2985 825 3044 urinas
850 2993 881 3044 et
908 2993 1058 3044 menstrua
1086 2984 1155 3059 ciet,

145 3063 317 3141 suggillata,
347 3066 497 3128 oculorum
527 3068 685 3146 epiphoras
710 3069 839 3146 mitigat,
874 3086 938 3130 oum
965 3067 1017 3128 lini
1044 3069 1156 3128 semine

145 3149 331 3228 scorpionum
352 3152 426 3212 ictus
448 3153 477 3211 in
501 3153 568 3212 vino
589 3161 690 3230 potum
707 3152 851 3213 drachmis
872 3151 987 3214 duabus
1006 3153 1156 3232 privatim-

144 3249 201 3309 que
220 3242 396 3296 cerastarum
413 3253 478 3295 cum
494 3238 558 3315 pari
573 3239 708 3317 portione
723 3255 846 3298 murrae.
885 3238 1019 3299 colorem
1034 3245 1186 3317 quoquett

143 3313 302 3378 bibentium
327 3318 459 3380 similiter
483 3329 572 3381 mutat
597 3323 625 3381 in
653 3321 807 3401 pallorem.
853 3322 978 3382 suilltum
1007 3341 1073 3383 cum
1100 3339 1156 3382 uva

144 3416 232 3476 passa
256 3411 303 3462 aut
327 3403 424 3464 resina
440 3404 557 3465 volvam
574 3415 688 3483 purgat.
724 3405 839 3468 tradunt
854 3406 969 3468 facilius
993 3409 1155 3486 concipere

144 3499 196 3542 eas
213 3502 287 3562 quae
303 3486 461 3548 odorentur
475 3487 503 3548 id
520 3507 575 3568 per
591 3491 706 3551 coitum.
