2370 3922
148 203 189 262 tr
458 210 491 258 0.
512 211 609 258 rums
631 211 782 260 saeuum

94 383 97 390 ·
146 366 247 428 umbra
270 368 395 426 siccatur
417 366 545 442 vinoque
568 367 690 440 gratiana
712 365 807 424 adicit.
842 364 924 424 buius
951 385 1063 442 genera
1085 368 1138 428 duo

147 453 249 510 iecere
268 448 375 527 aliqui,
396 448 471 508 levis
488 447 559 523 loli,
580 448 701 508 alterum
714 450 839 508 tenuius.

104 546 141 602 34
199 533 283 612 (15.)
312 531 478 592 Heracleon
492 531 622 592 siderion
640 541 669 591 ct
685 535 778 610 ipsum
798 533 834 592 ab
855 532 981 592 Hercule
995 535 1139 593 inventam

149 627 205 690 est,
221 615 304 676 caule
320 617 399 674 tenui
415 615 570 691 digitorum
586 624 722 692 quattuor
738 616 901 693 altitudine,
916 616 990 676 dore
1006 619 1140 694 puniceo,

148 700 228 760 loliis
253 699 407 758 coriandri.
442 701 521 757 iuxta
544 699 622 758 lacus
649 707 680 758 et
704 701 794 759 amnis
818 701 963 760 invenitur
990 701 1162 779 omniaques

148 784 271 844 uolnera
286 783 368 840 ferro
382 781 470 842 inlata
486 783 688 842 efficacissime
703 791 794 842 sanat,

212 866 294 944 (16.)
315 863 369 924 Est
388 863 522 924 Gbironis
542 866 688 924 inventum
702 865 833 943 ampelos
848 883 924 943 quae
942 874 1069 924 vocatur
1082 863 1142 924 cit-

106 951 203 1034 }{542334
215 951 309 1023 ronia,
330 948 366 1008 dc
390 967 445 1026 qua
462 948 583 1008 diximus
600 951 677 1008 iuter
697 950 776 1024 vitis,
799 950 883 1010 sicuti
901 949 939 1008 de
955 949 1053 1008 herba
1069 950 1140 1008 cuias

149 1034 279 1093 inventio
293 1023 461 1108 adsignatur
475 1030 634 1092 Minervae.

107 1128 141 1183 35
203 1118 285 1194 (17.)
316 1113 433 1176 Herculi
450 1131 513 1173 eam
530 1132 646 1192 quoquc
664 1114 830 1176 adscribunt
851 1133 926 1192 quac
953 1115 1166 1192 Apollinarem

150 1200 226 1278 apud
246 1199 360 1258 Arabas
384 1198 522 1258 altercum
547 1200 611 1258 slve
639 1198 891 1274 altercangenum,
918 1199 997 1276 apud
1021 1198 1141 1258 Graecos

149 1301 222 1344 vero
238 1283 428 1358 hyoscyamus
444 1280 616 1358 appellatur.
641 1281 724 1358 plura
737 1284 800 1341 eius
815 1299 943 1358 genera:
961 1301 1054 1342 unum
1067 1285 1142 1359 nigro

151 1368 279 1442 semine,
306 1364 427 1425 floribus
450 1381 543 1442 paene
568 1366 742 1442 purpureis,
770 1367 927 1442 spinosum.
946 1399 990 1411 -
1014 1367 1143 1425 1011οιιο-

151 1453 243 1510 scitur
257 1451 288 1508 in
303 1447 421 1508 Galatia.
438 1481 481 1492 -—
490 1448 617 1530 polgare
631 1457 728 1508 autem
743 1447 890 1508 candidius
908 1457 955 1508 est
980 1458 1014 1508 et
1031 1451 1141 1508 frutico·

152 1536 231 1609 sius,
259 1533 345 1592 altius
370 1550 525 1610 papavere.
558 1533 638 1590 tertii
659 1550 760 1592 semen
787 1534 891 1592 irionis
911 1535 1020 1592 semini
1046 1533 1166 1606 similet

109 1617 208 1682 36sed
235 1617 328 1676 omnia
344 1618 482 1674 insaniam
508 1617 658 1692 gignentia
684 1618 848 1694 capitisque
861 1618 1041 1692 vertigines.
1068 1633 1138 1693 quar·

152 1710 211 1760 tum
232 1718 325 1776 genus
347 1698 452 1775 molle,
478 1698 697 1775 lanuginosum,
719 1701 855 1776 pinguius
881 1701 1013 1776 ceteris,
1040 1699 1138 1760 candidi

152 1784 288 1858 seminis,
310 1785 339 1842 in
360 1783 508 1848 maritimis
524 1799 654 1842 nascens.
685 1782 743 1841 hoc
764 1799 909 1861 recepere
928 1783 1057 1860 medici,
1081 1784 1139 1842 iton

152 1867 206 1926 rust
223 1868 349 1925 seminis.
384 1883 595 1943 nonnumquam
608 1874 704 1924 autam
717 1865 866 1926 candidum
881 1866 1025 1941 rufescit,
1054 1869 1078 1926 si
1092 1883 1139 1926 nou

153 1951 322 2025 ematuruit,
344 1949 590 2027 inprobaturque,
607 1958 638 2007 et
654 1949 762 2027 alioqui
788 1948 865 2008 nulla
884 1951 940 2008 nisi
963 1966 1032 2009 cum
1048 1951 1162 2008 inaruittt

153 2033 269 2108 legitur.
314 2040 413 2091 natura
442 2033 498 2090 vini
519 2031 646 2110 ideoque
675 2041 801 2092 mentem
826 2041 970 2110 caputque
999 2035 1137 2093 infestans.

153 2135 222 2174 usus
238 2115 357 2174 seminis
373 2124 404 2174 et
420 2133 475 2192 per
491 2135 524 2174 se
549 2125 580 2174 et
600 2134 670 2174 suco
694 2133 847 2193 expresso.
877 2118 1054 2194 exprimitur
1069 2131 1139 2193 sepa·

153 2200 236 2258 ratim
257 2207 288 2257 et
309 2198 438 2258 caulibus
454 2198 610 2276 foliisque,
635 2207 751 2258 utuntur
768 2207 798 2258 et
814 2199 929 2274 radice,
946 2201 1101 2260 temeraria
1114 2199 1137 2256 in

111 2290 264 2357 attotum,
294 2290 325 2340 ut
348 2283 491 2358 arbitror,
513 2281 663 2342 medicina.
696 2285 806 2360 quippe
827 2287 914 2342 ctiam
936 2282 1022 2342 loliis
1038 2289 1136 2343 constat

154 2373 278 2425 montem
294 2367 455 2442 corrumpi,
475 2369 498 2424 si
520 2366 703 2444 pluraquam
720 2374 856 2443 quattuor
875 2366 985 2429 bibant.
1001 2366 1038 2400 *⁶*
1065 2367 1158 2426 ettanu

154 2449 307 2525 antiqui‘in
327 2451 394 2508 vino
410 2449 515 2509 lebrim
529 2447 638 2526 depelli
661 2450 844 2510 arbitrantes.
882 2449 979 2509 oleum
999 2451 1135 2510 1110100-

111 2527 175 2611 {llll
191 2534 284 2607 mine,
307 2541 337 2590 ut
361 2531 500 2608 diximus,
527 2532 604 2609 quud
624 2535 718 2610 ipsum
740 2533 857 2592 auribus
880 2533 1007 2592 inlusum
1023 2538 1135 2609 temptat

154 2623 297 2690 mentem,
313 2617 444 2694 mireque
460 2624 491 2674 ut
512 2623 613 2675 contra
634 2634 778 2676 venenum
792 2617 919 2676 remedia
938 2617 1093 2694 prodidere
1106 2615 1132 2671 iis

156 2701 202 2775 qui
219 2698 247 2756 id
262 2699 406 2757 bibissent
422 2707 451 2757 01
466 2701 560 2775 ipsum
571 2715 625 2775 pro
641 2699 791 2775 remediis,
807 2699 880 2759 adeo
897 2699 976 2758 nullo
991 2702 1083 2760 omnia
1095 2713 1133 2756 er·

155 2781 287 2859 periendi
305 2782 362 2842 line
380 2788 410 2840 ut
424 2789 569 2858 cogerent
585 2783 671 2841 etiam
686 2801 799 2841 venena
814 2782 967 2860 prodesse.
1137 2802 1154 2843 a

112 2875 148 2930 38
217 2866 245 2923 5.
267 2865 348 2942 (18.)
377 2864 543 2924 linozostis
568 2867 630 2924 sire
654 2865 829 2942 partlaenion
849 2864 975 2925 Mercuri
1001 2868 1132 2925 inventura

77 2963 82 2970 ·
156 2955 210 3006 est.
232 2946 308 3006 ideo
327 2948 402 3024 apud
414 2947 542 3008 Graecos
558 2947 742 3025 Hermopoan
756 2948 835 3007 multi
850 2957 956 3008 uocant
972 2967 1049 3024 earn,
1070 2944 1131 3024 apud

156 3047 210 3088 nos
230 3047 330 3089 omncs
346 3027 555 3092 Mercurialem.
589 3031 647 3090 duo
662 3033 726 3090 eius
743 3050 868 3107 genera:
892 3032 1035 3090 masculus
1050 3038 1079 3089 et
1097 3029 1129 3087 10

155 3115 247 3188 mina,
269 3131 344 3190 quae
361 3115 524 3192 efficacior,
556 3114 638 3174 00010
660 3115 794 3190 cubitali,
816 3114 959 3173 interdum
979 3112 1128 3174 ramosoia

157 3200 321 3272 cacumine,
344 3199 439 3256 ocimo
452 3197 669 3274 angustioribus
685 3197 782 3273 loliis,
803 3197 946 3274 geniculis
962 3198 1068 3272 densis,
1081 3194 1150 3254 ala-s

101 3292 106 3303 ‘
156 3297 218 3338 rum
234 3281 313 3339 cavis
329 3279 438 3354 multis,
462 3282 572 3340 semine
593 3283 623 3340 in
636 3280 779 3358 geniculis
802 3281 997 3359 dependente,
1018 3281 1157 3340 10010001

157 3365 292 3438 copioso,
306 3363 375 3420 mari
392 3363 471 3422 iuxta
485 3363 619 3438 genicula
635 3373 740 3438 stante,
762 3365 866 3424 rariori
881 3382 916 3424 ac
931 3364 1012 3423 brevi
1027 3368 1125 3421 contar

115 3451 261 3519 3910000,
284 3444 408 3504 feminae
431 3443 528 3504 soluto
549 3455 580 3506 et
600 3447 731 3506 candido.
763 3448 833 3508 lolia
856 3448 983 3518 auibus
1004 3447 1124 3522 nigriora,
