2508 3924
225 250 285 313 180
562 259 868 310 e.en1n1sncono1

223 417 339 496 paticis,
362 416 514 496 splenicis,
533 431 687 478 nervorum
700 414 787 491 adio,
807 413 897 478 labris
909 411 1090 489 habentibus,
1105 415 1176 474 vert

219 503 297 578 gioi,
318 509 516 579 praeterquam
537 498 716 578 purgationis,
734 500 842 574 pata,
868 496 1032 574 gmvedini,
1056 497 1177 558 tmsierti·

220 585 289 660 hus,
311 584 405 662 lippis.
448 583 561 644 suillum
582 582 758 642 utilissimum
780 590 927 657 tenesmo,
952 579 1119 653 dysinteriae
1135 597 1177 642 ret

180 705 191 732 ι
220 684 278 727 non
293 666 452 744 phthisicis.
483 666 540 728 hoc
554 675 584 726 et
598 664 764 726 mulieribus
777 661 995 724 saluberrimum
1010 663 1058 740 qni
1072 662 1176 726 deren

221 751 345 810 fuerunt.
755 763 771 794 ⁴
1182 762 1192 804 a

180 844 227 897 131
290 833 375 911 (34.)
395 832 440 892 De
454 831 608 909 generibus
624 846 774 890 caseorum
790 829 926 906 diximus,
941 845 1006 888 cunr
1018 827 1055 890 de
1068 825 1178 886 charita

180 914 255 1000 ¹¹,·,},⁴⁰
267 916 447 992 singulisque
469 914 604 974 membris
624 913 783 974 animalium
804 913 976 972 diceremus.
1005 911 1117 971 Sextius
1131 925 1179 970 sos

89 1049 95 1060 .
220 1000 284 1059 dem
301 999 422 1058 effectus
440 999 544 1076 equino
559 1015 631 1075 quos
645 995 751 1058 bubulo
767 995 862 1056 tradit.
892 995 969 1054 hunc
981 1003 1089 1054 vocant
1102 993 1181 1070 hippo

219 1100 283 1142 can.
307 1080 455 1142 stomacho
467 1080 551 1140 utiles
564 1082 611 1158 qui
622 1096 679 1139 non
690 1089 755 1140 snut
765 1079 846 1154 salsi,
860 1079 889 1138 id
904 1087 949 1138 est
959 1086 1104 1138 recentes.
1121 1077 1182 1136 'vem

218 1183 267 1224 ras
282 1165 377 1226 alvom
391 1165 493 1224 sistunt
508 1181 672 1242 corpusque
685 1163 825 1236 minuunt,
846 1161 994 1221 stomacho
1011 1161 1145 1235 utiliores,
1162 1167 1204 1218 eto

178 1257 228 1311 133
239 1247 268 1307 in
281 1256 370 1307 totum
384 1245 461 1306 salsa
477 1248 602 1306 minuunt
617 1263 733 1324 corpus,
750 1245 827 1304 alunt
842 1244 950 1304 mollia.
982 1261 1087 1304 caseus
1098 1258 1184 1302 recens

219 1347 282 1390 cum
306 1330 393 1392 melle
415 1329 571 1406 suggillata
592 1330 740 1404 emendat,¹
764 1328 858 1388 mollis
881 1328 977 1396 alvom
1000 1328 1095 1403 sistit,
1120 1325 1184 1384 sedat

218 1414 339 1473 tormina
353 1412 476 1492 pastillis
494 1414 522 1472 in
536 1414 603 1473 vino
618 1422 733 1473 austero
748 1412 879 1472 decoctis
894 1429 1055 1488 rursusque
1068 1411 1096 1469 in
1109 1409 1190 1488 patira¹

217 1499 301 1558 tostis
319 1513 383 1556 cum
397 1496 494 1556 melle.
522 1514 637 1575 saprum
650 1505 757 1556 vocant
773 1498 821 1573 qui
836 1513 900 1554 cum
916 1495 979 1555 sale
994 1505 1027 1554 et
1042 1492 1131 1552 sorbis
1142 1492 1183 1550 sic

218 1579 262 1640 cis
276 1598 294 1640 e
309 1581 376 1641 vino
393 1583 474 1639 tritus
491 1589 634 1657 potusque
648 1579 779 1640 medetur
793 1579 942 1654 coeliacis,
962 1577 1126 1654 genitalium
1139 1588 1204 1634 caru

217 1661 347 1724 bunculis
363 1665 497 1740 caprinus
511 1664 592 1722 tritus
606 1671 635 1722 at
648 1663 798 1740 inpositus,
811 1663 879 1722 item
890 1661 990 1720 acidas
1006 1677 1072 1722 oum
1087 1675 1184 1734 oxpna

217 1745 278 1806 lite.
307 1746 426 1806 maculis
441 1747 469 1806 in
483 1746 599 1806 balineo
613 1746 707 1806 inlitus
722 1745 790 1806 oleo
801 1745 980 1804 interlinitur.

178 1839 228 1894 133
290 1827 373 1906 (35.)
394 1827 419 1888 lt
438 1829 513 1890 lacte
527 1830 558 1890 iit
574 1839 603 1889 et
618 1829 765 1904 butyrum,
789 1827 975 1908 barbararum
997 1829 1124 1904 gentium
1139 1825 1184 1885 lar·

217 1912 341 1973 tissimus
355 1911 438 1972 cibus
457 1921 486 1972 et
502 1915 549 1992 qui
565 1912 667 1972 divites
690 1929 705 1970 a
729 1910 817 1989 plebe
831 1911 992 1988 discernat,
1015 1910 1185 1990 pluromone

217 1993 340 2069 bubulo,
354 2003 382 2053 et
399 1993 464 2054 inde
478 2011 599 2072 nomen,
622 1995 835 2074 pinguissimum
852 2012 893 2054 ex
914 1993 1031 2056 ovibus.
1063 1995 1094 2054 lit
1113 2001 1139 2052 et
1159 2007 1209 2050 exo

218 2077 349 2154 caprino,
368 2076 420 2138 sed
433 2076 527 2136 hieme
546 2079 688 2140 calefacto
705 2078 796 2152 lacte,
814 2086 925 2136 aestate
941 2095 1087 2156 expresso
1102 2085 1187 2136 tantun

218 2157 322 2218 crebro
335 2159 442 2220 iactatu
464 2161 492 2220 in
507 2161 603 2238 longis
619 2161 707 2238 vasis,
722 2170 843 2237 angrusto
856 2160 999 2220 foramine
1014 2161 1140 2240 spiritam
1151 2173 1186 2216 aa
1212 2205 1214 2212 .

218 2241 390 2320 cipientibus
411 2241 464 2303 suh
485 2244 549 2323 ipso
577 2261 628 2304 cro
650 2244 720 2304 alias
742 2243 914 2322 praeligato.
956 2243 1074 2304 additur
1095 2241 1186 2322 paulun

178 2334 227 2392 134
237 2341 330 2402 aquae
345 2333 373 2385 ut
388 2337 512 2386 acescat.
539 2326 615 2404 quod
631 2337 676 2388 est
692 2343 820 2388 maxume
832 2335 965 2386 coaetant
981 2327 1012 2386 in
1023 2342 1129 2386 summo
1141 2323 1186 2383 llo'r

216 2415 267 2482 tat,
281 2405 309 2468 id
320 2417 482 2488 exemptum
494 2409 589 2472 addito
600 2411 661 2470 sale
676 2409 800 2486 oxygala
813 2409 984 2489 appellant·
998 2411 1139 2489 reliquom
1151 2406 1206 2466 lec

216 2500 324 2552 cocunt
347 2493 376 2550 in
405 2492 481 2552 ollis.
512 2492 551 2552 ihi
574 2493 651 2571 quod
671 2502 836 2571 supernatat
857 2493 989 2566 butyrum
1011 2503 1059 2556 est
1077 2493 1185 2552 oleosum

217 2583 326 2634 natura.
357 2591 414 2652 qno
428 2577 520 2654 magis
545 2577 623 2636 virus
643 2578 745 2654 resipit
764 2576 821 2639 hoc
841 2578 1037 2654 praestantius
1059 2576 1185 2639 iudicatur·

215 2655 345 2734 plnrihus
366 2658 611 2737 conpositionibus
629 2661 764 2721 miscetur
784 2660 982 2720 inveteratum.
1021 2669 1120 2720 natura
1140 2657 1185 2716 eina

217 2739 406 2814 adstringere,
420 2741 543 2819 mollire,
556 2743 682 2820 replere,
697 2757 832 2818 purgare.

66 2837 68 2841 ’
177 2831 226 2884 135
285 2821 368 2898 (36.)
390 2821 521 2901 Oxygala
536 2827 566 2884 iit
582 2824 682 2885 etalio
696 2824 793 2898 modo,
810 2825 894 2887 acido
909 2825 988 2886 lacte
1002 2824 1101 2888 addito
1117 2822 1141 2882 lo
1152 2828 1207 2880 ret

218 2917 290 2959 oens
304 2905 668 2983 quodvelisinacescere,
691 2907 869 2968 utilissimam
884 2908 1049 2970 stomacho.
1085 2907 1186 2966 edecus

216 2982 342 3042 dicemus
357 2987 415 3046 suis
429 2989 512 3048 locis.

289 3063 372 3160 (37.)
394 3067 535 3133 Proxuma
554 3075 582 3132 in
603 3073 797 3134 communibus
815 3073 892 3152 adipi
914 3073 978 3134 laus
996 3083 1060 3149 est,
1078 3073 1128 3134 sed
1142 3085 1185 3129 nt·

216 3161 300 3204 xume
316 3146 418 3240 suillo,
442 3155 516 3230 apud
538 3157 671 3234 antiquos
694 3157 779 3216 etiam
800 3157 976 3232 religiosius.
1009 3165 1090 3216 certe
1110 3167 1184 3215 norat

215 3234 471 3322 nuptaeumtrantas
492 3239 642 3300 etiamnum
657 3239 799 3300 sollemne
821 3239 927 3300 hahent
947 3241 1044 3318 postis
1066 3257 1103 3301 eo
1120 3237 1207 3300 aon-a

216 3325 298 3382 gere.
320 3318 495 3374 inveteratur
509 3320 619 3380 duobus
633 3322 736 3399 modis,
754 3339 815 3382 cum
831 3322 891 3382 sale
904 3332 952 3384 aut
964 3324 1106 3398 sincerus,
1120 3325 1183 3380 molt

175 3397 225 3450 136
233 3387 448 3484 utilior‘quanto
464 3397 499 3456 sit
513 3405 662 3462 vetustior.
691 3405 854 3481 Axungiam
869 3403 975 3466 Graeci
998 3409 1085 3466 etiam
1101 3399 1183 3481 appel·

215 3467 387 3530 inveneram
408 3476 436 3534 ia
459 3479 647 3544 voluminibus
667 3488 737 3554 suis.
782 3503 877 3566 neque
898 3498 943 3553 est
966 3487 1183 3552 occultantium
