2406 3914
132 239 194 304 288
492 246 797 296 55555555555555

134 423 220 465 55555
235 405 297 464 dari
313 405 341 463 in
361 403 462 478 febre,
479 404 547 462 item
561 401 726 462 articulario
744 398 846 460 morbo
870 406 900 458 et
920 413 1081 457 nervorum
1105 399 1150 456 iu-

134 490 265 548 firmitate
283 487 480 548 laborantibus
496 495 526 545 51
541 484 711 545 mulieribus
729 484 786 541 vini
802 481 962 542 abstemiis.

92 583 141 637 116
174 565 179 575 '
217 572 301 650 (55.)
323 571 419 630 lllellis
435 579 553 630 naturae
570 569 682 629 adnexa
698 585 767 627 cera
783 575 844 642 est,
868 565 905 626 de
921 565 1003 624 cuius
1018 565 1148 640 origine,

89 655 120 732 gi·
131 655 155 730 ἐξ
167 655 293 715 55511515
302 701 310 734 ,
326 653 488 714 nationibus
501 654 563 712 suis
578 653 654 713 locis
668 651 801 710 diximus.
820 650 911 709 omnis
928 658 1025 708 autem
1040 647 1148 724 mollit,

114 722 285 813 Ι551515511,
304 738 407 816 explet
423 754 564 815 corpora,
584 753 691 794 recens
705 733 818 792 melior.
840 733 923 794 datur
938 734 966 791 15
981 731 1173 792 sorbitiones

120 821 333 898 dysintericis,
350 822 466 900 favique
482 821 538 898 ipsi
553 821 582 878 in
599 817 679 896 pulte
698 817 791 876 alicae
809 818 889 895 prius
906 825 1013 875 tostae.
1042 815 1150 875 adver·

132 915 213 965 satur
233 905 315 964 lactis
331 914 467 981 naturae,
490 922 524 964 ac
539 902 597 962 mili
613 900 808 978 magnitudine
824 901 926 960 decem
943 917 1036 978 grana
1058 917 1150 958 cerae

132 989 232 1050 hausta
254 1007 311 1048 non
333 990 478 1068 patiuntur
500 987 648 1064 coagulari
671 986 717 1045 lac
738 986 767 1044 in
791 983 952 1044 stomacho.
992 986 1016 1042 si
1040 983 1152 1060 inguen

131 1081 255 1148 tumeat,
272 1072 366 1132 albam
383 1090 480 1132 ceram
498 1073 526 1130 in
543 1070 619 1150 pube
638 1070 738 1130 fixisse
755 1069 885 1129 remedio
899 1077 955 1128 est.

90 1165 139 1219 117
215 1156 299 1234 (56.)
318 1156 382 1216 Nec
393 1155 476 1216 huius
489 1173 558 1214 usus
569 1171 642 1233 quos
654 1155 742 1213 mixta
757 1152 821 1212 aliis
828 1160 960 1231 praestat
971 1169 1151 1211 enumerare
1164 1168 1184 1208 m

132 1241 226 1318 possit
251 1239 408 1314 medicina,
436 1239 520 1298 sicuti
541 1256 597 1297 nec
617 1247 783 1303 ,ceterorum
805 1254 879 1315 quae
896 1254 960 1296 cum
985 1235 1052 1296 aliis
1080 1253 1151 1312 pro·

91 1341 123 1376 tos
134 1332 208 1382 sunt.
241 1324 311 1400 ista,
327 1333 357 1383 ut
372 1323 511 1398 diximus,
533 1322 656 1399 ingeniis
673 1328 815 1381 constant.
845 1337 903 1379 non
918 1319 990 1380 lecit
1006 1328 1151 1395 ceratum,

131 1406 319 1484 malagmata,
345 1406 515 1485 emplastra,
538 1405 677 1481 collyria,
699 1403 826 1464 antidota
849 1422 955 1482 parens
974 1403 1025 1463 illa
1048 1422 1086 1464 ac
1110 1402 1152 1462 di·

132 1492 198 1549 vina
219 1509 314 1550 rerum
337 1489 458 1565 5511155,
479 1489 657 1550 5115155555
674 1488 765 1564 haec,
783 1488 867 1548 immo
883 1489 984 1547 verius
1006 1488 1152 1547 avaritiae

134 1583 294 1634 commenta
316 1584 389 1634 sunt.
425 1583 543 1634 naturae
566 1573 680 1651 quidem
703 1589 793 1650 opera
812 1572 946 1633 absoluta
969 1581 1061 1650 atque
1079 1590 1185 1650 per-rs

133 1657 211 1719 iecta
234 1659 404 1736 gignuntur,
428 1657 527 1736 paucis
550 1674 713 1732 excausa,
740 1673 798 1715 non
815 1674 853 1716 ex
871 1656 1043 1716 coniectura
1059 1654 1152 1714 rebus

134 1742 309 1819 adsumptis,
332 1751 362 1802 ut
384 1757 456 1802 suco
477 1741 575 1819 aliquo
591 1740 670 1800 sicca
686 1748 884 1818 temperentur
899 1740 934 1800 ad
952 1748 1083 1812 meatus,
1103 1747 1153 1798 aut

92 1833 142 1887 118
153 1842 278 1903 corpore
296 1825 352 1886 alio
368 1827 491 1886 umentia
508 1823 651 1884 adnixus.
671 1824 849 1901 scripulatim
868 1823 983 1901 quidem
1000 1822 1152 1899 colligere

133 1926 168 1967 55
181 1909 307 1968 miscere
324 1910 393 1968 viris
405 1926 463 1968 non
478 1910 664 1969 coniecturae
677 1908 816 1967 humanae
830 1925 920 1985 opus,
935 1907 989 1967 sed
1004 1906 1151 1984 inpuden-

133 1992 191 2050 tiae
216 2000 270 2052 est.
306 2009 359 2050 nos
386 2010 441 2051 nec
466 1991 626 2052 Indicarum
652 1990 899 2070 Arabicarumque
928 1992 1070 2057 mercium
1101 1998 1185 2050 autao

133 2074 246 2133 externi
262 2073 342 2133 orbis
359 2077 522 2151 attingimus
539 2075 705 2135 medicinas.
733 2091 790 2133 non
804 2073 920 2152 placent
933 2073 1075 2134 remediis
1092 2083 1154 2133 tam

135 2156 223 2234 longe
241 2159 407 2235 nascentia,
425 2177 482 2220 non
497 2157 580 2218 nobis
594 2159 764 2235 gignuntur,
789 2159 874 2217 immo
890 2175 926 2218 ne
941 2158 1001 2217 illis
1018 2157 1153 2235 quidem,

133 2240 241 2319 alioqui
257 2259 314 2301 non
329 2241 498 2304 venderent.
528 2241 649 2302 odorum
666 2258 751 2300 55555
764 2251 1035 2319 unguentorumque
1051 2250 1082 2300 et
1100 2241 1152 2302 ds-

134 2323 279 2402 liciarnm,
295 2327 320 2384 51
335 2327 447 2405 placet,
461 2327 547 2386 etiam
561 2325 776 2402 superstitionis
789 2325 880 2402 gratia
894 2335 1041 2402 emantur,
1055 2342 1152 2403 quon·

132 2407 187 2466 iarn
209 2416 273 2468 ture
301 2411 498 2489 supplicamus
522 2418 552 2468 et
577 2418 670 2469 55515.
708 2406 831 2467 salutem
852 2408 968 2487 quidem
993 2409 1057 2468 sine
1083 2410 1185 2468 istisas

134 2508 223 2568 posse
244 2502 380 2554 55551555
393 2492 443 2552 551
455 2490 492 2552 oh
509 2491 537 2552 id
552 2491 739 2570 probabimus
760 2501 789 2551 nt
803 2500 881 2552 tanto
898 2493 992 2570 magis
1011 2492 1059 2551 sui
1074 2492 1152 2554 deli·

135 2577 194 2635 cias
211 2576 327 2655 pudeat.

92 2667 143 2723 119
218 2659 302 2738 (57.)
325 2660 385 2720 Sed
400 2660 558 2720 medicinas
575 2676 592 2717 5
607 2656 727 2719 iloribus
746 2661 1018 2736 coronamentisque
1033 2667 1063 2718 et
1080 2659 1151 2720 hor·

133 2743 233 2803 tensiis
261 2761 393 2823 quaeque
418 2744 585 2804 mandantur
606 2741 716 2801 herbae
741 2743 889 2820 persecuti
912 2760 1039 2821 quonam
1059 2743 1151 2803 modo

132 2826 245 2902 frugum
260 2825 436 2889 omittimus?
456 2829 586 2890 nimirum
603 2834 632 2884 et
646 2825 698 2886 has
715 2825 842 2886 indicare
861 2826 1026 2886 conveniat.
1048 2825 1102 2886 25.
1119 2825 1184 2892 lum

133 2910 231 2988 primis
247 2913 459 2988 sapientissima
482 2909 642 2972 animalium
662 2927 730 2970 esse
750 2917 863 2970 constat
887 2928 963 2988 quae
984 2911 1072 2988 fruge
1099 2929 1151 2970 ve·

133 3000 257 3054 scantur.
288 2995 416 3072 Siliginis
430 3014 521 3072 grana
540 2993 689 3055 combusta
705 3002 734 3052 et
753 2995 818 3054 trita
834 3011 897 3053 oum
922 2995 991 3053 vino
1011 2993 1150 3070 Amineo,

134 3075 226 3135 oculis
242 3076 322 3136 inlita
337 3079 493 3158 epiphoras
506 3080 625 3154 sedant,
650 3077 735 3137 tritici
750 3095 822 3138 vero
837 3077 916 3138 ierro
935 3076 1092 3138 combusta
1114 3079 1151 3137 iis

93 3171 143 3224 tao
155 3178 228 3239 quae
245 3159 336 3238 lrigus
351 3164 457 3224 usserit
477 3170 688 3241 praesentaneo
704 3170 768 3221 sunt
778 3161 919 3222 remedio.
939 3159 1046 3223 Farina
1060 3162 1150 3221 tritici

134 3262 171 3304 ex
186 3251 271 3304 aceto
289 3255 374 3305 55515
388 3264 541 3309 nervorum
557 3243 820 3320 contractionibus,
848 3263 912 3305 cum
928 3264 1057 3308 rosaceo
1073 3262 1148 3306 vero
1159 3264 1182 3307 55

134 3337 163 3386 51
179 3327 235 3387 lico
253 3328 331 3388 51555
346 3329 499 3408 myxisque
517 3330 649 3390 decoctis
664 3328 791 3389 iurlures
807 3329 932 3390 tonsillis
951 3329 1149 3409 iaucihusque

132 3411 364 3486 gargarizatione
376 3422 506 3491 prosunt.
523 3414 629 3473 Sextus
641 3412 816 3491 Pomponius
831 3415 970 3491 praetorii
982 3415 1038 3474 viri
1051 3423 1146 3492 pater,

132 3491 289 3570 Hispaniae
313 3496 456 3556 citerioris
478 3498 634 3575 princeps,
663 3515 725 3555 cum
748 3496 862 3557 horreis
885 3497 946 3556 suis
969 3497 1147 3558 ventilandis
