2396 3900
257 228 562 278 unr.a1sr.xv111.
580 228 700 283 ac-—ao
718 219 871 298 (oo—os.)
1001 220 1059 282 133

124 383 203 463 (63.)
230 383 288 444 Per
310 383 438 445 brumam
461 387 605 446 vitamne
628 386 726 447 colito.
770 385 844 447 Vina
864 395 921 446 tum
942 386 1103 452 delae-232

73 468 121 527 cari
133 467 179 527 rel
198 477 285 528 etiarn
299 467 416 528 diffundi
434 467 563 547 Hyginus
580 470 709 530 suadeta
723 469 858 530 conlecta
872 488 906 530 ea
927 479 1059 550 septumo

71 550 118 626 die,
132 552 226 631 ntique
247 553 272 611 si
295 561 425 630 septumo
447 553 512 614 luna
535 563 689 634 conpetat,
715 570 815 614 cerasa
836 555 914 615 circa
933 554 1060 614 brumum

68 635 126 695 scri.
155 634 248 696 bubus
262 634 470 712 glandemtum
485 637 623 717 adspergi
645 639 779 699 convenit
803 640 831 698 in
855 639 921 716 iuga
947 638 1059 716 singula

50 719 175 783 alodios.
206 720 318 798 largior
332 720 526 782 valetudinem
540 722 668 799 infestat,
686 731 715 782 et
730 739 913 802 quocumque
928 731 1060 801 tempore

68 802 146 879 detur,
164 804 297 864 siminus
312 817 386 864 xxx
402 805 505 866 diebus
519 807 662 867 continuis
678 806 743 867 data
761 807 814 883 sit,
836 817 952 867 narrant
970 823 1059 866 verna

67 885 153 947 scabie
164 888 330 966 poenitere.
356 887 495 950 Materiae
507 889 674 951 caedendae
686 899 798 969 tempus
811 890 868 951 boc
879 890 1019 951 dedimus.
1035 907 1103 951 tatae

66 970 163 1050 mbqna
184 988 277 1051 opera
299 982 439 1034 nocturna
460 992 590 1036 maxume
612 974 711 1052 vigilia
734 983 883 1050 constent,
905 993 968 1035 cum
988 975 1103 1038 sturmo

66 1064 154 1116 noctes
169 1065 250 1117 tanto
266 1056 433 1136 ampliores,
448 1058 570 1138 qualos,
588 1060 690 1134 cratis,
707 1058 824 1118 fiscinas
845 1068 966 1134 texere,
988 1058 1061 1119 lacis

43 1139 192 1216 subolere,
209 1140 318 1202 ridicas
332 1159 509 1220 praeparare
526 1141 649 1204 interdiu
664 1156 748 1219 xxx,
767 1143 851 1222 palos
866 1156 923 1219 nx,
940 1143 968 1201 in
980 1141 1060 1202 lucu·

67 1221 183 1284 bntione
201 1227 372 1304 vespertina
386 1226 493 1286 ridicas
509 1241 541 1303 v,
557 1227 642 1305 palos
657 1240 691 1301 x,
708 1225 828 1286 totidem
845 1225 1026 1288 antelucana.

117 1308 200 1389 (64.)
226 1308 253 1368 Α
270 1309 370 1370 bruma
384 1310 412 1369 in
424 1311 568 1371 favonium
582 1307 702 1370 Caesari
715 1309 825 1371 nobilia
842 1310 937 1371 sidera
951 1311 1100 1388 signi-234

67 1391 148 1468 icam,
163 1393 252 1453 tertio
269 1392 410 1455 kalendas
424 1393 570 1455 lanuarias
588 1396 725 1454 matutino
742 1396 820 1455 canis
834 1394 984 1471 occidens,
1002 1411 1058 1472 quo

68 1475 102 1536 die
121 1476 239 1538 Atticae
259 1487 289 1537 et
312 1477 436 1538 linitimis
455 1478 625 1556 regionibus
653 1478 748 1557 aquila
776 1480 896 1557 vesperi
921 1479 1060 1538 occidere

43 1560 179 1620 rausum.
211 1561 306 1641 pridie
328 1579 419 1622 nonas
440 1562 587 1624 lanuarias
610 1559 730 1623 Caesari
751 1562 903 1640 delphinus
924 1563 1059 1622 matutino

65 1646 179 1705 exoritur
195 1654 226 1705 et
240 1655 362 1723 postero
377 1646 423 1706 die
439 1647 569 1723 fidicula,
591 1664 649 1725 quo
666 1646 803 1725 Aegypto
820 1647 924 1723 sagitta
943 1645 1059 1724 vesperi

65 1729 165 1790 occidit.
197 1732 267 1791 item
283 1730 318 1790 ad
330 1744 376 1790 vn
402 1731 466 1791 idus
478 1731 625 1791 lanuarias
638 1731 768 1791 eiusdem
781 1730 909 1808 delphini
923 1735 1101 1808 vesper-235

64 1814 111 1872 tuo
126 1830 234 1874 occasu
253 1816 379 1874 continui
394 1813 457 1874 dies
472 1815 598 1876 hiemant
618 1814 737 1891 ltaliae,
761 1833 824 1874 cum
849 1813 894 1874 sol
919 1815 947 1873 in
971 1829 1057 1891 aqua·

65 1897 121 1956 riam
136 1899 277 1959 sentiatur
295 1899 435 1978 transire,
464 1899 541 1979 quod
560 1900 624 1960 lere
646 1913 716 1959 xvl.
756 1898 896 1959 kalendas
918 1896 1057 1958 Februar.

43 1983 157 2058 aerenit,
172 1996 247 2043 vm.
279 1982 420 2044 kalendas
435 1982 521 2043 stella
534 1984 617 2061 regia
635 1982 782 2062 appellata
798 1982 946 2042 Tuberoni
963 1984 991 2042 in
1007 1998 1058 2060 pe·

67 2073 132 2125 ctore
148 2066 244 2127 leonis
264 2066 372 2127 occidit
385 2069 539 2144 matutino,
562 2076 592 2127 et
612 2067 705 2145 pridie
728 2084 818 2128 nonas
835 2065 1010 2127 Februarias
1027 2064 1058 2124 li·

67 2147 143 2210 dicnla
157 2153 288 2230 vesperi.
318 2149 406 2211 kluius
424 2153 563 2230 temporis
586 2152 748 2212 novissimis
772 2149 892 2226 diebus,
914 2149 1100 2214 obicum-aea

67 2250 112 2311 que
124 2236 250 2314 patietur
265 2234 341 2295 caeli
355 2236 449 2312 ratio,
464 2243 570 2297 terram
587 2235 624 2295 ad
641 2252 772 2295 rosarum
790 2243 820 2294 et
841 2236 944 2295 vineae
965 2243 1058 2293 saturn

66 2326 166 2379 vertere
172 2318 284 2398 bipalio
292 2327 419 2397 oportet,
427 2321 577 2398 —iugero
590 2336 701 2398 operae
712 2333 760 2378 nx
772 2319 932 2394 sufiiciunt,
944 2352 986 2362 —
997 2318 1057 2377 los·

43 2417 105 2460 usas
118 2420 240 2482 purgare
257 2412 305 2462 aut
317 2419 408 2463 novas
420 2402 536 2480 iacere,
555 2403 734 2464 antelucanis
748 2404 923 2463 ferramenta
939 2419 1056 2477 acuere,

65 2486 196 2549 manubria
211 2496 331 2566 aptare,
349 2486 427 2548 dolia
442 2505 548 2567 quassa
564 2488 691 2563 sarcire,
708 2488 803 2546 ovium
814 2488 970 2562 tegimenta
989 2501 1056 2544 con·

67 2570 166 2631 aurare
180 2574 367 2650 ipsarumque
383 2571 463 2632 lanas
479 2571 628 2632 scabendo
644 2589 780 2650 purgare.

117 2654 197 2734 (bb.)
216 2656 256 2735 [1]
280 2655 434 2717 Alavouio
453 2657 481 2715 in
498 2657 711 2735 aequinoctium
726 2671 846 2715 vernum
865 2651 984 2712 Caesari
1005 2653 1041 2712 si·
1049 2661 1100 2717 237

67 2737 176 2816 mmor,
192 2753 284 2802 x1111.
314 2739 454 2801 kalendas
466 2739 549 2800 biart.
562 2741 684 2801 triduum
697 2738 788 2816 varie,
808 2747 837 2798 et
852 2750 925 2798 vl11.
957 2737 1057 2797 kalen·

43 2820 109 2882 adas
121 2823 275 2885 hirundinis
290 2824 354 2884 visu
369 2834 399 2885 et
415 2834 537 2903 postero
553 2826 600 2886 die
621 2825 728 2885 arcturi
750 2832 854 2884 exortu
875 2823 1056 2901 vespertino,

17 2863 21 2998 Ξ
67 2906 122 2966 bn
134 2910 218 2970 tertio
234 2926 327 2969 nonas
342 2907 426 2969 blart.
450 2907 560 2970 Caesar
575 2910 671 2969 cancri
687 2916 789 2969 exortu
802 2908 831 2967 id
844 2907 906 2966 lieri
918 2905 1056 2967 observa-

18 3009 20 3048 :
67 2991 114 3066 vit,
131 2995 219 3054 maior
241 3011 311 3073 pars
334 3001 481 3054 auctorum
503 2993 700 3054 vindemitoris
716 3009 848 3067 emersu,
873 3001 979 3053 octavo
994 2991 1057 3050 idus

69 3077 187 3152 aquilonii
201 3079 295 3157 piscis
311 3087 415 3138 exortu
432 3086 462 3137 et
478 3086 598 3156 postero
616 3077 662 3136 die
678 3073 803 3137 Orionis.
833 3077 861 3134 in
882 3075 979 3136 Attica
994 3075 1056 3133 mil·

18 3145 21 3240 l
70 3175 125 3219 ron
138 3161 279 3241 adparere
302 3171 444 3223 servatur.
479 3159 590 3223 Caesar
614 3169 643 3221 et
657 3160 721 3220 idus
741 3157 859 3221 blartias
878 3159 979 3219 leralis
1001 3157 1056 3216 sibi

42 3248 161 3305 enotavit
174 3247 337 3326 scorpionis
352 3263 477 3322 occaso,
501 3259 557 3307 xv.
590 3244 732 3305 kalendas
752 3262 824 3306 vero
839 3242 933 3322 April.
955 3241 1056 3302 ltaliae

68 3327 167 3390 nilvom
177 3332 302 3407 ostendi,
319 3344 382 3392 ΧΠ.
417 3330 556 3393 kalendas
574 3347 657 3390 eoum
675 3329 814 3390 occidere
835 3328 981 3386 matutino.
1014 3325 1054 3403 [a]

19 3413 22 3488 'p
69 3409 122 3472 lloc
130 3415 305 3478 intervallum
317 3417 456 3494 temporis
468 3416 683 3493 vegetissimum
696 3413 835 3492 agricolis
849 3415 1099 3487 maxumequebdss

20 3489 22 3578 i
71 3511 206 3576 operosum
221 3510 277 3578 est,
293 3502 322 3561 in
338 3517 397 3580 quo
414 3503 572 3580 praecipue
588 3498 734 3559 lalluntur.
764 3513 860 3574 neque
873 3497 946 3554 enim
959 3510 995 3553 eo
1008 3492 1054 3552 die

20 3695 35 3869 Ἠ
