2458 3906
322 248 403 296 unu.
420 247 512 296 rursu.
529 248 588 300 xx.
608 248 633 298 r.
647 247 673 298 a.
689 233 803 320 (r-o.)
1016 236 1075 301 189

7 380 16 437 3
64 401 222 482 provenire
241 401 438 481 magnitudine
454 404 535 464 uncis
549 403 704 482 iuglandis,
720 406 830 468 semina
845 414 940 475 autem
955 423 1024 468 esse
1039 407 1075 468 ad

66 488 197 566 speciem
221 489 411 566 scorpionum
437 489 546 549 caudae
569 487 699 563 reflexa,
727 491 781 550 sed
807 490 938 552 candida.
984 491 1072 572 aliqui
1101 503 1119 557 8

67 573 148 632 mam
163 572 366 651 scorpioninm
383 574 522 632 cucumim
537 583 645 634 vocant
662 573 866 635 efficacissimo
880 584 980 636 contra
992 593 1073 636 scor·
1178 621 1179 626 1

68 657 183 736 piorum
196 657 273 715 ictus
291 665 322 717 et
335 657 446 716 semine
463 666 492 717 et
507 656 648 734 elaterio,
661 666 691 718 et
706 659 742 719 ad
757 658 934 737 purgandam
950 668 1074 740 utroque

0 799 1 810 ,
45 739 170 800 animur.
208 739 314 800 modus
332 742 467 820 portione
483 740 584 800 virium
601 741 637 802 ab
652 742 768 803 dimidio
784 743 873 804 obolo
888 743 925 804 ad
939 743 1073 823 solidum,

69 825 215 902 copiosius
228 833 326 884 uacat.
338 825 384 885 sic
396 834 425 884 et
436 834 536 885 contra
547 825 725 904 phthiriasim
737 826 843 889 bibitur
855 837 884 887 et
892 827 1072 908 hydropicis.

67 908 174 969 inlitam
188 909 313 986 anginas
328 917 358 968 ct
370 911 492 970 arterias
509 928 573 970 cum
587 911 675 970 melle
693 920 721 971 et
736 911 804 972 oleo
823 920 926 972 vetere
943 922 1034 974 sanat.

126 993 156 1054 2.
180 993 248 1073 (4.)
274 991 358 1054 llulti
372 993 447 1054 hunc
464 1011 532 1054 esse
550 995 626 1074 apud
643 1011 696 1056 nos
719 996 766 1074 qui
783 996 924 1074 anguinus
938 1006 1072 1074 vocetur,

67 1095 101 1138 ac
114 1077 181 1138 aliis
196 1078 358 1156 erraticus,
373 1078 564 1152 arbitrantur,
580 1096 638 1157 quo
650 1079 776 1140 decocto
790 1097 893 1159 sparsa
905 1099 1001 1142 mures
1016 1098 1073 1142 non

37 1179 61 1220 n
68 1162 216 1239 attingunt.
253 1161 340 1222 iidem
361 1162 500 1240 podagris
517 1179 582 1223 eum
597 1171 626 1223 et
642 1164 843 1226 articularibus
861 1165 968 1226 morbis
985 1165 1072 1226 deco·

69 1255 139 1306 mum
159 1246 190 1306 in
212 1255 329 1306 acetum
355 1247 475 1307 inlinunt
499 1256 714 1326 praesentaneo
735 1250 882 1325 remedio,
912 1248 1071 1311 lumborum

68 1348 134 1391 vero
152 1329 278 1392 dolores
293 1332 404 1392 semine
420 1331 485 1392 sole
502 1331 631 1408 siccato,
647 1332 715 1393 dein
730 1334 814 1411 trito,
836 1347 886 1394 xx
898 1333 926 1396 X
940 1335 1071 1412 pondere

68 1415 94 1475 ia
109 1415 227 1476 hemina
245 1415 312 1476 dato
329 1433 422 1495 aquae
438 1425 530 1491 sanat,
546 1425 675 1476 tumores
692 1416 804 1478 subitos
820 1419 901 1480 inlito
917 1436 980 1478 oum
996 1419 1073 1480 laete

67 1499 226 1560 mulierum.
260 1508 367 1579 purgat
383 1518 433 1562 eas
450 1500 616 1578 elaterium,
632 1501 685 1564 scd
700 1503 829 1580 gravidis
844 1500 976 1564 abortum
991 1504 1071 1564 iacit.

39 1584 235 1662 namspiriosis
256 1585 395 1662 prodest,
421 1584 524 1646 morbo
549 1603 622 1646 vero
650 1588 733 1666 regio
760 1589 788 1648 in
813 1589 891 1648 naris
918 1587 1071 1648 coiectum.

8 1680 13 1689 ·
67 1668 221 1745 lentigines
238 1687 274 1728 ae
288 1669 418 1730 maculas
435 1689 453 1730 c
468 1669 545 1730 facte
560 1670 637 1731 tollit
650 1671 678 1730 in
693 1671 758 1730 sole
774 1671 894 1733 inlitum.

125 1755 191 1834 (5.)
215 1751 299 1813 dlulti
321 1753 424 1813 eadem
444 1757 537 1815 omnia
553 1755 653 1816 sativis
668 1755 843 1832 attribuunt,
868 1757 963 1834 magni
985 1757 1113 1821 etiamlo

8 1872 14 1883 ·
66 1839 124 1897 siue
137 1838 174 1897 iis
191 1839 339 1898 momenti.
365 1855 489 1918 namque
505 1847 534 1898 et
549 1857 649 1901 eorum
661 1858 760 1902 semen
772 1849 907 1920 quantum
918 1849 979 1901 tres
990 1841 1071 1918 digiti

5 1962 12 1989 -,
67 1919 311 2000 adprehenderint
326 1940 391 1982 cum
407 1923 519 1984 cumino
535 1924 630 1984 tritum
646 1933 804 2004 potumque
820 1927 848 1985 in
865 1925 932 1985 vino
947 1926 1070 1986 tussien-

39 2005 140 2068 ntibns
156 2008 329 2084 auxiliatur,
345 2015 375 2066 et
386 2006 562 2087 phreneticis
579 2009 608 2068 in
623 2008 700 2070 lacte
714 2009 855 2087 mulieris,
873 2021 902 2071 et
917 2011 1070 2086 dysinteri-

68 2093 106 2152 cis
118 2091 268 2154 acetabuli
283 2109 429 2168 mensura,
445 2093 599 2172 purulenta
613 2102 709 2154 autem
724 2095 933 2174 exspuentibus
947 2113 1011 2156 eum
1024 2114 1071 2156 cu·

1 2191 2 2243 t
66 2177 136 2236 mino
154 2179 220 2256 pari
235 2176 384 2256 pondere,
406 2186 435 2236 et
454 2178 592 2239 iocineris
607 2179 683 2238 vitiis
698 2180 727 2239 in
742 2197 816 2258 aqua
831 2178 932 2240 mulsa.
962 2181 1071 2240 urinam

1 2270 2 2320 t
66 2270 160 2321 movet
180 2279 221 2322 ex
240 2261 309 2320 vino
331 2260 424 2337 dulci,
448 2260 482 2322 et'
496 2263 525 2321 iu
542 2262 652 2324 renium
673 2262 777 2325 dolore
794 2264 970 2340 clysteribus
987 2264 1072 2324 simul

67 2362 126 2404 cum
143 2347 259 2407 cumino
275 2345 440 2406 infunditur.

36 2446 59 2488 an
125 2430 191 2511 (6.)
216 2429 273 2504 out
295 2447 428 2509 pepones
446 2439 588 2492 vocantur
613 2431 788 2510 refrigerant
808 2449 939 2492 maxume
959 2433 988 2492 in
1003 2433 1069 2496 cibo
1080 2443 1111 2495 11

66 2522 94 2574 et
107 2514 261 2576 emolliunt
275 2515 380 2574 alvom.
414 2533 483 2577 caro
500 2533 600 2576 eorum
618 2517 767 2595 epiphoris
784 2515 935 2577 oculorum
952 2526 1001 2576 aut
1017 2515 1070 2576 do-

66 2597 174 2659 loribus
203 2599 360 2677 inponitur.
402 2601 486 2662 radix
506 2609 588 2662 sanat
612 2600 713 2662 ulcera
740 2609 878 2662 concreta
902 2602 931 2660 in
956 2598 1070 2660 modum

65 2681 132 2760 iani,
149 2700 227 2763 qnae
243 2685 323 2744 ceria
337 2693 453 2746 vocant.
484 2685 586 2746 eadem
603 2686 746 2746 contrahit
762 2685 944 2745 vomitiones.
977 2685 1069 2746 sicea·

66 2775 119 2845 tur,
136 2768 165 2827 in
179 2768 303 2828 lerinam
317 2777 401 2829 tunsa
418 2769 501 2830 datur
516 2779 650 2858 quattuor
665 2769 761 2831 obolis
776 2770 804 2830 in
821 2787 895 2848 aqua
907 2770 1016 2847 mulsa,
1031 2771 1070 2830 ita

37 2859 96 2911 ont
107 2852 156 2933 qni
170 2851 280 2913 biberit
295 2853 469 2932 quingentos
484 2871 589 2933 passus
605 2863 709 2933 postea
723 2852 860 2916 ambulet.
890 2855 965 2915 haec
978 2853 1071 2915 iariua

1 2990 2 2999 ,
70 2945 96 2996 ct
113 2939 142 2996 in
162 2947 325 3016 smegmata
346 2938 477 2999 adicitur.
509 2948 612 3000 corten
629 2956 746 3018 quoque
760 2939 947 2999 vomitionem
961 2949 1113 3017 movet,12

69 3019 168 3083 iaciem
187 3030 304 3101 purgat.
340 3022 398 3084 hoc
416 3032 445 3082 et
463 3023 535 3084 folia
560 3023 766 3102 cuiuscumque
790 3023 873 3084 sativi
894 3023 984 3084 inlita.
1023 3042 1070 3085 ea·

1 3109 2 3172 l
68 3104 209 3168 demeum
224 3108 316 3169 melle
331 3116 362 3167 et
373 3107 553 3186 epinyctidas
565 3117 680 3184 sanant,
697 3125 762 3168 eum
773 3109 840 3168 vino
854 3109 933 3170 canis
945 3125 1069 3184 morsus,

65 3190 131 3250 item
144 3191 342 3271 multipedae,
357 3223 400 3236 -—
418 3209 490 3271 sepa
506 3189 611 3254 Graeci
625 3201 749 3270 vocant,
772 3191 946 3272 oblongam,
968 3193 1070 3270 pilosis

37 3275 205 3355 etpedibus,
221 3279 328 3357 pecori
343 3278 501 3356 praecipue
516 3278 658 3338 nocivam.
693 3295 821 3339 morsum
836 3287 930 3339 tumor
943 3276 1070 3356 insequi-

1 3367 2 3411 l
66 3368 109 3420 tur
130 3369 160 3422 et
185 3363 334 3442 putrescit
360 3361 442 3421 locus
468 3394 527 3438 -,
556 3363 622 3441 ipse
648 3362 776 3423 cucumis
803 3362 895 3423 odore
923 3360 1069 3422 deiectum

1 3415 2 3496 h
66 3446 156 3506 suini.
187 3455 295 3509 coctos
314 3446 421 3507 deraso
436 3446 548 3507 cortice
564 3463 603 3506 ex
616 3446 701 3524 oleo,
723 3455 807 3508 aceto
825 3456 855 3509 et
869 3445 957 3507 melle
971 3446 1069 3506 iucun-

1 3519 2 3612 ᾖ
67 3527 160 3592 diores
176 3550 248 3593 esse
267 3538 380 3592 certum
394 3538 449 3592 est.
