2458 3906
151 225 215 290 106
526 234 556 283 c.
573 233 670 283 amru
686 231 836 282 sncuunr

154 394 320 475 potionibus
341 411 396 474 per
416 410 483 453 rura
512 391 638 451 innatant
658 398 688 450 et
707 391 736 450 in
765 387 955 450 condimentis
976 389 1172 470 peculiarem

152 480 274 558 gratiam
290 477 407 539 habent.
436 484 593 556 praeterea
615 473 708 534 oculis
729 473 839 534 inlitum
861 493 924 535 cum
945 474 1054 552 melle,
1077 475 1122 536 ita
1138 483 1173 534 ut

152 563 274 624 subinde
288 563 441 623 foveantur
456 560 581 621 lerventi
596 575 670 620 suco
681 559 809 636 decocti,
827 559 952 638 aliisque
963 560 1172 620 membrorum

154 647 306 727 epiphoris
321 665 376 726 per
391 665 424 707 se
442 647 536 707 tritum
553 653 601 705 ant
617 661 681 703 cunr
697 656 772 720 pane
792 643 841 704 vel
858 644 977 724 polenta
1000 646 1170 725 inpositum

151 734 222 791 mire
239 732 400 793 auxiliatur.
433 731 531 811 pisces
547 743 675 808 quoque,
691 728 717 786 si
732 737 888 805 aegrotent
901 730 929 788 ln
941 729 1077 808 piscinis,
1094 729 1193 808 apios

110 827 161 882 113
172 816 256 876 viridi
275 825 456 877 recreantur.
489 832 589 874 verum
610 812 685 892 apud
707 811 837 872 eruditos
861 830 919 874 non
945 813 1023 875 aliud
1047 823 1169 875 erutum

151 910 230 962 terna
247 903 275 961 in
288 901 398 962 maiore
416 898 623 961 sententiarum
639 897 781 960 varietate
797 906 851 958 est.
876 898 1064 977 distinguitur
1076 917 1168 959 sexu.

152 983 334 1065 Chrysippus
355 985 490 1046 feminam
512 999 581 1043 esse
603 982 673 1042 dicit
698 982 890 1060 crispioribus
913 983 992 1044 foliis
1014 991 1045 1044 et
1070 985 1169 1059 duris,

153 1087 253 1131 crasso
275 1071 377 1147 caule,
400 1085 506 1148 sapore
528 1067 589 1128 anri
610 1075 640 1126 et
659 1066 791 1144 fervido,
810 1064 968 1144 Dionysius
986 1069 1169 1146 nigriorem,

149 1155 295 1217 brevioris
311 1154 429 1230 radicis,
444 1150 620 1214 vermiculos
631 1152 810 1230 gignentem,
826 1152 910 1215 ambo
922 1163 1057 1215 neutrum
1070 1153 1112 1214 ad
1126 1153 1168 1213 ci·
1179 1170 1202 1210 ro

149 1239 204 1299 bos
224 1239 446 1313 admittendum,
469 1239 554 1297 immo
576 1237 692 1296 omnino
707 1236 807 1314 nefas,
823 1254 888 1298 nam
912 1238 940 1299 id
956 1238 1169 1298 defunctorum

150 1324 244 1404 epulis
260 1322 400 1384 feralibus
412 1323 536 1384 dicatum
549 1339 628 1398 esse,
645 1322 725 1382 visus
738 1336 854 1402 qnoque
868 1323 990 1384 claritati
1003 1324 1168 1384 inimicum.

109 1418 158 1472 114
172 1408 255 1469 caule
279 1408 404 1469 feminae
427 1405 604 1468 vermiculos
627 1405 725 1484 gigni,
753 1405 880 1486 ideoque
898 1422 951 1468 eos
970 1409 1020 1487 qui
1046 1407 1170 1468 ederint

149 1493 350 1571 sterilescere,
369 1493 457 1553 maris
472 1491 648 1567 feminasve,
665 1492 694 1551 in
711 1491 877 1570 puerperiis
891 1509 964 1553 vero
980 1493 1018 1553 ab
1035 1509 1075 1552 eo
1095 1491 1169 1554 cibo

149 1577 302 1638 comitialis
318 1577 382 1638 lieri
397 1577 446 1657 qui
460 1575 553 1636 ubera
567 1575 708 1636 hauriunt.
735 1577 966 1638 innocentiorem
977 1586 1078 1638 tamen
1092 1596 1165 1639 esse
1178 1591 1201 1634 u

147 1681 266 1724 marem.
299 1681 393 1742 eaque
417 1679 504 1724 causa
525 1669 571 1720 est
595 1679 631 1720 ne
647 1661 722 1720 inter
736 1660 867 1722 nefastos
883 1661 979 1722 frutex
995 1663 1166 1723 damnetur.

149 1765 332 1809 mammarum
349 1748 480 1809 duritiam
501 1746 634 1824 inpositis
649 1745 728 1805 foliis
744 1745 863 1807 emollit.
899 1747 1053 1808 suaviores
1069 1765 1167 1826 aquas

108 1843 158 1896 115
169 1833 250 1910 potui
271 1833 417 1892 incoctum
438 1839 577 1909 praestat.
621 1847 692 1890 suco
718 1847 850 1890 maxume
876 1831 983 1892 radicis
1006 1851 1073 1892 cum
1094 1833 1166 1892 vino

148 1915 310 1976 lumborum
336 1914 456 1976 dolores
477 1915 603 1992 mitigat,
627 1913 730 1974 eodem
750 1916 813 1975 iure
828 1915 967 1977 instillato
983 1918 1166 1995 gravitatem

149 2001 267 2060 aurium.
292 2001 403 2059 semine
420 1999 531 2059 urinam
548 2000 615 2075 ciet,
632 2007 778 2061 menstrua
794 2017 829 2060 ac
841 2000 984 2082 secundas
1001 2012 1106 2082 partus
1123 2011 1199 2079 et,so

150 2085 174 2142 si
192 2083 348 2144 foveantur
366 2085 476 2144 semine
499 2083 643 2160 decocto,
667 2084 823 2162 suggillata
838 2085 935 2146 reddit
956 2087 1063 2147 colori.
1097 2105 1166 2147 cum

150 2168 197 2226 ovi
220 2166 287 2227 albo
308 2168 418 2228 inlitum
438 2176 486 2229 aut
506 2185 544 2228 ex
566 2187 640 2248 aqua
656 2177 770 2228 coctum
789 2179 946 2249 potumque
962 2171 1087 2232 renibus
1104 2189 1166 2233 me·

149 2251 244 2326 detur,
261 2253 289 2311 in
305 2251 409 2330 frigida
427 2252 523 2313 tritum
539 2254 598 2312 oris
621 2252 778 2320 ulceribus.
811 2271 911 2316 semen
932 2273 996 2316 oum
1017 2255 1090 2316 vin‘o
1113 2257 1167 2318 rel

148 2335 232 2395 radix
247 2354 310 2395 cum
325 2337 418 2397 veteri
432 2338 499 2398 vino
516 2337 635 2396 vesicae
657 2337 788 2398 calculos
808 2338 951 2418 frangunt.
984 2358 1091 2402 semen
1113 2342 1165 2402 da·

148 2428 194 2478 tur
214 2427 243 2479 et
258 2421 386 2499 arquatis
403 2439 440 2481 ex
456 2423 524 2480 vino
541 2421 619 2481 albo.
1173 2445 1198 2485 ss

109 2541 159 2595 116
217 2531 302 2612 (45.)
323 2532 489 2612 Apiastrum
503 2531 633 2610 Hyginus
651 2533 765 2612 quidem
785 2536 1037 2617 melissophyllum
1055 2538 1164 2618 appel·

149 2616 201 2690 lat,
223 2615 277 2676 sed
299 2617 327 2677 iu
348 2617 484 2678 confessa
506 2617 687 2678 damnatione
712 2627 757 2680 est
771 2631 942 2682 venenatum
962 2623 991 2682 in
1010 2624 1165 2684 Sardinia.

150 2701 334 2843 complexantia
348 2702 422 2762 enim
440 2711 504 2762 sunt
520 2703 613 2762 omnia
627 2721 664 2763 ex
677 2703 781 2765 eodem
807 2707 921 2767 nomine
934 2707 1011 2786 apud
1024 2707 1166 2770 Graecos

148 2801 207 2860 pen
229 2785 313 2845 entia.

107 2916 157 2971 117
216 2908 301 2989 (46.)
325 2909 504 2990 Olusatrum,
521 2915 599 2992 quod
616 2915 830 2994 hipposelinum
844 2925 965 2994 vocant,
983 2919 1198 2988 adversaturso

148 2990 363 3072 scorpionibus.
400 3006 471 3075 poto
486 3000 596 3058 semiue
614 3001 784 3062 torminibus
800 3010 831 3062 et
842 3001 999 3064 interaneis
1010 3005 1162 3081 medetur,

148 3077 217 3136 item
235 3077 452 3142 difficultatibus
467 3083 567 3143 urinae
581 3101 682 3144 semen
697 3085 759 3145 eius
775 3083 930 3146 decoctum
942 3104 980 3147 ex
993 3089 1092 3150 mulso
1107 3106 1161 3169 po-

145 3169 214 3220 tum.
247 3162 330 3224 radix
346 3165 409 3225 eius
424 3168 452 3225 in
464 3167 532 3226 vino
549 3166 673 3228 decocta
688 3169 819 3230 calculos
838 3168 923 3250 pellit
940 3181 970 3232 et
991 3173 1162 3235 lumborum

147 3263 182 3305 ac
198 3245 298 3308 lateris
316 3248 445 3309 dolores.
477 3251 556 3310 canis
576 3251 686 3314 rabiosi
703 3254 849 3316 morsibus
870 3265 969 3335 potum
992 3265 1023 3317 et
1044 3258 1160 3319 inlitum

145 3330 287 3390 medetur.
315 3351 402 3393 sucus
418 3334 481 3393 eius
498 3335 623 3411 algentis
637 3337 773 3398 calefacit
789 3349 884 3419 potus.
914 3351 1047 3420 quartum
1059 3361 1158 3421 genus
1169 3369 1193 3410 aa

146 3430 184 3470 ex
207 3414 311 3474 eodem
333 3415 421 3495 aliqui
442 3416 550 3477 faciunt
567 3421 781 3499 oreoselinum,
803 3425 927 3503 palmum
951 3425 1011 3486 alto
1032 3426 1157 3504 frutice,

144 3505 227 3556 recto
246 3500 356 3558 semine
375 3501 488 3561 cumino
505 3503 607 3580 simili,
630 3506 731 3566 urinae
747 3516 776 3566 et
790 3509 944 3570 menstruis
960 3510 1079 3570 efficax.
1102 3511 1156 3572 he-
