2504 3930
349 206 430 302 666.
446 255 537 302 uror.
553 254 651 302 xmx.
668 251 693 308 6
713 244 866 322 (ad-ss)
1040 205 1101 305 bii

107 429 180 493 quae
205 409 394 487 adalligantur
420 419 449 468 66
471 410 594 470 minutae
614 409 703 470 fronti
731 411 886 472 inlinuntur
906 412 1006 488 661666,
1024 409 1103 472 16666
1203 473 1207 481 ,

107 513 257 574 oesypum,
275 510 343 553 ossa
360 511 376 552 6
394 492 621 570 66616666166616
638 494 792 571 adalligata
810 505 858 556 aut
874 496 1025 556 cerebrum
1039 513 1101 554 oum

1 593 2 600 ¹
105 581 172 652 6166
188 587 218 638 66
236 578 334 637 cedria
353 587 493 655 peruncto
508 579 606 676 666166
623 588 653 638 66
667 580 742 638 intus
758 579 873 640 naribus
889 581 986 640 inlitis.
1019 595 1083 638 cor
1094 590 1145 644 113

105 664 178 722 61616
197 661 349 721 cerebrum
366 661 534 736 contemno
550 661 617 721 cibo
633 670 774 742 sumptum
792 663 839 722 661
857 673 997 740 noctuae,
1019 662 1102 739 galli·
1204 673 1206 680 ’

82 761 212 806 6666666
232 745 397 805 6116616666
414 745 591 805 abstineatur
605 745 651 806 die
667 765 701 806 66
717 756 819 823 66666,
842 749 905 824 6661
926 746 1019 807 inedia
1041 747 1103 806 eius

1 895 2 910 ,
106 832 153 909 qui
170 829 284 906 doleat,
307 829 417 888 evolsis
434 829 513 888 eollo
530 829 634 908 plumis
652 830 917 909 circumligatisque
933 831 980 890 661
996 832 1102 907 6616616,

104 913 245 974 mustelae
261 915 334 972 61616
349 913 463 990 inlitus,
481 912 613 972 surculus
629 932 666 973 ex
681 915 749 974 nido
767 915 846 974 milvi
866 910 984 994 pnloino
1007 915 1102 974 suble·
1175 907 1178 915 ⁴

106 1007 182 1074 6666,
206 998 315 1056 murina
337 996 424 1076 pellis
446 1007 571 1057 cremata
593 1015 630 1056 ex
652 1007 737 1058 aceto
755 999 836 1058 inlito
852 1002 968 1075 616666,
992 999 1102 1058 limacis

105 1084 178 1140 iuter
197 1081 268 1140 duas
291 1080 401 1140 orbitas
425 1082 558 1141 inventae
578 1082 734 1141 ossiculum
754 1101 807 1162 per
828 1101 924 1142 aurum
940 1082 1103 1154 cohaerens

72 1182 169 1225 rocam
187 1165 277 1224 ebore
298 1167 449 1225 traiectum
471 1165 499 1224 16
522 1164 659 1244 pellicula
681 1169 781 1226 canina
803 1167 1004 1244 adalligatum,
1026 1164 1103 1244 quod
1188 1206 1190 1210 .

106 1248 259 1308 remedium
279 1248 410 1327 pluribus
419 1265 593 1328 semperque
604 1249 732 1350 prodest.
756 1249 864 1310 Fracto
882 1253 969 1329 capiti
985 1250 1083 1310 aranei
1095 1257 1146 1312 114
1250 1279 1251 1286 1

105 1333 162 1393 6616
180 1351 216 1392 ex
233 1332 300 1392 6166
319 1343 348 1392 66
362 1342 446 1393 aneto
463 1334 589 1412 inposita
604 1345 671 1416 non
676 1335 730 1393 6166
724 1335 864 1394 6616666
881 1343 982 1394 666666
1000 1334 1103 1394 616666-

104 1417 153 1477 dit.
189 1416 264 1476 16666
284 1425 314 1476 66
326 1417 494 1476 volnerrbus
507 1419 713 1482 tonstrinarum
729 1420 898 1494 sauguinem
913 1419 1003 1494 sistit,
1020 1433 1103 1476 cere

103 1501 157 1561 bro
172 1517 244 1560 vero
259 1501 448 1580 profluentem
461 1501 572 1560 auseris
586 1504 703 1578 sanguis
718 1511 765 1560 aut
784 1504 875 1561 anatis
888 1503 1008 1578 inlusus,
1021 1499 1104 1578 adips

70 1584 260 1644 rsearundem
281 1585 378 1644 alitum
400 1601 463 1644 oum
483 1600 618 1644 rosaceo.
650 1583 777 1644 Cocleae
800 1586 937 1645 matutino
957 1587 1129 1664 pascentis

103 1668 262 1728 harundine
281 1677 367 1746 caput
386 1667 705 1746 praecisummaxume
719 1668 784 1728 luna
800 1669 896 1747 plena,
913 1670 991 1728 lineo
1008 1685 1104 1746 panuo

104 1752 234 1828 adligaut
252 1753 354 1830 eapitis
371 1751 520 1813 doloribus
535 1751 621 1828 licio,
646 1762 693 1813 aut
713 1769 781 1812 cera
797 1752 861 1812 61166
877 1754 967 1812 166661
984 1753 1105 1811 inlinunt

104 1845 132 1895 et
147 1837 225 1915 pilos
243 1837 361 1894 caninos
377 1851 472 1914 panno
488 1835 654 1912 adalligant.

161 1919 247 1998 (37.)
272 1917 430 1980 Gerebram
445 1920 570 1979 66661616
588 1921 616 1979 16
629 1921 696 1980 61166
715 1927 856 1998 sumptum
868 1919 1025 1998 palpebras
1041 1919 1083 1995 gi·
1097 1929 1145 1981 115

68 2017 196 2081 aogucre
214 2003 331 2079 dicitur,
354 2021 496 2082 oesypum
515 2021 578 2062 oum
593 2019 688 2063 murra
702 2003 824 2063 calidum
842 2004 969 2081 specillo
984 2003 1103 2062 16116666.

104 2087 179 2147 161666
195 2097 347 2166 praestare
361 2103 522 2147 muscarum
538 2089 653 2166 limique
664 2089 765 2146 murini
778 2089 904 2148 cinerem
916 2089 1017 2165 aequis
1034 2102 1102 2165 por·
1183 2141 1185 2145 .

104 2170 232 2232 tionibus
248 2181 277 2231 ut
293 2172 436 2231 6111616666
451 2171 594 2232 dimidium
609 2171 721 2250 pondus
737 2171 837 2230 denari
852 2171 1037 2250 promittitur,
1055 2168 1103 2228 ad·

105 2255 171 2315 ditis
187 2254 297 2314 duabus
315 2257 405 2316 sextis
421 2255 520 2316 denari
537 2273 553 2314 e
571 2255 648 2331 stibi,
660 2265 690 2314 ut
704 2257 798 2314 omnia
810 2271 924 2332 oesypo
940 2255 1103 2336 inlinantur,

104 2340 174 2396 item
192 2341 291 2398 murini
309 2340 395 2399 666611
407 2341 465 2399 triti
480 2341 510 2398 io
525 2339 707 2398 6166666666
724 2340 758 2399 ad
772 2338 992 2398 erassitudinem
1007 2338 1103 2414 acopi.

66 2438 95 2478 66
107 2421 186 2500 pilos
202 2423 230 2480 in
248 2422 292 2481 his
306 2423 503 2483 incommodos
519 2423 638 2482 evolsos
652 2425 767 2482 6666661
782 2438 839 2482 666
854 2423 960 2500 patitur
975 2420 1016 2480 iel
1029 2423 1084 2480 ire·
1096 2431 1147 2484 116

103 2507 205 2582 aaoei,
223 2521 342 2565 ovorum
358 2507 488 2566 stelionis
508 2507 620 2583 liquor,
643 2505 841 2580 salamandrae
863 2505 950 2579 61616,
975 2505 1105 2564 lacertae

105 2589 204 2649 viridis
224 2589 389 2650 161166166
405 2591 472 2650 61166
489 2590 553 2650 6616
570 2599 700 2650 coactum
718 2589 755 2649 ad
771 2587 988 2648 crassitudinem
1009 2587 1105 2646 mellis

103 2675 132 2732 16
148 2689 238 2733 66666
255 2691 337 2750 6666,
354 2673 512 2734 hirundinis
527 2673 671 2752 pullorum
688 2675 760 2733 61616
779 2689 841 2732 oum
863 2673 939 2731 laete
954 2670 1104 2746 6166666611,

103 2773 204 2836 spuma
224 2756 397 2817 coclearum.

67 2854 95 2895 36
170 2837 255 2920 (38.)
278 2841 465 2902 Glaucomata
493 2841 590 2901 dicuat
608 2842 685 2918 Magi
713 2838 839 2900 66661666
864 2839 951 2899 catuli
972 2847 1085 2917 septem
1096 2847 1146 2901 117

104 2925 216 2984 dieram
233 2925 381 2985 emendari
396 2925 521 3004 specillo
536 2925 684 2986 demisso
677 2943 704 2984 rn
719 2925 849 2984 dextram
860 2932 982 3002 partem,
999 2939 1022 2982 si
1016 2922 1105 2981 dex·

103 3018 149 3068 ter
168 3008 271 3068 oculus
287 3018 419 3085 curetur,
438 3010 466 3067 in
482 3011 641 3086 sinistram,
657 3011 681 3068 61
699 3009 825 3082 sinister,
844 3016 890 3066 aut
907 3007 979 3067 lello
994 3005 1105 3065 recenti

104 3094 228 3152 arionis.
261 3102 429 3156 noctuarum
444 3094 531 3152 estid
546 3112 649 3170 genus,
670 3092 771 3171 quibus
789 3092 886 3170 pluma
898 3093 1005 3151 aurium
1017 3087 1104 3148 modo

103 3177 201 3238 micat,
238 3176 440 3238 Subiusionem
466 3178 619 3238 oculorum
645 3178 747 3236 canino
775 3176 845 3235 16116
870 3175 997 3234 malebat
1022 3191 1105 3252 quam

69 3261 238 3336 uhyaenae
257 3262 350 3320 curari
367 3261 539 3339 Apollonius
556 3262 705 3322 Pitanaeus
722 3277 784 3319 oum
801 3260 898 3336 melle,
914 3261 981 3319 item
994 3257 1104 3333 albugi-

101 3363 166 3404 nes.
201 3343 323 3403 diarium
345 3347 469 3424 capitum
490 3347 658 3424 caudaeque
681 3346 779 3404 616666
802 3363 839 3403 ex
857 3343 944 3403 melle
964 3343 1087 3401 inunctis
1098 3349 1147 3404 118

104 3428 265 3488 claritatem
287 3430 367 3488 uisus
387 3431 500 3488 restitui
523 3430 637 3506 dicunt,
665 3430 814 3507 multoque
840 3429 932 3504 magis
954 3427 1036 3502 gliris
1059 3432 1106 3484 aut

102 3513 194 3594 muris
215 3511 359 3573 6116666616
383 3514 480 3572 cinere
503 3523 550 3574 ant
574 3515 689 3592 aquilae
712 3513 835 3574 terebro
858 3512 906 3571 vel
930 3511 1011 3574 16116.
1042 3525 1105 3569 oum

877 3596 939 3656 15*
