2406 3914
141 219 202 282 292
495 232 525 280 o.
544 233 640 281 eorm
654 233 804 282 sucorum

141 397 170 447 et
183 386 285 447 ulcera
300 394 397 461 sanat,
421 387 489 447 item
507 387 625 466 pusulas
642 397 669 447 et
691 388 843 450 fluctiones
860 392 1019 467 sanguinis.
1057 409 1152 468 genas

139 472 226 532 duras
242 470 361 531 emollit.
392 471 474 530 datur
496 490 560 533 cum
575 489 632 532 ovo
656 472 700 533 his
722 474 770 550 qui
793 475 960 551 sanguinem
980 477 1150 551 reiecerint,

139 558 169 614 in
181 556 299 615 vesicae
316 570 388 614 vero
406 555 510 614 dolore
533 557 680 617 semuncia
699 556 786 631 amyli
801 575 864 618 cum
879 575 937 617 ovo
953 567 983 618 et
1004 561 1085 637 passi
1101 561 1151 619 tri·

138 639 192 699 bus
208 639 272 698 ovis
285 637 532 698 sublemelactaa
548 639 675 700 ballneo.
707 642 813 718 quiuet
827 655 976 702 avenacea
991 643 1084 704 farina
1100 643 1150 704 de·

139 732 224 783 cocta
239 724 267 782 in
281 732 367 782 aceto
383 735 494 782 naevos
509 723 594 783 tollit.
1161 749 1174 787 ⁵

96 817 148 872 138
212 805 297 886 (68.)
321 805 404 867 Panis
420 807 467 866 hic
484 807 549 886 ipse
570 823 628 886 quo
644 809 748 867 vivitur
764 809 926 868 innumeras
944 829 1041 889 paene
1059 813 1151 871 couti·-

137 901 187 952 net
200 890 367 950 medicinas.
397 909 435 950 ex
449 908 522 969 aqua
538 902 568 951 et
584 891 652 950 oleo
670 901 718 951 aut
734 909 858 954 rosaceo
877 893 973 955 mollit
996 895 1152 956 collectio·

137 994 207 1051 nas,
233 993 272 1034 ex
292 993 367 1053 aqua
382 974 474 1034 mulsa
490 975 608 1036 duritias
623 974 709 1036 valde
726 977 846 1054 mitigat.
878 977 963 1038 datur
978 980 1098 1038 euvino
1115 979 1154 1038 ad

137 1059 316 1120 discutienda
332 1067 380 1118 aut
399 1076 473 1135 quae
488 1059 663 1138 praestringi
678 1077 752 1138 opus
768 1063 805 1120 sit
826 1070 871 1138 ct,
893 1063 918 1120 si
938 1064 1033 1140 magis
1052 1065 1152 1124 etiam·

138 1162 220 1220 num,
247 1162 286 1203 ex
311 1152 413 1218 aceto,
439 1143 581 1203 adversus
610 1153 709 1204 acutas
734 1145 853 1222 pituitae
875 1144 1047 1223 ductiones,
1077 1161 1186 1226 quasso

139 1227 243 1288 Graeci
262 1227 483 1287 rheumatismos
497 1236 619 1303 vocant,
645 1229 714 1287 item
735 1229 770 1288 ad
792 1245 951 1307 percussa,
975 1230 1084 1291 luxata.
1117 1229 1155 1292 ad

139 1311 232 1371 omnia
249 1320 344 1371 autem
359 1311 562 1388 fermentatus,
580 1313 628 1390 qui
641 1319 762 1372 vocatur
777 1321 954 1390 autopyrus,
971 1315 1081 1375 utilior.
1109 1315 1153 1373 in·

138 1395 234 1454 linitur
248 1404 278 1456 et
292 1395 478 1473 paronychiis
499 1405 528 1456 et
543 1396 619 1456 callo
636 1395 740 1474 pedum
753 1397 782 1454 in
796 1406 891 1456 aceto.
917 1406 1003 1458 vetus
1021 1407 1071 1457 aut
1082 1416 1153 1458 nau-

96 1481 230 1544 139ticus
251 1482 333 1558 panis
354 1489 454 1540 tunsus
477 1488 564 1559 atque
584 1481 687 1540 iterum
710 1489 811 1540 coctus
832 1481 908 1540 sistit
922 1481 1029 1540 alvom.
1067 1483 1153 1541 vocis

138 1563 275 1624 studiosis
291 1573 320 1623 et
337 1573 436 1624 contra
454 1563 664 1625 destillationes
680 1565 787 1624 siccum
808 1581 876 1622 esse
892 1566 986 1642 primo
1011 1565 1078 1625 cibo
1095 1567 1151 1626 uti·
1163 1579 1186 1620 ss

139 1648 277 1708 lissimum
301 1658 354 1708 est.
388 1649 524 1724 sitacius,
543 1648 600 1708 lroc
620 1657 665 1708 est
689 1666 705 1707 e
721 1649 874 1724 trimestri,
894 1649 1013 1710 incussa
1028 1651 1057 1709 iu
1073 1650 1151 1710 isaie

138 1740 186 1792 aut
202 1732 389 1810 desquamata
411 1749 474 1792 cum
492 1733 580 1793 melle
602 1734 749 1811 aptissime
767 1741 856 1792 curat.
894 1734 1035 1794 candidus
1050 1736 1152 1811 aegris

139 1834 214 1895 aqua
229 1816 323 1876 calida
338 1815 481 1893 frigidave
496 1816 675 1878 madefactus
696 1816 873 1877 levissimum
893 1816 989 1878 cibum
1013 1818 1151 1896 praebet.

138 1900 288 1960 oculorum
303 1901 406 1959 tumori
423 1918 460 1959 cx
477 1901 544 1960 vino
558 1901 718 1979 inponitur,
742 1903 785 1960 sic
804 1910 833 1960 et
855 1901 966 1979 pusulis
982 1903 1089 1980 capitis
1102 1909 1153 1960 aut

138 1983 251 2044 adiecta
272 1983 352 2043 arida
373 1993 477 2058 myrto.
524 1985 653 2045 tremulis
673 2002 777 2064 panem
799 2002 837 2044 ex
858 2001 932 2063 aqua
953 2003 1024 2044 esse
1045 1985 1185 2044 ieiunisao

137 2067 232 2126 statim
250 2085 266 2126 a
282 2064 404 2127 balineis
419 2066 625 2128 demonstrant.
665 2069 731 2146 quin
751 2076 781 2126 et
795 2069 967 2145 gravitatem
983 2068 1107 2129 odorum
1124 2069 1154 2126 in

138 2150 278 2211 cubiculis
295 2159 375 2211 ustus
392 2151 524 2211 emendat
540 2153 640 2210 etvini
656 2153 683 2210 in
699 2166 804 2210 saccos
820 2151 943 2212 additus.

98 2245 148 2298 140
212 2234 297 2314 (69.)
319 2233 356 2294 Et
376 2234 441 2294 laba
459 2236 621 2294 auxiliatur.
653 2252 775 2312 namque
796 2235 891 2295 solida
906 2235 991 2296 iricta
1013 2234 1152 2294 ferveas·

138 2319 235 2397 quein
250 2336 318 2378 acre
329 2327 443 2379 acetum
455 2320 587 2380 coniecta
598 2317 767 2378 torminibus
777 2319 925 2378 medetur:
946 2320 976 2378 in
986 2318 1054 2379 cibo
1070 2319 1154 2378 iresa

138 2412 245 2462 etcum
269 2403 326 2464 alio
344 2412 427 2462 cocta
449 2411 549 2463 contra
565 2403 732 2482 deploratas
752 2403 840 2464 tussis
862 2404 1185 2482 sqppuratiouesqueaa

138 2496 290 2566 pectorum
315 2488 460 2547 cotidiano
487 2486 553 2546 cibo
574 2489 711 2562 sumitur,
738 2495 768 2546 ct
795 2486 1022 2568 conmanducata
1050 2488 1153 2546 ieiuno

137 2589 189 2633 ore
204 2574 289 2632 etiam
306 2572 341 2631 ad
357 2571 525 2631 furunculos
540 2571 723 2631 maturandos
738 2569 975 2631 discutiendosve
990 2571 1152 2649 inponitur,

97 2665 146 2720 141
161 2664 190 2716 et
204 2659 233 2716 in
244 2659 312 2716 vino
325 2656 450 2716 decocta
465 2655 500 2716 ad
515 2655 630 2715 testium
643 2664 781 2731 tumores,
798 2653 833 2714 ad
844 2654 992 2731 genitalia.
1020 2654 1152 2715 lomento

138 2757 255 2819 quoque
272 2758 310 2800 ex
325 2750 409 2800 aceto
426 2739 551 2799 decocto
567 2747 696 2798 tumores
710 2746 831 2798 maturat
846 2747 934 2816 atque
949 2739 1062 2816 aperit,
1081 2739 1152 2798 item

137 2823 294 2903 livoribus,
316 2824 473 2885 combustis
487 2823 627 2883 medetur.
656 2823 724 2882 voci
742 2840 804 2882 eam
824 2822 967 2901 prodesse
983 2831 1089 2882 auctor
1105 2830 1184 2882 esta

137 2905 175 2965 ll.
189 2907 293 2967 Varro.
322 2907 471 2968 Fabalium
487 2907 572 2967 etiam
586 2904 811 2985 siliquarumque
827 2908 900 2966 cinis
916 2906 952 2966 ad
968 2906 1151 2966 coxendices

138 3000 168 3051 et
189 2991 224 3050 ad
245 3007 397 3051 nervorum
421 3002 538 3051 veteres
561 2991 680 3051 dolores
701 3007 764 3050 cum
787 2990 880 3069 adipis
900 2990 979 3050 suilli
1001 2999 1151 3051 vetustate

137 3075 268 3153 prodest.
302 3083 331 3134 et
348 3093 402 3152 per
417 3094 449 3135 se
467 3077 593 3136 cortices
609 3075 726 3135 decocti
744 3075 779 3134 ad
795 3075 896 3134 tertias
920 3075 1025 3135 sistunt
1040 3074 1149 3136 alvom.

96 3167 147 3222 ula
212 3159 297 3239 (70.)
319 3157 393 3218 bens
417 3169 532 3238 optuma
555 3177 629 3237 quae
649 3159 785 3218 laclllime
809 3160 942 3237 coquitur
965 3167 994 3218 et
1016 3177 1053 3219 ea
1075 3174 1150 3236 quae

137 3261 269 3304 maxume
292 3260 393 3321 aquam
415 3242 563 3303 absorbet.
602 3244 693 3302 aciem
710 3243 825 3319 quidem
846 3241 999 3302 oculorum
1015 3242 1180 3304 obtunditas

138 3337 167 3388 et
182 3326 358 3388 stomachum
380 3326 474 3400 indat,
498 3324 551 3384 sed
571 3325 666 3385 alvom
686 3327 760 3386 sistit
776 3328 804 3385 in
822 3325 889 3386 cibo
908 3327 1064 3406 magisque
1083 3342 1148 3385 cae·

138 3411 205 3471 lesti
224 3429 299 3490 aqua
321 3411 468 3484 discocta,
493 3408 595 3468 eadem
618 3409 704 3468 solvit
725 3410 816 3469 minus
836 3419 990 3489 percocta.
1028 3408 1149 3488 pusulas

136 3495 267 3555 ulcerum
287 3495 407 3572 rumpit,
430 3509 556 3570 eaquae
577 3495 650 3552 intra
672 3510 706 3552 os
722 3501 787 3551 sunt
810 3503 915 3572 purgat
935 3502 965 3552 et
985 3492 1147 3568 adstringit.
