2458 3906
279 223 359 273 usn.
376 223 466 274 0000.
483 225 541 272 xx.
556 223 660 277 0-11.
679 195 833 293 (affl.)
1001 213 1062 278 205

13 349 14 374 ³
57 386 170 438 restres
200 379 413 440 interaneorum
439 379 541 458 plagas
574 388 602 440 et
631 381 701 442 vitia
730 399 793 444 cum
826 381 932 462 silphio
966 300 1063 460 philulis

58 462 206 524 devoratis
231 464 342 526 sedant.
376 463 477 525 horum
509 481 610 526 semen
635 474 735 526 contra
756 465 910 544 phalangia
932 465 1039 526 bibitur
1055 475 1106 530 106

58 547 183 607 irrino.
227 549 285 628 ipsi
306 567 345 609 ex
364 556 449 609 aceto
471 547 626 608 inlinuntur
647 558 748 610 contra
777 551 956 630 serpentium
978 552 1062 610 ictus.

58 649 155 692 maren
170 633 283 712 antiqui
298 632 453 693 bibendum
469 631 677 694 insanientibus
694 632 808 694 dabant.
837 633 893 694 1100
911 633 1064 694 bulborum

38 717 136 778 smum
161 733 280 777 crumm
307 715 435 778 maculas
464 719 680 796 varietatesque
709 717 777 794 igne
803 718 896 779 iactas
921 719 1062 780 emendat.

59 799 177 862 lliocles
198 801 333 865 hebetari
345 800 449 862 oculos
460 800 495 861 ab
512 802 546 862 iis
558 809 649 880 putat.
681 801 777 862 elixos
791 803 866 862 assis
878 803 968 862 minus
987 803 1064 863 utilis

60 903 121 945 asse
139 885 234 946 adicit
249 895 278 946 et
293 884 413 946 diiiicile
432 887 576 966 concoqui
592 904 631 946 ex
645 887 673 945 vi
688 886 913 965 uniuscuiusque
935 896 1064 948 naturae.

96 969 185 1048 (41.)
212 969 365 1031 bulbinem
389 967 494 1032 Graeci
514 979 620 1031 vocant
640 969 759 1032 herbam
781 972 931 1050 porraceis
954 970 1105 1048 10100101

59 1052 217 1114 mbicundo
239 1053 341 1115 bulbo.
375 1053 449 1114 haec
471 1054 593 1115 traditur
610 1054 780 1115 volneribus
798 1055 869 1116 mire
893 1055 970 1116 utilis
987 1056 1064 1116 dum·

31 1153 51 1192 0
59 1147 129 1198 taxat
144 1137 329 1200 recentibus.
353 1137 468 1214 bulbus,
483 1157 570 1218 quem
586 1139 766 1199 vomitorium
778 1148 885 1200 uocant
896 1138 932 1200 ab
945 1139 1064 1217 effectu,

59 1221 122 1283 lolia
138 1221 235 1284 babet
250 1224 343 1300 nigra,
360 1223 467 1283 ceteris
482 1223 626 1300 longiora.

97 1306 143 1366 10.
161 1305 252 1388 (42.)
275 1306 450 1368 Utilissimus
468 1306 619 1368 stomacho
634 1305 714 1368 cibus
734 1309 870 1387 asparagi
887 1307 1043 1370 traduntur.
1057 1315 1108 1369 100

61 1391 167 1452 commo
186 1391 306 1470 quidem
320 1390 418 1452 addito
434 1390 598 1452 inflationes
612 1391 755 1453 stomachi
770 1391 888 1471 colique
901 1392 1064 1465 discutiunt,

62 1475 139 1537 iidem
162 1474 261 1538 oculis
283 1476 443 1538 claritatem
464 1476 615 1554 adierunt,
645 1485 776 1538 ventrem
797 1476 902 1537 leniter
923 1475 1065 1551 molliunt,

35 1562 189 1638 “pectoris
213 1569 244 1621 01
263 1561 365 1640 spinae
387 1559 537 1622 doloribus
559 1560 815 1640 intestinorumque
834 1561 911 1622 vitiis
933 1568 1064 1640 prosunt,

62 1645 121 1705 rino
136 1662 205 1706 cunr
228 1653 369 1706 cocuntur
385 1644 492 1706 addito.
528 1645 563 1706 ad
585 1644 747 1706 lumborum
770 1655 799 1706 01
820 1646 930 1706 renium
945 1643 1065 1704 dolores

61 1747 154 1790 senen
170 1729 330 1790 obolorum
342 1730 425 1790 trium
438 1730 580 1808 pondere,
597 1730 659 1809 pari
673 1730 777 1790 cumini
789 1728 905 1790 bibitur.
928 1745 1067 1788 venerem

13 1849 14 1870 2
63 1813 214 1889 stimulant,
229 1815 338 1876 urinam
347 1815 424 1875 cient
437 1814 602 1890 utilissime,
621 1823 825 1894 praeterquam
842 1814 943 1874 vesica
963 1811 1045 1873 exul·
1058 1820 1108 1875 109

64 1906 164 1976 cerata,
185 1898 426 1978 radicequoquc.
455 1898 651 1976 plurumorum
668 1898 887 1977 praedicatione
907 1898 1018 1958 tritaet
1038 1897 1066 1954 in

37 1981 215 2044 0010001100
238 1991 308 2061 pota
336 1982 466 2042 calculos
482 2001 599 2061 quoque
622 1982 772 2059 exturbat,
794 1981 956 2042 lumborum
976 1990 1005 2041 01
1019 1999 1065 2040 re·

64 2067 130 2126 01000
151 2065 277 2127 dolores
297 2066 390 2128 sedat.
421 2066 534 2144 quidam
557 2075 586 2127 et
607 2066 643 2128 ad
664 2066 768 2127 001000
790 2066 923 2127 dolorem
939 2064 1066 2126 radicem

14 2173 15 2176 ¹
66 2167 119 2210 cunr
129 2153 200 2212 vino
213 2149 292 2211 dulci
307 2152 472 2230 propinant.
495 2150 642 2213 eudemio
658 2159 742 2210 aceto
759 2150 883 2211 decocta
895 2159 995 2212 contra
1007 2147 1066 2210 ele·

14 2249 15 2268 ³
66 2233 230 2311 phantiasim
248 2235 373 2314 proiicit.
406 2251 551 2313 asparago
567 2234 634 2294 trito
654 2251 691 2294 ex
708 2233 777 2294 oleo
793 2243 964 2314 perunctum
977 2234 1065 2312 pungi

66 2317 96 2378 ab
109 2319 213 2398 apibus
232 2327 351 2397 negant.

38 2415 60 2455 2⁵
118 2403 206 2484 (43.)
228 2403 401 2463 Silvestrem
419 2419 591 2482 asparagum
606 2401 695 2481 aliqui
711 2402 879 2479 corrudam,
896 2400 985 2479 aliqui
1001 2399 1042 2458 bi·
1059 2410 1108 2462 110

66 2485 163 2562 bpcum
179 2497 306 2565 vocant,
331 2487 419 2546 Attici
440 2488 588 2548 orminum.
619 2485 702 2547 buius
723 2486 759 2546 ad
775 2502 863 2565 supra
879 2485 955 2544 dicta
970 2484 1064 2543 omnia

67 2571 213 2634 efficacior
230 2573 287 2648 010,
303 2581 332 2631 01
348 2571 505 2632 carrdidiori
520 2571 620 2631 maior.
652 2570 781 2631 morbum
793 2571 905 2647 regium
918 2575 1064 2627 extenuat.

67 2659 176 2718 veneris
191 2674 281 2718 causa
297 2673 398 2734 aquam
412 2672 510 2716 eorum
523 2655 674 2715 decoctam
687 2652 746 2715 bibi
758 2652 857 2714 iubent
869 2653 904 2714 ad
915 2650 1065 2712 heminam.

68 2740 133 2802 idern
152 2751 183 2803 et
200 2757 305 2802 semen
323 2739 401 2800 valet
423 2756 486 2800 cum
507 2749 593 2800 aneto
616 2739 706 2799 ternis
725 2739 875 2817 utriusque
892 2735 998 2797 obolis.
1019 2735 1067 2796 da·

45 2834 156 2888 00001
177 2827 215 2888 ad
236 2825 416 2904 serpentium
435 2826 510 2885 ictus
526 2843 613 2884 sucus
632 2824 783 2883 decoctus.
820 2822 902 2882 radix
929 2822 1068 2881 miscetur

69 2909 149 2971 radici
161 2909 300 2972 marathri
313 2911 389 2970 inter
401 2909 602 2972 efficacissima
621 2908 737 2968 auxilia.
757 2908 782 2966 si
796 2908 913 2984 sanguis
929 2924 983 2985 per
994 2906 1049 2965 uri·
1060 2917 1108 2968 111

69 3011 123 3054 nam
134 2995 288 3071 reddatur,
307 3011 407 3054 semen
419 3003 448 3056 et
460 2993 595 3072 asparagi
609 3002 638 3054 01
652 2993 700 3071 api
710 3000 740 3052 et
755 2992 859 3051 cumini
869 2991 959 3053 ternis
972 2990 1067 3051 obolis

71 3079 94 3138 in
110 3081 167 3140 vini
188 3079 305 3156 cyathis
324 3077 435 3139 duobus
457 3079 549 3157 quinis
571 3077 673 3138 diebus
691 3073 872 3155 Chrysippus
898 3075 959 3136 dari
977 3074 1065 3135 iubet.

70 3163 150 3226 sicet
172 3163 345 3243 hydropicis
360 3163 532 3224 contrarium
553 3180 637 3238 esse,
661 3161 789 3240 quamvis
811 3161 920 3220 urinam
942 3165 1066 3232 moveat,

44 3245 160 3325 1110001,
177 3251 248 3309 item
264 3247 378 3324 veneri,
393 3249 511 3308 vesicae
525 3263 641 3326 quoque
657 3245 711 3307 nisi
725 3245 888 3318 decoctum,
905 3261 979 3322 quae
994 3259 1067 3320 aqua

72 3332 93 3391 si
106 3333 224 3394 canibus
240 3333 338 3408 detur,
359 3332 452 3392 occidi
469 3349 532 3407 000,
550 3333 578 3391 10
593 3331 661 3390 0100
677 3329 819 3391 decoctae
834 3327 939 3388 radicis
956 3344 1065 3402 sucum,

73 3417 92 3475 si
107 3434 156 3478 ore
172 3419 367 3495 contincatur,
385 3416 516 3477 dentibus
533 3414 653 3475 mederi.
766 3451 769 3456 -

128 3503 174 3564 11.
193 3503 277 3584 (44.)
303 3501 382 3581 Apio
397 3501 490 3579 gratia
505 3501 532 3561 in
546 3498 636 3576 volgo
654 3507 707 3558 est.
741 3514 862 3575 namque
878 3496 947 3556 rami
963 3495 1046 3556 lactis
1062 3503 1110 3556 110
