2396 3922
229 224 308 272 unu.
325 221 415 272 uisu.
432 225 542 274 xxvii.
559 225 602 277 ro.
618 225 660 278 ιι.
677 201 824 294 (os-'top
963 215 1021 276 145

35 376 131 456 capite
148 375 295 437 inhaereat
311 378 401 438 simile
418 397 486 440 ovo.
522 381 550 438 in
569 379 627 439 hoc
649 389 800 440 crescente
824 389 935 442 aestate
957 399 1021 440 ver·

33 461 158 520 miculos
180 463 263 522 nasci
290 461 376 522 tradit
401 481 474 541 quos
500 464 606 543 pyxide
629 463 759 523 conditos
782 457 932 543 adalligari
958 483 1021 525 cum

34 561 111 624 pane
126 544 265 604 bracchio
287 545 323 605 ab
346 563 382 606 11
405 557 487 624 parte
509 565 564 625 qua
581 547 653 606 dens
669 545 766 606 doleat
771 550 931 627 ,mireque
953 549 1020 608 ilico

33 628 168 688 dolorem
184 629 257 688 tolli.
285 629 385 690 valere
404 648 461 691 non
483 631 585 692 diutius
608 647 682 690 anno
702 633 783 690 etita
805 634 946 693 siterram
963 649 1021 692 non

8 713 195 788 saltigeriut.

97 795 183 874 (63.)
206 785 344 855 Holous
335 814 363 854 ιιι
383 798 462 856 saxis
480 799 606 858 nascitur
627 799 724 856 siccis.
760 799 862 857 aristas
883 798 971 859 habet
990 801 1063 863 1190

33 879 195 954 momine,
213 881 290 938 tenni
307 880 400 939 culmo
403 881 513 958 ,quale
529 879 668 941 hordeum
682 880 823 940 restibile.
855 881 1021 943 haecoirca

33 973 122 1042 caput
140 963 267 1039 adligata
288 963 337 1023 vel
358 965 433 1024 circa
453 964 592 1026 lacertum
607 965 703 1026 educit
723 983 740 1024 e
758 982 885 1044 corpore
907 968 1020 1026 aristas.

32 1047 150 1125 qnidam
166 1046 204 1106 ob
220 1047 379 1108 idaristida
390 1057 505 1108 vocant.

0 1159 4 1174 ι
100 1132 185 1210 (64.)
208 1129 348 1205 Hyoseris
364 1130 462 1191 intubo
478 1133 593 1207 similis,
616 1132 668 1192 sed
688 1133 827 1192 minoret
847 1140 922 1193 tactu
938 1149 1021 1211 aspe-

31 1215 103 1290 rior,
119 1213 287 1274 volneribus
302 1224 440 1276 contunsa
456 1217 608 1295 praeclare
623 1217 760 1276 medetur.

97 1297 182 1378 (65)
203 1297 366 1359 llolosteon
383 1301 445 1359 sine
463 1300 564 1360 duritia
581 1309 640 1376 est,
666 1299 757 1360 herba
779 1318 815 1358 ex
831 1300 954 1360 adverso
968 1316 1017 1376 ap·
1029 1309 1061 1363 91

29 1382 172 1464 pellata
157 1401 173 1442 a
190 1382 327 1458 Graecis,
354 1385 429 1443 sicut
451 1384 493 1444 lel
509 1383 609 1460 dulce,
633 1385 726 1443 tenuis
741 1401 833 1461 usque
854 1384 881 1442 in
903 1383 1020 1461 capilla-

30 1467 126 1526 menti
140 1467 280 1544 speciem,
296 1465 473 1545 longitudine
488 1476 622 1544 quattuor
638 1466 806 1546 digitorum,
827 1485 879 1527 oen
893 1484 1021 1544 gramen,

0 1565 22 1608 o
32 1549 114 1610 loliis
130 1549 274 1626 angustis,
288 1549 470 1628 adstringens
484 1559 578 1626 gustu.
607 1553 733 1610 nascitur
745 1551 775 1610 in
793 1550 917 1610 collibus
932 1559 1021 1609 terre·

29 1635 87 1694 nis.
115 1651 185 1692 usus
200 1634 263 1692 eius
279 1633 314 1692 ad
331 1635 430 1711 volsa,
450 1643 532 1712 rupta
551 1635 580 1693 in
598 1635 666 1694 vino
688 1643 784 1712 potae.
814 1633 944 1694 volnera
950 1649 1020 1712 quo·

29 1732 89 1796 que
105 1717 293 1792 conglutinat.
306 1732 310 1740 ’
324 1735 389 1778 uam
405 1727 434 1778 et
449 1736 551 1777 carnes
568 1726 709 1796 coguntur
724 1717 827 1780 addita.

96 1800 184 1879 (66.)
204 1800 446 1879 hippophaeston
466 1803 592 1862 nascitur
610 1804 640 1862 in
660 1802 751 1880 spinis
771 1819 809 1860 ex
828 1800 929 1880 quibus
949 1801 1063 1866 1101191

29 1901 127 1944 aenae
141 1884 294 1960 fulloniae,
316 1886 378 1945 sine
394 1885 552 1962 cauliculo,
574 1887 636 1946 sine
662 1886 750 1960 llore,
767 1885 899 1963 capitulis
915 1893 1021 1944 tantum

4 1967 173 2028 Δ1111101111·
188 1977 218 2027 et
237 1967 315 2027 foliis
330 1971 427 2047 parvis
443 1968 553 2046 multis,
575 1969 712 2046 herbacei
733 1968 857 2042 coloris,
879 1967 1021 2028 radiculas

28 2051 146 2112 habens
156 2051 246 2128 albas,
262 2052 366 2112 mollis.
396 2071 483 2112 sucus
499 2071 595 2112 earnm
610 2053 777 2132 exprimitur
788 2061 897 2112 aestate
912 2051 948 2112 ad
963 2051 1022 2112 sol·

28 2134 157 2195 vendam
172 2097 268 2195 alvohr
283 2135 373 2196 trihus
392 2136 504 2212 obolis,
520 2155 651 2196 maxume
665 2138 693 2195 in
708 2135 898 2196 comitialibus
913 2135 1021 2196 morbis

29 2228 62 2279 et
73 2219 207 2279 tremulus
208 2218 404 2299 ,hydropicis
422 2230 522 2280 contra
533 2221 701 2298 vertigines,
718 2219 925 2299 orthopnoeas,
939 2237 1020 2298 para·

28 2298 131 2378 11111Ι
123 2303 296 2380 incipientis.

1 2403 19 2444 1
97 2388 149 2448 11.
173 2387 257 2466 (67.)
279 2385 466 2465 hypoglossa
481 2387 549 2447 10111
564 2386 652 2446 habet
666 2387 756 2464 ligura
771 2333 912 2446 silvestris
923 2389 1017 2463 myrti,
1030 2398 1064 2452 93

27 2487 181 2548 concava,
202 2473 320 2549 spinosa
342 2481 370 2530 et
393 2473 420 2529 iu
445 2470 490 2530 his
506 2488 560 2530 ceu
576 2470 688 2546 linguas
702 2471 774 2530 lolio
790 2486 880 2548 parvo
899 2480 1021 2529 exeunte

26 2553 67 2614 de
82 2553 174 2613 loliis.
199 2553 302 2631 capitis
320 2553 440 2613 dolores
451 2571 560 2614 corona
575 2572 612 2612 ex
625 2554 671 2613 his
685 2554 808 2632 inposita
823 2554 929 2612 minuit.

93 2635 181 2716 (68.)
200 2636 362 2716 Hypccoon
382 2638 412 2696 in
430 2637 581 2714 segetibus
601 2638 727 2696 nascitur
748 2637 826 2696 loliis
848 2643 938 2695 rutae.
973 2653 1020 2695 na·

26 2728 95 2781 tura
113 2721 176 2780 eins
193 2721 292 2780 eadem
308 2739 381 2800 qnae
394 2723 550 2799 papaveris
564 2739 644 2780 suco.

2 2828 18 2869 o
98 2803 185 2884 (69.)
207 2803 311 2865 111111
331 2804 440 2864 herbae
462 2804 532 2866 folia
551 2813 615 2864 sunt
641 2822 715 2882 quae
737 2805 946 2878 oxymyrsinen
973 2801 1021 2860 ad·

25 2887 157 2948 haerent
172 2889 207 2946 iis
219 2888 299 2948 velut
312 2891 450 2967 pampini,
465 2888 607 2968 inquibus
622 2887 686 2946 flos.
708 2889 771 2966 ipsa
786 2887 881 2946 alvom
894 2904 1020 2946 menses·

25 2989 89 3050 que
106 2979 136 3030 et
151 2989 263 3032 omnem
281 2971 480 3032 abundantiam
500 2972 648 3048 sanguinis
664 2972 746 3030 sistit.
777 2971 920 3050 spissandi
942 2969 1020 3032 cohi·

25 3055 180 3134 bendiqne
195 3065 322 3115 namnam
336 3055 432 3114 habet.

95 3139 183 3216 (70.)
204 3139 349 3218 lsoppron
363 3139 449 3216 aliqui
463 3138 614 3218 phasiolon
629 3147 750 3212 vocant,
767 3141 898 3216 quoniam
918 3138 1017 3198 lolium
1028 3147 1063 3202 94

4 3222 113 3302 sqnod
128 3231 177 3282 est
191 3240 281 3282 aneso
297 3223 414 3282 simile'
405 3241 434 3282 m
451 3222 574 3321 phasioli
590 3223 741 3300 pampinos
757 3229 913 3320 torpuetnr.
944 3222 1018 3297 capi·

24 3305 91 3367 tnla
117 3307 213 3365 sunt
204 3324 232 3364 ιιι
253 3322 361 3366 summo
384 3306 466 3366 caule
487 3307 598 3381 tenuia,
631 3305 717 3384 plena
740 3307 858 3364 seminis
875 3303 1020 3364 melanthi.

26 3397 138 3450 contra
159 3389 259 3448 tussim
279 3397 309 3448 et
325 3399 424 3450 cetera
447 3392 579 3468 pectoris
601 3391 669 3450 vitia
692 3407 755 3449 cnm
777 3388 863 3448 melle
885 3396 932 3488 aut
948 3403 1021 3466 aqua

24 3472 161 3549 mulsa,
153 3474 243 3531 rtem
235 3474 355 3534 iocineri
370 3475 527 3533 utilissima.

77 3575 155 3618 euru.
173 3575 235 3618 unr.
254 3577 323 3618 uror.
340 3561 390 3618 tv.
825 3553 863 3616 10
