2396 3900
283 217 363 264 usn.
380 218 471 266 ursr.
487 219 571 266 xvu.
588 215 707 270 at-at.
726 207 801 286 (35.)
1006 203 1043 267 81

110 368 156 429 23
179 369 238 449 [bt]
263 371 401 451 Sequitur
413 373 521 434 arbusti
536 376 609 436 ratio
621 376 721 436 mirum
733 376 761 434 in
773 374 887 434 modum
900 373 1090 439 damnata199

57 453 199 514 uSuserns
211 465 297 533 patre
313 455 443 535 filioque,
458 457 606 520 celebrata
619 459 752 536 Scrofae,
765 459 967 519 vetustissimis
981 465 1048 535 post

11 535 182 596 cutonem
199 540 462 621 peritissimisque',
486 561 520 604 ac
536 561 573 604 nc
589 561 605 603 a
622 543 726 604 Scrofa
745 542 904 622 quidem
875 561 930 601 nrsr
923 540 1047 601 ltaliae

11 597 14 720 l
57 637 197 697 concessa,
216 641 282 684 oum
297 633 354 684 tam
367 625 455 703 longo
470 627 613 688 iudicetur
627 645 702 688 aevo
717 627 826 687 nobilia
841 627 906 687 vina
921 643 978 684 non
994 627 1048 685 nisi

11 705 79 768 tin
97 705 218 766 arbustis
241 709 323 785 gigni
346 719 375 768 et
394 712 423 770 in
442 711 487 771 lris
514 729 630 791 quoque
653 711 811 771 laudatiora
835 711 951 770 summis
974 710 1049 768 sicut

11 779 13 846 l
56 788 203 850 uberiora
194 793 271 851 rmis
304 793 378 856 adeo
401 795 574 857 excelsitate
591 795 750 875 proficitur.
780 793 842 856 llac
864 795 976 854 ratione
998 801 1027 852 et
1038 802 1091 856 200

56 873 164 934 arbores
188 875 347 953 eliguntur.
385 880 621 958 primoomnium
644 881 754 980 ulmus,
781 888 906 958 excepta
927 885 1050 958 propter

54 960 153 1019 nimiam
168 959 306 1020 frondem
322 964 417 1022 atinia
446 962 513 1024 dein
529 965 654 1044 populus
669 966 762 1044 nigra,
779 963 881 1024 eadem
897 962 933 1023 de
949 977 1047 1039 causa,

55 1042 132 1101 ninus
150 1043 245 1106 densa
263 1044 347 1105 folio.
378 1063 435 1106 non
451 1059 590 1146 spernunt
604 1048 737 1128 plerique
753 1056 781 1108 et
796 1047 937 1107 fraxinum
951 1047 1048 1106 licum·

11 1143 110 1226 aque,
123 1128 211 1188 etiam
226 1129 372 1206 oleam,
347 1150 372 1191 sr
386 1148 443 1191 rron
461 1133 497 1192 sit
511 1133 646 1193 umbrosa
663 1134 759 1193 ramis.
784 1131 882 1192 hurum
900 1141 978 1192 satus

11 1189 14 1306 ᾖ
55 1211 196 1291 cultusque
219 1211 335 1274 abunde
359 1223 496 1278 tractatus
520 1227 574 1277 est.
616 1227 682 1278 ante
706 1230 826 1277 xxxvi.
850 1233 978 1276 mensem
991 1222 1030 1281 nr
1020 1195 1090 1280 ”s'dd

11 1309 13 1356 t
54 1296 139 1374 attingi
154 1295 237 1358 falce
250 1307 395 1359 vetantur.
414 1301 525 1362 alterna
539 1311 690 1362 servantur
703 1299 850 1376 bracchia,
859 1300 977 1360 alternis
991 1265 1090 1322 '’⁶⁸²⁸“q'

11 1359 14 1414 ¹
55 1389 176 1456 putantur
197 1383 299 1457 annis,
321 1393 406 1444 sexto
424 1402 498 1445 anno
515 1387 690 1446 maritantur.
719 1383 924 1463 Transpadana
945 1382 1090 1443 ltalia201

53 1472 158 1542 praeter
173 1484 267 1544 supra
280 1428 372 1528 dictas
389 1487 489 1545 comu,
503 1470 603 1548 opulo,
617 1470 688 1546 tilia,
705 1487 802 1544 acere,
819 1485 902 1543 omo,
919 1469 1047 1545 carpino,

28 1565 152 1625 squcrcu
167 1550 303 1610 arbustat
320 1569 418 1634 agros,
435 1552 560 1613 Venetia
579 1554 669 1614 salice
686 1562 807 1632 propter
822 1551 959 1630 uliginem
981 1549 1047 1609 soli.

53 1639 77 1690 rt
85 1633 175 1693 umus
188 1635 363 1696 detruncata
375 1636 489 1698 media
481 1657 509 1697 ιιι
520 1654 664 1698 ramorum
676 1655 791 1697 scamna
807 1637 957 1713 digeritur,
971 1633 1049 1693 nulla

52 1716 106 1776 lere
126 1731 176 1778 xx
199 1719 311 1797 pedum
332 1721 437 1781 altiore
458 1722 575 1782 arbore.
617 1721 744 1782 tabulata
766 1739 863 1780 earnm
884 1717 920 1779 ab
942 1727 1048 1778 octavo

52 1801 119 1878 pede
133 1803 296 1863 altitudinis
316 1804 492 1865 dilatantur'
484 1823 512 1865 ιιι
528 1805 652 1866 collibus
674 1807 819 1884 siccisque
838 1805 934 1882 agris,
955 1815 1048 1863 axtr.

52 1885 306 1964 incompestribus
323 1897 353 1948 et
370 1889 482 1960 umidis.
508 1888 696 1950 bleridianum
713 1889 806 1948 solam
819 1895 955 1967 spectare
969 1885 1091 1965 pal-202

51 1986 106 2029 nae
120 1970 248 2046 debent,
266 1973 337 2032 romi
353 1991 369 2033 a
386 1975 519 2051 proiectu
537 1973 690 2050 digitorum
706 1973 792 2033 modo
810 1971 936 2048 subrigi,
952 1969 1050 2032 tonsili

51 2053 129 2114 iubis
144 2057 275 2115 tenuium
289 2074 407 2135 qnoque
422 2057 614 2136 virgultorum
625 2056 726 2132 barba,
743 2075 779 2115 ne
793 2055 972 2116 obumbrent.
1004 2054 1048 2114 ln·

52 2139 197 2200 tertullum
213 2141 320 2199 iustum
336 2140 480 2216 arborum,
496 2143 521 2200 si
534 2150 632 2200 aretur
647 2140 749 2216 solum,
763 2141 941 2218 quadrageni
956 2139 1049 2217 pedes

51 2221 75 2280 in
87 2230 171 2301 terga
188 2224 394 2304 frontemque,
410 2227 439 2285 in
454 2225 546 2286 latera
561 2225 666 2284 viceni.
697 2225 721 2284 si
738 2241 795 2283 non
817 2233 929 2300 aretur,
950 2223 1007 2282 boc
1022 2224 1050 2283 in

53 2309 136 2366 omnis
150 2310 254 2386 partis.
297 2308 420 2386 singulis
435 2310 525 2370 denas
540 2327 632 2388 saepe
649 2307 810 2368 adnutriunt
825 2309 900 2383 vitis,
917 2307 1048 2366 damnato

52 2391 175 2468 agricola
190 2393 284 2452 minus
301 2393 403 2452 ternis.
437 2391 574 2454 blaritare
591 2393 646 2452 nisi
662 2391 773 2453 validas
788 2393 942 2465 inimicum,
961 2407 1028 2448 ene·
1040 2400 1093 2454 203

52 2483 130 2534 cante
153 2475 255 2535 veloci
282 2477 381 2537 vitium
403 2478 595 2540 incremento.
628 2495 730 2539 serere
751 2475 921 2554 tripedaneo
944 2471 1050 2533 scrobe

50 2561 245 2618 necessarium
257 2559 389 2620 distantis
402 2562 477 2621 inter
493 2579 561 2620 sese
574 2561 765 2639 arboremque
780 2558 901 2637 singulis
917 2556 1050 2636 pedibus.

50 2640 115 2701 nibil
128 2642 167 2702 ibi
181 2643 331 2704 malleolis
348 2653 436 2723 atque
452 2645 647 2724 pastinationi,
666 2644 742 2704 nulla
760 2641 888 2704 iodiendi
904 2641 1050 2720 inpendia,

52 2733 147 2804 utpote
164 2744 230 2787 cum
244 2726 355 2788 arbusti
370 2731 445 2789 ratio
461 2729 516 2790 lrac
529 2728 670 2806 peculiari
687 2728 754 2787 dote
763 2735 905 2806 praestet,
921 2724 998 2806 quod
1015 2725 1050 2786 ab

54 2809 152 2870 codem
174 2811 243 2871 solo
261 2814 322 2872 seri
343 2813 446 2890 fruges
468 2820 498 2873 et
520 2811 628 2872 vitibus
650 2811 787 2892 prodest,
811 2829 957 2890 superque
975 2809 1051 2889 quod

52 2893 197 2954 vindicans
213 2913 249 2956 se
264 2895 406 2972 altitudo,
422 2913 496 2974 non,
513 2906 544 2958 ut
560 2897 588 2954 in
605 2899 705 2972 vinca,
729 2893 765 2954 ad
790 2894 931 2956 arcendas
947 2897 1051 2956 anima·

53 2975 116 3037 lium
132 2979 250 3040 iniurias
265 2981 383 3059 pariete
397 2981 446 3040 vel
461 2999 553 3059 saepe
567 2981 615 3040 vel
630 2981 774 3041 fossarum
794 2981 892 3058 utique
914 2978 1051 3060 inpendio

53 3063 149 3120 muniri
163 3081 197 3122 sc
213 3067 303 3142 cogit.
336 3065 396 3144 [aa]
422 3063 454 3124 ln
470 3064 589 3125 arbusto
606 3083 622 3124 e
639 3062 796 3143 praedictis
811 3064 874 3125 sola
888 3063 1029 3124 viveradi·
1042 3071 1094 3124 204

55 3161 116 3204 cum
134 3148 224 3224 ratio,
249 3150 320 3208 item
335 3150 546 3228 propaginum,
573 3157 602 3208 et
624 3149 697 3208 haec
713 3149 843 3224 gemina,
866 3157 897 3209 nt
915 3148 1046 3220 diximus,
1060 3166 1083 3198 ss

54 3229 201 3306 qualorum
217 3234 275 3292 et
266 3251 334 3312 rpso
357 3232 489 3293 tabulato
510 3249 642 3292 maxume
661 3231 798 3311 probata,
820 3234 953 3332 quopiam
969 3249 984 3290 a
1001 3247 1051 3307 pe·

55 3327 124 3372 core
135 3317 274 3376 tutissima
289 3326 352 3393 est,
372 3315 465 3376 ultera
481 3315 597 3377 dellexa
613 3318 670 3377 vite
685 3316 732 3376 vel
749 3317 887 3395 palmite'
880 3326 957 3376 iuxta
973 3329 1052 3373 suam

55 3394 185 3458 arboreus
200 3409 248 3459 aut
263 3403 343 3461 cirea
359 3417 531 3480 proxumam
549 3400 700 3461 caelibem
740 3400 817 3480 quod
840 3418 926 3479 supra
947 3408 1053 3457 terram

56 3487 101 3539 est
117 3497 134 3538 e
148 3491 236 3542 matre
250 3484 313 3546 radi
330 3485 458 3561 iubetur,
474 3501 511 3544 nc
526 3484 652 3545 trutinet
681 3487 709 3543 in
731 3493 808 3544 terra
826 3503 883 3543 non
898 3483 1052 3562 pauciores

96 3583 164 3624 orm.
175 3586 236 3627 ιιιιι.
247 3589 319 3630 ursr.
332 3573 380 3628 ΙΙΙ.
818 3569 892 3628 6
