2396 3922
186 279 242 340 118
527 289 557 338 c,
575 291 670 338 annu
685 289 834 339 suenum

181 447 210 504 in
225 444 319 504 multis
338 453 441 522 sponte
457 443 541 505 desiit
557 454 585 504 et
601 447 628 504 in
642 445 769 524 pluribus
785 463 862 505 cura.
893 443 1042 503 medentur
1054 441 1151 504 radices

183 529 300 607 panacis
325 546 388 587 cum
411 547 465 588 uva
486 547 588 607 passa,
618 549 703 589 sucus
723 529 889 605 hyoscyami
912 547 975 588 cum
1003 528 1089 587 farina
1113 528 1152 587 vel

146 632 176 673 ss,
189 633 213 666 ss
224 630 333 689 semem,
352 613 488 674 scordion
501 631 539 672 ex
554 622 648 686 aceto,
664 613 752 673 iberis
766 615 805 673 uti
818 614 923 673 dictum
937 621 993 688 est,
1008 611 1153 670 verbenaca

152 757 155 777 Ι
183 715 246 756 cum
265 699 388 774 axungia
402 699 479 772 trita,
496 697 644 771 cyclamini
663 697 761 772 radix,
783 699 863 758 cuius
884 697 1039 756 decoctum
1061 705 1088 754 et
1101 714 1153 774 per·

140 790 189 845 101
201 779 342 840 uionibus.
387 781 531 859 podagras
556 781 710 857 refrigerat
735 781 816 840 radix
839 800 856 841 e
883 781 1000 860 xiphio,
1025 797 1117 838 temen
1142 797 1171 839 es

181 863 300 943 psyllic,
317 865 410 924 cicuta
425 884 488 924 oum
503 864 660 941 lithargyro
678 874 725 924 aut
740 867 879 942 axungia,
900 867 1015 926 ainornm
1029 864 1058 922 in
1078 864 1155 942 primo

181 951 288 1026 impetu
311 948 457 1026 podagrae
484 947 631 1025 rubentis,
654 947 712 1008 hoc
734 957 778 1008 est
801 948 920 1008 calidae.
948 946 1078 1006 utrilibet
1096 964 1154 1004 reru

181 1034 315 1092 convenit
332 1033 468 1108 erigeron
483 1049 546 1090 oum
561 1033 700 1108 axungia,
721 1031 893 1110 plantaginis
907 1032 979 1092 folia
994 1032 1062 1090 trita
1076 1030 1154 1091 addito

170 1117 241 1210 ⁴sale
259 1116 390 1191 modico,
409 1117 573 1192 argemonia
588 1124 671 1174 tunsa
686 1135 722 1174 ex
737 1116 834 1175 melle.
863 1115 998 1174 medetur
1019 1124 1049 1175 et
1069 1115 1153 1174 verbe·

180 1217 251 1259 naoa
269 1201 362 1275 inlita,
385 1208 433 1258 aut
447 1201 470 1258 si
493 1199 584 1276 pedes
599 1200 627 1257 in
642 1218 715 1276 aqua
729 1210 908 1258 macerentur
927 1201 956 1258 iu
974 1217 1033 1278 qua
1051 1197 1177 1258 decoctas

140 1294 190 1346 ιιι
200 1285 245 1359 sit,
262 1284 346 1362 (65.)
363 1291 392 1341 et
407 1282 546 1362 lappago,
564 1282 664 1342 similis
681 1284 844 1361 anagallidi,
863 1285 918 1342 nisi
933 1292 1016 1342 esset
1033 1285 1157 1342 ramosior

179 1385 214 1428 ac
241 1367 369 1446 pluribus
390 1367 468 1425 foliis
489 1385 610 1445 aspera,
637 1384 760 1443 rugosa,
786 1368 943 1446 asperioris
966 1369 1049 1442 suoi,
1074 1365 1157 1444 gravis

146 1488 153 1499 ·
180 1451 288 1512 odoris.
314 1467 388 1528 quae
402 1450 468 1510 talis
485 1460 529 1510 est
543 1450 672 1526 mollugo
688 1460 818 1510 vocatur.
842 1451 952 1525 similis,
971 1451 1028 1510 sed
1043 1451 1158 1530 asperio-

176 1534 257 1594 ribus
272 1534 358 1610 ioliis,
375 1553 531 1613 asperugo.
546 1536 709 1614 superioris
724 1545 753 1595 et
767 1553 852 1594 sucus
864 1535 997 1614 pondere
1013 1534 1043 1594 X
1053 1549 1066 1594 1
1078 1533 1158 1594 inrini

179 1619 288 1680 duobus
305 1619 416 1693 cyathis
432 1619 536 1678 cotidie
554 1619 679 1678 sumitur.
1164 1633 1179 1674 a

128 1716 188 1772 Ι103
244 1703 327 1782 (66.)
350 1703 510 1782 Praecipue
524 1720 596 1762 vero
610 1701 712 1762 liberat
730 1721 765 1762 eo
780 1703 855 1762 malo
867 1701 982 1780 phycos
1001 1702 1157 1776 thalassion,

177 1789 205 1848 id
222 1797 267 1848 est
280 1788 365 1848 lucus
379 1788 512 1864 marinus,
527 1786 659 1846 lactucae
675 1786 785 1860 similis,
802 1787 851 1864 qui
866 1786 1031 1861 corrchyliis
1048 1785 1157 1845 substet·

177 1873 266 1946 nitur,
289 1871 508 1949 non'podagrae
523 1870 609 1930 modo
632 1871 682 1931 sed
705 1870 834 1929 omnibus
856 1870 1047 1931 articulorum
1067 1869 1158 1930 morbis

177 1956 318 2033 inpositus
336 1956 499 2033 priusquam
515 1955 625 2014 areliat.
659 1954 711 2013 tria
729 1963 822 2013 autem
842 1972 951 2031 genera
974 1956 1056 2014 eius:
1086 1955 1157 2014 latum

178 2049 207 2100 et
220 2037 340 2098 alterum
356 2038 486 2115 lougius,
504 2040 707 2117 quadamtenus
721 2038 845 2116 rubens,
867 2040 982 2097 tertium
1004 2039 1109 2117 crispis
1124 2037 1178 2096 ica

136 2121 254 2194 104liis,
271 2138 327 2197 quo
348 2122 377 2180 in
392 2121 478 2182 Creta
492 2124 583 2184 vestis
597 2125 720 2199 tingunt,
745 2123 843 2183 omnia*
853 2123 981 2182 eiusdem
998 2141 1081 2182 usus.
1120 2120 1157 2180 lli·

178 2205 285 2266 eander
305 2223 340 2264 ea
360 2215 389 2266 et
402 2206 541 2266 adversus
557 2207 701 2284 serpentis
713 2207 749 2265 ‘in
769 2208 834 2265 vino
855 2206 942 2266 dedit.
974 2205 1104 2266 salutare
1124 2212 1158 2264 est

135 2311 164 2351 ss,
177 2307 210 2342 m
222 2297 250 2348 et
272 2306 370 2348 semen
394 2291 455 2350 eius
475 2290 584 2350 herbae
604 2309 686 2368 quam
708 2289 835 2368 psyllion
850 2291 1062 2350 nominavimus
1078 2289 1156 2349 made

176 2373 281 2432 iactum
297 2391 386 2450 aqua,
405 2374 537 2434 admixtis
552 2375 580 2432 in
595 2373 736 2434 heminam
752 2374 867 2433 seminis
884 2375 1000 2433 resinae
1021 2373 1155 2452 Colopho·

176 2459 241 2516 niae
253 2457 434 2517 coclearibus
449 2458 568 2532 dnobus,
584 2459 730 2517 turisnno.
754 2458 907 2520 laudantur,
915 2467 943 2517 et
955 2458 1174 2535 mandragoraee

175 2541 246 2600 folia
267 2559 330 2600 cum
345 2542 462 2619 polenta
487 2552 578 2601 tunsa.
625 2543 673 2602 11.
698 2541 775 2602 Talis
797 2537 868 2600 ve'ro
890 2541 1067 2602 tumentibus
1088 2542 1155 2600 linus

177 2627 324 2704 aquaticus
341 2644 403 2684 cum
419 2627 486 2686 oleo
502 2625 637 2684 subactus
653 2627 723 2684 mire
739 2625 875 2703 prodest,
888 2625 1028 2706 ¹articulis
1051 2640 1153 2686 sucnse

177 2711 323 2769 centaurio
344 2711 468 2787 minore,
492 2709 566 2768 idem
588 2710 684 2768 nervis
709 2710 890 2786 utilissimus,
920 2711 988 2770 item
1010 2709 1153 2770 centauris.

136 2803 185 2869 105
196 2790 349 2852 Vettonica
360 2796 458 2854 nervis
475 2792 699 2852 discurrentibus
711 2811 764 2870 per
772 2793 916 2870 scapulas,
930 2795 1047 2871 umeris,
1059 2795 1153 2872 spinae,

147 2891 170 2926 ει
179 2873 292 2950 lumbis,
307 2887 373 2952 pota
385 2887 416 2936 nt
429 2880 457 2936 in
470 2879 607 2952 iocinere,
623 2877 749 2936 articulis
764 2876 989 2955 quinquefolium
1001 2877 1175 2956 inponunt

177 2956 384 3032 mandragorae
402 2961 471 3021 lolia
487 2981 548 3020 eum
566 2961 683 3038 polenta
704 2961 752 3020 vel
773 2961 854 3020 radix
875 2962 980 3020 recens
1002 2969 1086 3020 tunsa
1103 2973 1153 3018 eun

175 3057 329 3106 cucumere
345 3043 471 3104 silvestri
485 3046 534 3104 vel
549 3045 671 3104 decocta
685 3045 714 3103 in
730 3062 817 3122 aqna,
833 3045 985 3120 digitorum
999 3046 1029 3103 in
1045 3041 1153 3124 pedibus

175 3125 254 3184 rimis
270 3124 409 3202 polypodi
425 3129 515 3205 radix,
532 3128 659 3188 articulis
675 3147 760 3187 sucus
775 3129 942 3203 hyoscyami
954 3147 1019 3187 oum
1031 3127 1150 3203 axungia,

177 3225 308 3268 amomon
323 3225 393 3266 suco
410 3209 546 3289 decocto,
561 3214 627 3271 item
646 3212 832 3271 centunculus
849 3212 970 3271 decocta
986 3211 1035 3271 vel
1050 3223 1150 3271 muscus

176 3309 279 3351 recens
300 3309 337 3350 ex
354 3307 425 3369 aqua
441 3294 585 3372 obligatus
601 3295 694 3354 donec
709 3295 867 3372 inarescat,
889 3297 956 3354 item
971 3296 1077 3375 lappae
1093 3294 1172 3352 boa-c

136 3383 186 3435 106
196 3377 256 3432 riae
269 3374 350 3434 radix
365 3375 458 3434 evino
472 3387 550 3454 pota.
573 3377 755 3454 Cyclaminos
770 3379 890 3439 decocta
904 3381 932 3438 in
945 3397 1019 3457 aqua
1032 3379 1149 3458 perniun-

177 3456 258 3514 culos
278 3465 358 3518 curat
373 3461 522 3537 omniaque
538 3463 593 3522 alia
609 3463 726 3539 frigoris
741 3463 824 3541 vitia,
846 3464 1051 3541 perniunculos
1067 3469 1094 3522 et
1109 3476 1148 3520 co·

175 3536 293 3609 tyledon
314 3557 376 3596 enm
399 3543 537 3620 axungia,
563 3544 634 3606 iolia
653 3563 690 3605 ex
709 3545 882 3624 batrachio,
908 3548 1044 3626 epithymi
1062 3560 1146 3606 sucus.
