2396 3922
167 215 225 278 148
496 228 635 276 811111
653 229 804 294 sncpunu

125 393 174 447 106
229 381 313 462 (81.)
333 381 469 458 ltlpugros
488 379 577 441 herba
593 382 741 444 ferulacea
757 391 803 442 est
819 379 898 441 loliis
913 376 1013 439 similis
1031 375 1136 450 rubiae,

163 465 340 544 tripedanea.
363 459 461 524 semen
476 467 617 540 oleosum,
630 466 705 544 quod
722 475 750 526 et
766 467 797 526 lit
810 484 848 524 ex
867 481 913 523 88.
947 461 1074 522 medetur
1085 462 1138 519 oris

163 547 308 608 ulceribus
325 551 471 627 perunctis
487 549 544 609 hoc
557 567 637 608 suco.

235 631 316 710 (82.)
337 631 433 692 Herba
449 651 522 711 qnae
542 641 662 692 vocatur
676 649 768 708 nyma,
785 631 875 691 trihus
892 629 972 690 loliis
988 627 1084 703 longis
1104 627 1142 684 in·

164 715 303 790 tubaceis‚
318 716 397 775 inlita
412 717 564 775 cicatrices
581 716 616 775 ad
633 717 761 775 colorem
777 715 898 775 reducit.
1150 723 1161 760 ⁵

125 809 171 864 107
234 799 317 877 (83.)
339 798 439 858 Natrix
460 809 580 860 vocatur
605 800 694 859 herba
718 802 798 858 cuius
823 799 906 859 radix
933 795 1036 854 evolsa
1071 795 1144 852 virus

164 883 235 942 hirci
262 881 385 941 redolet.
435 883 489 942 hac
512 884 539 941 in
564 883 672 942 Piceno
698 883 811 942 leminis
838 882 958 957 abigunt
980 895 1054 956 quos
1082 877 1144 934 mira

164 967 352 1043 persuasione
373 966 467 1026 fatuos
488 975 609 1041 vocant,
641 983 698 1043 ego
720 968 836 1044 species
859 963 1065 1041 lymphantium
1094 960 1145 1018 hoc

163 1051 247 1110 modo
264 1050 420 1109 animorum
438 1067 504 1108 esse
523 1049 690 1109 crediderim
712 1068 785 1129 quae
807 1049 856 1110 tali
881 1047 1094 1106 medicamento
1110 1044 1145 1102 iu·

163 1142 272 1193 ventur.
1154 1138 1169 1178 ¹⁰

123 1229 173 1281 108
231 1215 313 1295 (84.)
337 1214 568 1275 Odontitisinter
590 1216 649 1276 leni
673 1234 781 1293 genera
800 1225 859 1291 est,
886 1213 1041 1274 cauliculis
1055 1211 1147 1270 densis

164 1300 199 1358 ab
214 1300 315 1359 eadem
328 1299 437 1374 radice,
454 1299 635 1376 geniculatis,
651 1301 811 1377 triangulis,
828 1301 929 1374 nigris.
963 1293 992 1356 in
1009 1294 1148 1373 geniculis

162 1383 231 1443 lolia
245 1399 333 1459 parva
347 1382 441 1459 habet,
460 1383 592 1464 longiora
607 1391 700 1443 tamen
710 1401 793 1462 qnam
811 1383 991 1461 polygonon,
1009 1396 1111 1439 semen
1124 1380 1148 1436 in

163 1466 216 1526 alis
232 1465 341 1524 hordeo
358 1467 460 1541 simile,
478 1466 577 1526 liorem
594 1484 783 1544 purpureum,
800 1466 946 1544 pusillum.
982 1463 1112 1522 nascitur
1124 1463 1147 1520 11

133 1562 135 1567 ’
162 1551 262 1627 pratis.
303 1549 454 1609 decoctum
478 1550 682 1610 cauliculorum
703 1551 765 1610 eins
788 1551 816 1609 11
829 1551 896 1608 vino
919 1557 1039 1608 austero
1064 1559 1170 1623 quan-o

163 1641 219 1690 tum
239 1649 337 1692 munus
358 1634 452 1711 capiat
475 1632 598 1693 dentium
621 1634 715 1694 dolori
736 1633 865 1693 medetur
891 1633 928 1690 ita
952 1640 984 1690 ut
1006 1630 1147 1689 contineu-

164 1723 208 1774 tur
225 1733 286 1774 ore.

123 1808 172 1860 109
232 1796 314 1877 (85.)
337 1797 467 1860 Othonna
482 1802 511 1859 in
526 1802 608 1874 Syria
624 1801 767 1876 nascitur,
790 1799 889 1859 similis
906 1815 1033 1870 erucae,
1056 1795 1146 1874 perlo-

163 1883 231 1940 ratis
250 1883 353 1942 crehro
368 1882 461 1958 loliis,
482 1884 555 1942 11818
572 1886 668 1960 croci,
690 1901 777 1961 quara
794 1883 906 1962 qnidam
921 1897 1088 1941 anemonen
1102 1895 1146 1937 vo·

164 1973 310 2023 caverunt.
336 1983 421 2024 sucus
433 1968 495 2026 eius
510 1967 657 2026 oculorum
673 1967 887 2028 medicamentis
904 1965 1054 2024 convenit,
1078 1978 1172 2021 mor-n
1190 1985 1192 1992 v

164 2046 212 2104 det
231 2048 305 2105 enim
322 2047 426 2106 1811181
447 2059 476 2107 81
498 2051 613 2110 calfacit
634 2051 842 2127 adstringitque
866 2048 1016 2109 siccando.
1051 2053 1148 2124 purgat
1191 2045 1192 2052 ’

163 2129 314 2188 cicatrices
333 2139 361 2189 81
382 2130 537 2192 nubeculas
557 2144 585 2194 et
609 2134 744 2211 quidquid
765 2133 870 2192 obstet.
900 2132 1016 2210 quidam
1042 2129 1158 2188 tradunt'
1190 2131 1192 2140 '

163 2211 252 2271 lavari
268 2222 351 2290 atque
366 2214 404 2273 ita
421 2216 554 2275 siccatam
572 2218 664 2293 digeri
679 2219 706 2275 in
723 2217 864 2296 pastillos.

120 2295 172 2358 Ι110
231 2295 313 2374 (86.)
332 2294 454 2358 Onosma
464 2299 549 2376 longa
557 2300 627 2358 lolia
637 2299 722 2360 hahet
733 2301 795 2360 lere
803 2300 838 2359 ud
850 2298 904 2358 llll
917 2298 1064 2375 digitosiu
1078 2307 1147 2356 terra

162 2379 299 2454 iacentia,
321 2381 355 2440 ad
372 2381 579 2442 similitudinem
598 2383 740 2443 anchusae
757 2385 862 2460 incisa,
883 2385 946 2440 sine
964 2381 1070 2456 caule,
1093 2382 1168 2438 sines

162 2461 245 2537 lione,
262 2465 323 2523 1118
335 2469 452 2524 semine.
478 2483 633 2544 praegnas,
651 2468 674 2525 si
690 2467 749 2526 edit
764 2485 827 2526 eam
841 2475 889 2526 aut
900 2464 1146 2544 supergradiamur,

164 2544 295 2606 abortum
310 2548 408 2608 iacere
423 2550 533 2609 dicitur.

231 2630 314 2710 (87.)
337 2631 511 2710 Onopradon
527 2633 551 2690 si
568 2632 768 2707 comederunt,
791 2633 863 2692 asini
882 2634 1014 2709 crepitus
1031 2633 1146 2691 reddere

164 2711 302 2772 dicuntur.
323 2715 408 2777 ¹trahit
423 2717 518 2774 urinas
530 2725 559 2775 et
573 2733 698 2792 menses,
715 2717 809 2776 alvom
822 2717 906 2792 sistit,
926 2718 1147 2796 suppurationes

164 2803 194 2852 81
208 2795 397 2856 collectiones
413 2798 535 2858 discutit.
1152 2816 1169 2856 a

123 2889 171 2939 111
232 2875 314 2956 (88.)
338 2877 437 2954 011111
451 2881 576 2941 ramulos
598 2881 655 2941 fert
675 2885 791 2958 nigros,
812 2883 923 2958 tenuis,
940 2882 1058 2958 lentos,
1082 2892 1111 2941 81
1124 2884 1147 2940 iu

163 2957 208 3016 his
228 2958 298 3016 lolia
320 2962 400 3036 nigra
424 2981 477 3022 ceu
500 2965 548 3024 lini
563 2981 719 3044 semenque
743 2967 770 3024 11
791 2965 907 3024 ramulis
929 2967 1046 3041 nigrum
1063 2967 1146 3035 initio,

163 3039 227 3098 dein
242 3041 349 3102 colore
367 3053 471 3105 mutato
486 3047 653 3106 rubescens.
681 3057 837 3124 smegmata
856 3048 1030 3108 mulieribus
1048 3050 1146 3109 iaciunt

163 3141 200 3180 81
222 3123 276 3183 his.
309 3123 434 3184 radicum
453 3129 605 3188 decoctum
629 3139 726 3208 potum
747 3137 828 3190 sanat
851 3141 1000 3210 arcuatos.
1033 3132 1144 3192 eaedem

159 3207 326 3283 ¹priusquam
340 3215 510 3271 maturescat
525 3230 623 3272 semen
639 3215 773 3274 concisae
790 3223 818 3274 81
833 3214 897 3273 1818
913 3216 1044 3276 siccatae
1057 3216 1167 3276 aluoma

163 3287 273 3346 sistunt.
308 3296 375 3364 post
388 3294 575 3354 maturitatem
594 3313 662 3356 uero
678 3297 818 3356 collectae
834 3299 905 3356 etin
921 3297 1087 3359 sorbitione
1100 3298 1141 3358 de·

164 3379 266 3428 coctae
285 3370 491 3432 rheumatismis
513 3381 619 3438 ventris
642 3379 791 3439 medentur
813 3389 842 3439 81
868 3397 922 3458 per
953 3400 987 3440 se
1006 3384 1091 3442 tritae
1110 3398 1143 3439 81

163 3465 235 3525 aqua
255 3450 374 3509 caelesti
388 3450 528 3515 bibuntur.
