2370 3922
303 255 384 304 1111.
398 252 491 304 11101.
509 220 591 304 1111.
605 247 640 304 es
642 253 667 304 4.
686 245 822 324 (7-14.)
984 281 986 288 ·
1017 249 1057 311 73

119 408 184 486 (9.)
205 407 252 468 Ab
272 425 307 469 ca
323 424 453 470 mamma
468 413 625 471 auctoritas
642 410 754 472 herbae
770 419 817 472 cst
831 429 914 490 quam
931 413 1053 474 dedeca·
1065 411 1101 480 28

58 491 150 552 theon
166 500 273 551 vocant
290 495 414 554 omnium
428 495 548 554 deorum
562 497 745 555 maiestatem
761 497 1002 557 commendantes.
1028 499 1059 558 in

58 593 132 653 aqua
143 583 244 654 potam
255 577 387 638 omnibus
398 579 508 638 morbis
520 578 630 638 mederi
643 579 765 638 tradunt.
784 578 855 639 lolia
867 582 930 640 eius
942 572 1058 660 septem

1 678 2 696 1
58 658 182 718 lactucis
202 659 345 720 simillima
361 670 471 721 exeunt
486 679 503 722 a
518 662 597 721 lutea
616 662 723 722 radice.

39 763 51 802 1
120 743 206 820 (10.)
221 741 426 806 vetustissima
438 747 558 805 inventu
570 744 698 805 Paeonia
710 753 767 821 est,
781 762 944 824 nomenque
957 756 1055 808 aueto-
1066 759 1101 814 29
1176 795 1184 812 .

58 827 98 886 ris
113 827 243 902 retinet,
260 843 343 904 quarn
358 829 470 905 quidam
484 827 672 906 pentorobon
686 828 835 907 appellent
843 872 853 905 ,
867 829 915 889 alii
931 831 1057 907 glycysi-

59 909 123 970 den.
148 926 215 968 nam
229 909 302 970 baec
317 928 433 988 quoque
449 911 603 972 difficultas
620 921 667 972 est
682 913 760 990 quod
772 911 873 972 eadem
884 912 971 973 aliter
988 915 1056 974 alibi

59 1001 249 1070 nuncupatur.
279 996 408 1054 nascitur
424 997 524 1073 opacis
541 996 689 1056 montibus
706 996 789 1056 caule
806 997 884 1055 inter
900 995 1058 1074 1011011131-

38 1084 156 1135 xtorum
177 1083 315 1153 quattuor
341 1078 456 1138 ferente
481 1081 511 1138 iu
532 1081 680 1139 cacumine
703 1077 794 1139 veluti
820 1077 945 1138 Graecas
969 1099 1058 1140 nuces

30 1177 52 1218 10
61 1167 200 1236 quattuor
220 1168 268 1220 aut
286 1162 420 1239 quinque,
455 1164 533 1222 inest
557 1162 602 1220 his
628 1181 728 1224 semen
751 1165 920 1241 copiosum,
941 1164 1059 1223 rubrum

58 1245 240 1320 nigrumque.
269 1243 342 1304 haee
359 1246 492 1306 medetur
513 1255 543 1306 et
559 1245 722 1305 Faunorum
743 1247 773 1305 in
791 1248 890 1324 quiete
914 1246 1056 1308 ludibriis.

57 1328 245 1404 praecipiunt
267 1345 373 1388 eruere
390 1337 489 1406 noctu,
510 1331 655 1407 qnoniam,
673 1331 697 1388 si
714 1330 797 1407 picus
813 1329 933 1390 blartius
947 1327 1057 1410 ¹videat,

59 1411 170 1470 tuendo
187 1412 216 1468 in
232 1411 333 1471 oculos
348 1413 602 1490 impetumiaciata

124 1494 209 1572 (11.)
233 1493 362 1554 Panaces
386 1498 453 1574 ipso
471 1498 587 1555 nomine
606 1497 730 1572 omnium
745 1497 912 1557 morborum
927 1498 1055 1557 remedia
1066 1509 1104 1564 eo

29 1595 51 1636 rc
58 1579 217 1656 promittit,
231 1595 416 1638 numerosum
435 1588 465 1639 et
479 1580 524 1639 dis
538 1580 739 1639 inventoribus
759 1580 941 1658 adscriptum.
974 1599 1059 1640 unum

59 1663 172 1739 quippe
192 1660 354 1740 Asclepion
379 1665 610 1739 cognominatur,
632 1680 648 1721 a
671 1680 728 1739 quo
753 1664 779 1722 is
801 1663 887 1722 liliam
908 1662 1058 1724 Panaciam

58 1744 229 1823 appellavit.
249 1763 334 1804 sucus
347 1754 393 1805 cst
404 1755 522 1805 coactus
534 1746 646 1806 ferulae
659 1746 773 1822 qualem
784 1746 904 1806 diximus
918 1747 1015 1808 radice
1029 1767 1057 1808 12,
1066 1769 1106 1803 111
1172 1790 1179 1804 .

56 1828 141 1888 multi
165 1829 284 1887 corticis
307 1837 337 1888 et
361 1829 439 1889 salsi.
484 1829 536 1889 lrao
559 1829 661 1889 evolsa
681 1830 817 1889 scrobem
843 1830 952 1908 repleri
976 1832 1056 1889 vario

59 1929 175 1989 genere
192 1912 304 1988 frugum
318 1911 425 1990 religio
442 1921 489 1972 est
505 1929 539 1972 ac
555 1921 652 1972 terrae
668 1914 850 1990 piamentum.
874 1914 922 1972 nbi
939 1921 970 1978 et
984 1931 1055 1991 quo·
1066 1927 1102 1981 an
1140 1956 1141 1959 ,

27 2013 126 2054 ronam
147 1995 234 2054 ficret
253 1995 339 2056 modo
361 2005 391 2056 at
413 1996 497 2074 quala
521 2013 652 2056 maxume
674 1997 851 2074 probaretur
873 1999 950 2056 inter
972 2015 1057 2074 pere·

58 2081 145 2155 griua
160 2078 317 2138 docuimus.
347 2080 377 2139 id
394 2080 471 2158 quod
488 2099 505 2138 e
519 2079 689 2138 Macedonia
708 2081 838 2156 adicrtur
858 2080 1013 2140 bucolicen
1026 2102 1104 2143 mm

60 2169 167 2221 vocant
181 2163 362 2222 armentariis
377 2170 483 2242 sponte
497 2169 696 2240 erumpentem
710 2181 809 2223 sucum
824 2164 1055 2242 excipientibus;

60 2243 118 2306 boc
133 2245 290 2305 celerrime
306 2249 465 2306 evanescit.
501 2254 531 2306 at
545 2248 575 2304 in
592 2246 656 2305 aliis
673 2255 768 2307 autem
782 2248 942 2324 generibus
959 2250 1057 2325 inpro-

61 2328 148 2388 batur
161 2343 292 2388 maxume
308 2331 420 2406 nigrum
435 2348 468 2390 ac
482 2329 578 2388 molle.
603 2329 631 2388 id
647 2331 723 2388 enim
739 2338 908 2408 argumento
927 2339 973 2390 cst
989 2349 1057 2392 cera

28 2412 229 2472 madulterati.

122 2495 208 2574 (12.)
228 2494 362 2556 Alterum
389 2515 482 2573 genus
503 2494 668 2556 Heracleon
680 2503 797 2581 'vocant
818 2504 848 2554 et
869 2495 904 2571 ab
927 2485 1053 2556 Hercule
1065 2509 1103 2563 32

61 2583 212 2638 inventum
230 2579 360 2655 tradunt,
386 2579 435 2641 alii
454 2581 603 2656 origanum
617 2577 866 2655 Heracleoticum,
884 2580 954 2638 item
970 2579 1056 2640 silve-

62 2671 136 2739 stre,
152 2663 288 2739 quoniam
304 2672 351 2722 est
367 2665 488 2740 origano
505 2662 610 2738 simile,
629 2663 728 2722 radice
745 2662 854 2738 inutili,
871 2661 908 2721 de
925 2679 981 2738 quo
999 2665 1057 2721 ori·

62 2763 140 2822 gano
156 2745 287 2804 diximum
1027 2767 1102 2808 aomo
1142 2754 1146 2758 ’

28 2843 56 2884 ao
128 2828 211 2906 (13.)
231 2827 361 2888 Tertium
382 2847 507 2906 panaces
532 2827 697 2888 Chironium
719 2828 936 2906 cognominatur
957 2827 993 2887 ab
1016 2830 1057 2886 in·

64 2920 198 2972 ventare.
234 2912 334 2970 lolium
364 2914 426 2971 eius
453 2911 546 2971 simile
568 2911 696 2988 lapatho,
720 2913 810 2970 mains
831 2919 924 2969 tamen
947 2918 977 2970 et
1000 2911 1057 2970 lair-

62 2997 168 3072 sutius,
192 2993 249 3054 dos
271 3013 387 3070 aureus,
409 2996 492 3054 radix
516 3013 613 3073 parua.
649 2996 776 3053 nascitur
795 2993 951 3071 pinguibus
972 2994 1054 3056 locis.

62 3077 148 3138 huius
172 3076 228 3138 dos
254 3077 482 3155 efficacissimus,
507 3095 603 3155 eoque
622 3077 743 3156 amplius
768 3092 853 3155 quam
873 3095 960 3155 supra
983 3079 1056 3139 dicta

62 3161 196 3240 prodest.

28 3262 56 3304 aa
128 3245 213 3323 (14.)
234 3242 373 3316 Quartum
385 3262 488 3322 genus,
503 3262 628 3322 panaces
644 3244 679 3304 ab
695 3244 800 3304 eodem
813 3242 939 3305 Chirone
954 3262 1054 3322 reper-
1065 3255 1102 3309 33

10 3367 32 3412 0
63 3327 134 3406 tum,
152 3330 324 3390 centaurion
339 3329 568 3406 cognominatur,
589 3329 642 3388 sed
657 3336 688 3387 et
703 3326 882 3388 Pharnacion
898 3331 927 3388 in
942 3325 1066 3387 centro?

63 3415 163 3474 versia
180 3413 357 3478 inuentionis
374 3410 551 3471 aPhamacc
572 3429 645 3489 rege
667 3411 831 3472 deductum.
861 3413 969 3472 seritur
988 3411 1055 3488 hoe,

45 3495 251 3575 ‘longioribus
271 3511 353 3573 quam
368 3502 467 3556 cetera
485 3494 565 3555 foliis
583 3503 613 3554 et
634 3497 763 3564 serratis.
795 3494 878 3556 radix
893 3494 1013 3556 odorata
1028 3497 1056 3555 in
