2370 3922
268 273 687 329 un¹r.m1sr.xxn111.·4-c.
707 269 842 346 (ι-ιι.)
992 265 1033 326 aa

41 439 165 510 servat,
180 434 309 493 viventia
329 435 503 512 corrumpit,
518 436 588 493 mira
604 433 784 512 differentia,
805 453 867 495 curn
882 435 968 494 vitam
990 451 1037 494 au·

40 517 119 576 ierat
145 517 321 594 spirantibus
342 517 545 595 defunctisque
572 534 626 594 pro
647 518 705 576 vita
728 521 773 578 sit.
804 521 896 578 vestis
920 535 1036 597 quoquc
1137 521 1141 527 '

40 601 203 678 corrumpit
220 610 251 662 et
267 600 398 660 animalia
415 609 507 661 necat.
543 601 581 660 oh
593 600 666 661 haec
681 617 740 661 non
756 621 891 662 censeam
907 604 936 660 in
954 603 1079 678 angi-18
1093 654 1099 660 .

39 685 89 742 nis
102 683 157 742 hoc
172 683 303 744 remedio
315 684 451 744 utendum
462 702 557 762 neque
569 687 598 742 in
610 683 810 762 cruditatibus,
826 687 902 763 qnod
914 703 1034 745 suasere

16 767 148 844 saliqui,
174 777 271 844 gustu.
309 767 406 828 dentis
425 785 541 846 quoqne
564 767 703 828 conluere
726 787 763 828 ex
777 777 862 828 aceto
887 768 1036 829 indolere

38 853 184 910 timuerim
207 851 257 910 vel
279 853 413 928 gravitati
436 861 484 912 aut
504 851 651 911 vermibus
665 853 774 911 aurium
786 852 937 912 instillare
969 870 1036 932 por·

38 941 150 992 tentum
164 943 212 994 est
226 935 304 1012 qued
321 936 435 996 tradunt
449 935 610 995 abortivum
626 936 714 994 lieri'
706 955 735 994 m
754 952 864 996 venere
883 944 949 994 ante
968 953 1034 1014 per·

36 1017 102 1076 insa
120 1019 269 1078 virilitate.
302 1019 484 1102 phthiriasis
491 1037 676 1098 perunguere
695 1037 731 1078 co
755 1035 812 1078 non
834 1017 1043 1118 dubitaverim,

0 1151 1 1181 3
38 1101 107 1160 item
123 1103 301 1179 porrigines.
333 1102 454 1162 suadent
469 1091 499 1163 ct
514 1111 615 1162 contra
638 1117 781 1162 venenum
802 1102 912 1179 leporis
934 1105 1034 1163 marini

16 1226 18 1229 ψ
38 1183 167 1244 hibere
159 1204 189 1243 ιιι
204 1203 310 1262 passo,
331 1187 467 1245 facilius
459 1205 488 1244 ιιι
503 1185 693 1262 elephantiasi
707 1187 848 1246 inlinatur
883 1194 913 1244 et
933 1185 1031 1262 ulcera
1044 1198 1078 1252 19

38 1268 156 1327 sordida
178 1277 208 1328 et
225 1271 451 1330 excrescentia
442 1289 471 1328 m
487 1273 523 1329 iis
540 1277 675 1330 auctores
697 1269 809 1347 quidam
832 1275 862 1328 et
885 1258 1034 1329 oculorum

1 1351 3 1389 ἱ
38 1350 195 1428 albugines
217 1352 417 1430 caliginesque
438 1354 580 1412 inunxere
606 1371 643 1412 eo
665 1362 694 1412 et
712 1362 813 1413 contra
834 1352 977 1430 pulmonis
993 1353 1034 1413 nl·

38 1451 105 1492 cera
122 1435 257 1510 cyathum
273 1438 335 1496 eius
353 1437 469 1496 sorberi
484 1439 648 1512 iusserunt,
671 1439 740 1498 item
756 1438 895 1496 adversus
913 1438 1031 1500 taenias.

40 1517 70 1575 tit
83 1537 124 1576 ex
150 1536 189 1578 eo
210 1528 241 1578 ct
255 1519 350 1580 oleum
371 1521 449 1597 quod
469 1519 639 1597 pisselaeon
660 1528 783 1594 vocant,
804 1519 1032 1580 vehementioris

7 1648 10 1651 .
39 1601 72 1660 ad
87 1605 185 1660 omnia
198 1603 299 1662 eadem
322 1623 398 1663 usus.
426 1604 505 1663 cedri
530 1602 621 1662 soche
645 1603 792 1681 serpentis
807 1602 901 1679 iugari
923 1611 1033 1663 certum

2 1712 5 1740 ε
39 1693 100 1762 est,
118 1687 189 1744 item
203 1686 283 1746 bacis
299 1689 454 1746 tritiscnm
476 1686 543 1747 oleo
559 1689 584 1744 si
603 1689 649 1763 qui
664 1694 887 1764 perunguantur.

3 1805 4 1816 .
99 1769 185 1847 (12.)
216 1767 373 1846 Cedrides,
399 1771 455 1830 hoc
480 1778 525 1830 est
546 1770 655 1829 fructus
678 1769 774 1846 cedri,
801 1771 901 1828 tussim
919 1777 1076 1847 sanantem

36 1853 147 1910 urinam
164 1855 259 1928 cient,
274 1851 369 1913 alvo'm
381 1857 502 1929 sistunt,
518 1852 605 1912 utiles
621 1855 730 1931 ruptis,
749 1853 912 1929 convolsis,
929 1855 1031 1931 spasti-

4 1935 9 1991 ἰ
37 1937 95 2011 cis,
114 1938 309 2013 stranguriae,
328 1938 439 2014 volvis,
455 1938 489 1998 ad
511 1936 640 1996 antidota
656 1945 755 1996 eontra
772 1937 891 2014 lepores
903 1939 1030 1997 marinos
1073 2005 1076 2014 .

0 2027 11 2072 ι
24 2057 26 2068 .
39 2018 198 2096 eademqne
218 2037 291 2098 quac
303 2039 403 2098 supra,
415 2020 637 2081 collectionibus
650 2019 984 2098 inflammationihnsqne.
1050 2033 1076 2076 ιι
1130 2049 1136 2061 ·

99 2102 184 2180 (13.)
216 2101 260 2162 Dc
275 2103 399 2181 galbano
417 2105 546 2164 diximus.
573 2121 668 2180 neque
679 2103 801 2164 umidum
813 2121 908 2181 neque
920 2104 1071 2169 aridumtt.
1129 2124 1133 2135 ·

1 2187 3 2222 t
40 2185 197 2262 probatur,
215 2195 244 2246 et
260 2187 344 2264 quale
361 2187 507 2248 docuimus
524 2205 578 2266 per
592 2205 626 2246 sc
646 2187 753 2247 bibitur
769 2187 803 2246 ad
820 2189 920 2248 tussim
936 2207 985 2248 ve·
997 2186 1026 2228 ¹²³
1038 2187 1072 2220 ¹²⁸

1 2287 3 2306 ι
43 2277 144 2344 terem,
162 2271 305 2348 suspiria,
323 2281 424 2349 rupta,
437 2270 583 2330 convolsa.
615 2271 763 2348 inponitur
783 2269 965 2348 ischiadicis,
990 2272 1029 2332 la·

45 2354 111 2411 teris
127 2352 300 2430 doloribus,
316 2356 416 2432 panis,
433 2352 606 2429 furunculis,
624 2357 741 2433 corpori
759 2353 795 2413 ab
812 2355 928 2414 ossibus
948 2373 1029 2416 rece·

12 2449 34 2490 ιι
44 2433 135 2511 denti,
152 2437 287 2513 strumis,
304 2437 488 2497 articulorum
509 2437 610 2512 nodis,
637 2436 762 2498 dentium
783 2453 898 2514 quoqne
920 2438 1028 2498 dolori·

42 2517 101 2576 bus.
129 2518 261 2578 inlinitur
272 2528 305 2579 ἰι
320 2539 383 2579 cum
398 2520 486 2580 melle
499 2521 602 2597 capitis
624 2519 778 2580 ulceribus.
812 2520 973 2596 purulentis
986 2523 1028 2579 in-

40 2601 168 2661 inndttur
193 2603 309 2662 auribus
332 2621 395 2663 cnm
421 2621 545 2664 rosaceo
573 2611 620 2662 aut
643 2603 741 2663 narde
772 2601 863 2661 odore
881 2602 1029 2662 comitiali-

40 2684 91 2744 bus
107 2684 261 2762 subvenit,
277 2695 307 2746 et
324 2687 410 2747 volva
430 2686 632 2766 strangulante
645 2687 718 2748 vel'
710 2705 739 2746 ιιι
755 2683 892 2744 stomachi
905 2685 1028 2745 deiectu.

1 2767 159 2832 abortus
175 2787 234 2828 non
251 2773 384 2829 exeuntis
400 2771 486 2830 trahit
497 2763 632 2848 adpositu
645 2769 692 2830 vel
715 2770 828 2844 suffitu,
855 2769 924 2827 item
948 2786 1027 2828 ramo
1039 2777 1078 2830 22

1 2850 185 2912 abellebori
213 2853 401 2913 circmnlitum
426 2863 512 2930 atque
541 2853 710 2914 subiectum.
753 2853 899 2929 serpentis
929 2853 1031 2914 nidore

1 2964 2 3018 3
42 2937 184 2996 urentium
204 2937 298 3012 iugari
320 2937 450 2997 diximus.
474 2938 594 3014 lugiunt
618 2947 648 2997 et
670 2942 828 3034 perunctos
854 2935 986 3012 galbano
1004 2955 1032 2998 ιι,
1039 2953 1073 2990 ιιι

41 3019 172 3078 medetur
185 3028 215 3080 ιι
228 3038 245 3078 a
261 3024 418 3098 scorpione
432 3021 587 3098 percussis.
607 3020 716 3078 bibitur
732 3021 787 3079 et
779 3037 808 3078 ιιι
823 3017 931 3079 difficili
947 3029 1030 3097 partu

1 3081 2 3158 l
42 3102 123 3164 labae
140 3103 362 3180 magnitudine'
355 3122 384 3163 m
400 3104 503 3180 cyatho
519 3104 578 3162 vini
587 3102 771 3180 ‚volvasque
785 3119 943 3164 conversas
967 3120 1029 3162 cor-

42 3187 125 3262 rigit,
153 3205 216 3247 omn
238 3205 333 3247 murra
353 3196 449 3248 antem
471 3196 501 3246 et
527 3188 594 3247 vino
615 3193 745 3245 mortuos
770 3195 870 3263 partus
895 3186 1027 3246 extrahit.

19 3271 215 3330 cadversatnr
232 3279 263 3330 ιι
280 3273 418 3349 venenis,
434 3289 564 3330 maxume
581 3271 703 3345 toxicis‚
719 3287 782 3328 cnm
795 3287 889 3328 murra
905 3277 934 3326 ιι
953 3270 1028 3327 vino.

46 3357 189 3432 serpentis
214 3353 283 3414 oleo
300 3363 331 3414 et
346 3355 500 3434 spondylio
520 3355 610 3412 mixto
629 3361 705 3412 tactu
725 3361 816 3412 necat.
850 3369 957 3410 nocere
973 3353 1029 3411 nri·

45 3453 95 3496 nae
111 3439 300 3498 existimatur.

104 3521 131 3582 6.
155 3521 238 3600 (14.)
266 3520 373 3581 Similis
391 3520 577 3584 hammoniaci
593 3529 693 3581 natura
711 3528 797 3596 atque
810 3516 944 3584 lacrimae
961 3534 1027 3594 pro·
1039 3527 1073 3583 aa
