2396 3922
165 176 225 240 tto
512 189 818 240 crnnusncnrrnr

162 343 345 418 ferulaceos,
369 347 462 404 omniu
477 343 616 423 rubentis,
637 345 771 424 capitulis
785 344 900 423 parvis,
928 342 1024 403 luteis.
1056 357 1153 404 semen

161 428 189 486 in
206 426 344 501 calyculis
360 427 503 507 pusillum,
518 431 639 506 nigrum,
655 430 828 489 resinosum.
856 444 959 488 comae
975 426 1063 485 tritas
1076 425 1154 486 uelut

162 519 319 589 cruentant,
331 523 386 590 qua
401 511 438 571 de
454 530 540 573 cansa
554 513 666 590 quidam
680 512 754 572 hanc
769 511 982 572 androsaemon
996 526 1154 594 vocavere.

160 611 229 653 usus
238 596 354 654 seminis
363 595 398 656 ad
410 595 586 656 ischiadicos
596 598 656 675 poti
669 595 779 657 duabus
789 595 932 656 drachmis
943 593 1153 668 inhydromeli

160 679 197 738 tis
212 679 349 738 sextario.
365 678 459 739 alvom
468 681 564 757 solvit,
579 679 666 740 bilem
677 679 808 740 detrahit.
827 678 953 738 inlinitur
964 677 1177 742 etambnstis.;

119 770 153 826 38
227 761 310 841 (21.)
333 761 455 841 Aphaca
469 765 562 824 tenuia
576 763 726 824 admodum
737 764 808 824 lolia
824 762 921 823 habet.
944 761 1056 840 pusillo
1071 761 1154 821 altior

160 844 298 905 lenticula
314 846 436 925 siliquas
458 848 583 907 maiores
605 847 664 907 lert
683 849 711 906 in
732 846 835 925 quibos
850 856 931 907 terna
948 853 998 906 ant
1014 853 1154 922 quaterna

161 931 269 988 semina
284 939 348 989 sunt
362 932 490 1007 nigriora
509 941 537 990 et
557 931 713 990 madidiora
734 929 880 992 lenticula.
907 930 1039 990 nascitur
1062 930 1092 988 in
1112 946 1153 987 ar-

159 1013 214 1071 uis.
244 1022 344 1072 natura
359 1014 395 1074 ad
409 1014 591 1092 spissandum
603 1015 752 1074 efficacior
763 1031 846 1093 quam
857 1015 928 1074 lenti
940 1011 1076 1089 reliquos
1089 1029 1153 1072 usus

161 1095 281 1155 eosdem
294 1095 390 1157 habet.
425 1098 564 1158 stomachi
579 1099 693 1178 alvique
709 1097 861 1158 fluctiones
884 1099 958 1158 sistit
980 1113 1085 1156 sennen
1110 1095 1183 1156 ders

162 1187 284 1239 coctum.

118 1272 153 1327 39
227 1263 310 1343 (22.)
338 1262 482 1323 Aloibium
503 1264 597 1344 qualis
623 1274 704 1326 esset
727 1265 818 1326 herba
842 1282 899 1328 nou
927 1265 1054 1342 repperi
1082 1262 1157 1343 apud

160 1355 304 1424 auctores,
318 1348 370 1408 scd
384 1347 510 1407 radicem
522 1350 583 1408 eins
603 1359 632 1409 et
646 1349 716 1410 lolia
732 1351 797 1409 trita
813 1348 848 1408 ad
864 1349 1014 1427 serpentis
1031 1364 1158 1407 morsum

159 1429 258 1508 inponi
270 1439 299 1490 et
313 1429 382 1507 hibi,
398 1431 469 1492 iolia
481 1443 615 1512 quantum
628 1452 727 1494 manus
739 1434 833 1512 capiat
846 1432 911 1492 trita
928 1449 994 1492 oum
1011 1432 1073 1490 vini
1086 1432 1158 1490 meri

160 1514 272 1588 cyathis
291 1513 381 1574 tribus
401 1525 449 1575 aut
473 1516 598 1578 radicem
613 1518 810 1578 drachmarum
830 1518 913 1576 trium
934 1515 1072 1595 pondere
1094 1531 1185 1574 cums

159 1599 217 1657 vini
232 1597 333 1658 eadem
349 1617 490 1659 mensura.

116 1691 152 1744 to
223 1681 306 1762 (23.)
327 1682 483 1746 Alectoros
499 1684 615 1763 lophos,
633 1702 707 1764 qnae
723 1685 797 1764 apud
812 1701 867 1744 nos
878 1685 965 1744 crista
979 1683 1100 1758 dicitur,
1115 1681 1157 1742 io

159 1763 196 1826 lla
217 1765 306 1826 liabct
322 1767 424 1826 similia
440 1767 594 1844 gallinacei
608 1770 713 1828 cristae
727 1768 820 1847 plura,
836 1766 948 1828 caulem
962 1775 1095 1842 tenuem,
1113 1783 1156 1825 se·

158 1865 225 1908 men
247 1851 358 1927 nigroni
378 1851 406 1908 in
429 1851 549 1929 siliquis.
579 1852 655 1911 utilis
682 1851 866 1912 tussientibus
888 1859 974 1910 cocta
1001 1868 1070 1910 cum
1090 1849 1157 1909 laba

158 1931 253 2008 fresa,
277 1932 364 1993 mella
386 1932 482 1993 addito
507 1943 536 1995 et
563 1935 678 2011 caligini
706 1936 865 1996 oculorum.
905 1934 1034 1994 solidum
1056 1941 1184 1992 semeatt

159 2016 279 2075 coicitur
294 2017 322 2075 in
338 2016 461 2092 oculum,
476 2036 533 2078 nec
547 2017 652 2093 turbat,
668 2018 722 2079 sed
738 2021 766 2078 in
781 2037 814 2078 se
829 2017 983 2095 caliginem
1000 2017 1157 2092 contrahit,

158 2107 246 2158 mutat
264 2099 392 2158 colorem
409 2109 437 2160 et
457 2119 495 2162 ex
505 2103 589 2179 nigro
605 2100 733 2163 albicare
754 2103 855 2182 incipit
876 2111 905 2162 et
927 2103 1099 2161 intumescit
1124 2117 1158 2162 ac

158 2199 212 2260 per
226 2199 259 2241 se
277 2185 344 2242 exit.

115 2274 149 2328 41
224 2265 254 2325 6.
278 2265 361 2347 (24.)
375 2267 461 2327 illum
472 2284 526 2330 nos
536 2285 685 2345 vocamus,
700 2266 803 2330 Graeci
816 2267 990 2348 symphyton
1003 2277 1155 2346 petraeum

158 2349 252 2409 simile
273 2351 385 2411 cunilae
400 2351 541 2428 bubulae,
559 2352 638 2412 loliis
656 2353 769 2431 parvis,
786 2355 871 2413 ramis
886 2352 979 2413 tribus
1000 2360 1054 2412 ant
1076 2360 1180 2430 quate

159 2442 225 2492 tuor
247 2451 264 2494 a
283 2434 398 2510 radice,
425 2436 618 2496 cacuminibus
640 2437 744 2514 thymi,
768 2437 964 2512 surculosnm,
991 2435 1155 2510 odoratum,

158 2515 243 2576 dulce
259 2527 362 2594 gustu,
382 2519 500 2578 saliuam
517 2520 618 2596 ciens,
639 2521 738 2580 radice
753 2519 842 2597 longa
855 2519 949 2579 rutila.
979 2521 1115 2580 nascitur
1130 2521 1156 2578 iu

159 2603 251 2679 petris
271 2601 338 2662 ideo
362 2611 510 2681 petraeum
534 2605 779 2681 cognominatum,
803 2604 982 2664 utilissimum
1000 2603 1154 2678 lateribus,

156 2683 283 2760 renibus,
298 2686 475 2764 torminibus,
494 2689 617 2765 pectori,
633 2686 831 2767 pulmonibus,
847 2688 1016 2763 sangninem
1030 2689 1155 2747 reicien-

157 2767 244 2844 tibus,
259 2766 390 2829 iaucibus
406 2771 528 2847 asperis.
554 2769 659 2831 bibitur
669 2771 752 2832 radix
762 2771 827 2831 trita
844 2781 873 2831 et
887 2773 915 2831 in
932 2773 1002 2831 vino
1017 2770 1179 2846 decoctas

115 2859 151 2914 st
163 2859 192 2909 et
206 2849 357 2929 aliquando
376 2853 570 2932 superlinitnr.
608 2855 675 2932 quin
697 2863 726 2915 et
741 2854 965 2914 conmanducata
979 2855 1060 2914 sitim
1074 2854 1154 2915 sedat

158 2935 372 3013 praecipueque
388 2936 550 3015 pulmonem
564 2938 729 3016 refrigerat.
752 2938 857 2999 luxatis
875 2956 992 3017 qnoque
1007 2939 1155 3018 inponitur

159 3025 189 3077 et
209 3018 367 3094 contunsis,
382 3019 451 3080 lenit
467 3022 624 3081 interanea.
649 3022 743 3082 alvom
754 3023 830 3082 sistit
845 3031 930 3082 cocta
944 3025 973 3081 in
989 3023 1093 3082 cinero
1108 3022 1153 3081 de·

157 3102 314 3179 tractisque
339 3102 477 3164 iolliculis
499 3106 566 3163 trita
586 3123 649 3164 cum
673 3108 782 3184 piperis
802 3107 901 3182 granis
923 3123 1032 3168 novem
1064 3115 1095 3166 et
1119 3123 1154 3164 ex

159 3201 232 3262 aqua
247 3193 325 3263 pota.
356 3184 525 3247 uolneribus
538 3187 671 3248 sanandis
692 3198 769 3249 tanta
783 3189 959 3266 praestantia
974 3199 1022 3249 est
1041 3199 1074 3250 ut
1095 3201 1177 3249 car-tt

158 3269 203 3328 nis
222 3283 354 3346 quoque,
373 3268 437 3327 dum
454 3279 607 3348 cocuntur,
624 3270 804 3349 conglutinet
821 3271 932 3348 addita,
953 3272 1032 3333 unde
1052 3272 1153 3334 Graeci

116 3359 151 3416 43
162 3368 264 3411 nomen
279 3353 443 3428 inposuere.
475 3353 722 3434 ossibnstpuoque
734 3355 834 3416 tractis
849 3355 989 3418 medetur.
1024 3357 1055 3418 7.
1072 3356 1152 3435 (25.)

159 3433 235 3509 Alga
249 3432 312 3494 rufa
328 3433 513 3514 scorpionum
527 3437 640 3498 ictibus.
