2508 3924
360 215 447 280 usn.
464 232 555 288 ursn.
570 239 694 313 xxvur.
711 237 753 294 19.
769 227 842 310 (77.)
1035 231 1096 296 203

339 385 442 442 ortus
462 401 619 472 evocetur,
640 413 697 456 nee
716 395 801 457 aliter
821 395 988 475 adhibetur,
1009 415 1098 478 quon·

387 470 465 533 ’.λιιι
486 485 582 538 necat.
617 478 745 540 eiusdem
765 481 894 542 animalis
908 482 1001 541 fimum
1015 485 1040 542 si
1053 499 1098 542 re·

453 561 512 622 'via
526 563 673 640 sauguinis
694 565 765 623 mire
783 563 887 624 sedare
902 565 1022 642 dieitur,
1043 583 1100 626 nec

501 645 548 722 ui,
564 648 612 723 qni
633 654 663 706 et
681 647 786 708 volvae
807 648 927 727 prodest
945 649 1097 728 inpositus.

564 728 612 788 llll
629 731 708 810 prius
721 747 803 807 quarn
820 733 940 811 primum
959 737 1079 792 uahean·
1089 741 1141 797 252

596 831 649 874 aus
664 815 773 874 cervini
788 814 924 892 decocto,
939 816 1057 894 arelius,
1073 819 1098 876 si

636 900 682 969 'po
703 899 833 959 iuvantur
848 899 954 958 volvae
974 899 1098 960 colutae.

692 980 760 1040 *heu
778 999 870 1060 equae
886 1000 903 1041 e
921 982 998 1042 dulci
1012 991 1099 1061 potus

734 1065 799 1124 'um
820 1065 930 1126 Volvas
945 1066 1098 1144 prociden-

699 1167 725 1207 m
746 1147 966 1228 volvamaperit
986 1148 1028 1210 iel
1047 1149 1098 1209 ltu·

640 1250 710 1292 ‚rere
724 1249 788 1290 oum
801 1234 895 1293 rosina
907 1231 1098 1292 terebinthina

605 1333 622 1374 e
639 1331 718 1374 mare
732 1314 810 1374 hove
824 1315 1002 1395 procidentis
1016 1316 1078 1376 vol·
1089 1326 1141 1382 25³

535 1399 591 1473 ari,
615 1406 777 1476 conceptus
794 1415 865 1460 vero
881 1399 995 1460 vaccini
1015 1399 1098 1459 lactis

481 1497 548 1540 atus
563 1481 717 1542 vexatione
732 1482 795 1542 lieri
817 1490 926 1542 certum
945 1491 1000 1542 est.
1023 1483 1098 1542 hauc

437 1563 570 1624 thebana
590 1563 719 1625 adfirmat
739 1565 810 1624 ielle
834 1569 946 1624 taurino
968 1574 998 1626 et
1011 1566 1098 1644 adipe

373 1647 490 1722 ,rugine
505 1665 540 1708 ac
554 1647 640 1708 melle
653 1647 803 1708 medicatis
818 1647 892 1708 locis
913 1658 979 1711 aute
994 1651 1111 1708 coitus·
1180 1655 1182 1660 '

323 1748 400 1809 tque
421 1729 465 1790 iel
477 1731 506 1789 in
527 1729 744 1808 purgationibus
761 1729 814 1790 sub
834 1731 911 1792 coitu
927 1731 1098 1810 adspersum

271 1834 314 1874 am
336 1815 470 1876 duritiam
495 1814 603 1874 ventris
624 1813 734 1874 emollit
760 1822 789 1874 et
809 1814 979 1892 prolluvium
999 1817 1098 1876 minuit

218 1925 239 1954 ,s
256 1907 401 1974 peruncto
418 1906 504 1976 atque
519 1897 547 1957 in
567 1905 657 1956 toturn
677 1897 782 1957 volvae
803 1897 932 1976 prodest.
964 1900 1139 1964 modumtte

118 1953 229 2032 ’ΜΕ
247 1975 328 2041 fellis
349 1981 481 2062 pondera
495 1981 604 2056 denari,
625 1981 674 2058 opi
693 1983 806 2042 tertiam
821 1981 946 2042 admixto
962 1973 1103 2059 amygnal

88 2047 117 2096 ³¹⁰
128 2030 246 2121 uMeo
263 2074 401 2140 quantum
418 2083 485 2126 esse
501 2065 569 2124 satis
586 2063 734 2142 adpareat,
752 2064 826 2124 haec
842 2066 870 2124 in
886 2065 998 2125 vellere
1014 2068 1096 2144 iupo-

82 2128 227 2230 uuulQ‚'
245 2149 369 2210 masculi
386 2148 427 2209 iel
443 2147 524 2207 vituli
539 2165 603 2207 cunr
617 2147 712 2206 mellis
729 2147 844 2208 dimidio
859 2151 954 2208 tritum
966 2158 1098 2210 servatur

86 2213 159 2280 ll*
176 2231 272 2294 ulvas.
299 2231 422 2294 Carnem
434 2231 516 2291 vituli
529 2233 554 2291 si
570 2249 634 2291 cnm
646 2231 834 2292 aristolochia
845 2233 998 2292 inassatam
1011 2233 1098 2292 edant
1226 2264 1231 2272 ι

95 2305 193 2382 lima
205 2327 384 2396 conceptum,
400 2333 507 2375 marem
520 2317 660 2392 parituras
673 2316 849 2393 promittuut.
879 2316 1003 2377 medulla
1015 2315 1096 2376 vituli

78 2395 126 2466 cli
151 2408 221 2470 viuo
242 2409 271 2462 et
296 2419 369 2480 aqua
393 2400 514 2460 decocta
538 2415 600 2456 cum
621 2397 693 2458 sebo
753 2397 977 2458 ulcerationihns
997 2399 1096 2458 volva·

103 2503 177 2557 tntu
191 2487 309 2570 inposita
322 2483 459 2564 prodest,
481 2482 549 2540 item
569 2480 652 2558 adips
672 2498 710 2540 vo
724 2483 801 2559 pium
824 2491 1096 2559 excrementumque

105 2571 219 2651 lelium,
234 2572 291 2632 hoc
304 2587 367 2630 curn
382 2565 477 2627 resina
493 2571 522 2622 et
529 2580 653 2624 rosaceo
664 2564 827 2640 inpositum.
849 2563 974 2643 caprino
988 2581 1077 2624 cornu
1086 2575 1138 2629 255

113 2665 202 2730 satiri
218 2655 328 2719 volvam
343 2649 520 2712 utilissimum
536 2655 642 2725 putant.
673 2647 845 2706 silvestrium
867 2665 1017 2724 caprarum
1031 2665 1094 2706 san·

110 2755 177 2832 puts
191 2759 253 2808 eunt
274 2737 368 2817 palma
389 2733 496 2793 mariun
515 2731 591 2808 pilos
616 2730 756 2807 detrahit,
783 2740 942 2791 ceterarum
962 2747 1034 2790 vero
1054 2730 1096 2792 iel

80 2839 215 2902 „mltum
228 2823 375 2884 volvarum
398 2815 507 2876 emollit
528 2816 690 2893 inspersum
706 2823 735 2872 et
756 2832 772 2873 a
795 2813 967 2892 purgatione
991 2831 1094 2874 couce-

127 2933 177 2986 ω,
192 2909 271 2977 iacit.
307 2905 350 2965 sic
367 2916 483 2980 quoque
499 2899 613 2976 psilotri
628 2898 673 2957 vis
687 2898 822 2976 eflicitur,
841 2897 950 2956 evolsis
960 2897 1033 2976 pilis
1047 2899 1096 2956 tri·

100 3011 165 3074 duo
180 3001 310 3062 servatur
331 2987 447 3048 inlitum.
478 2980 649 3060 profluvium
670 2981 799 3058 quamvis
819 2983 977 3042 inmensum
995 2982 1095 3042 urinae
1124 2987 1129 2994 '

100 3101 217 3172 cappae
234 3084 304 3158 potu
327 3070 388 3130 sisti
401 3065 582 3145 ¹obstetrices
598 3065 781 3144 promittunt,
800 3071 830 3124 et
845 3065 869 3124 si
885 3065 979 3125 limum
994 3065 1094 3125 inlina-

98 3190 161 3242 tur,
198 3158 361 3226 membrana
382 3167 531 3229 caprarum
556 3151 585 3208 iu
611 3167 664 3228 qua
692 3157 791 3226 partus
817 3146 910 3208 editur
936 3149 1095 3208 inveterata
1202 3153 1205 3158 '

57 3289 88 3330 ³⁵
124 3265 240 3331 nmque
262 3248 371 3318 sumpta
392 3236 421 3294 in
444 3234 510 3292 vino
536 3232 677 3292 secundas
697 3231 789 3310 pellit.
821 3230 983 3292 Haedorunr
1007 3231 1074 3311 pilis
1085 3241 1137 3296 256

97 3283 203 3410 {niori
216 3328 319 3390 volvas
335 3319 402 3380 utile
420 3326 517 3394 putant
532 3326 561 3376 et
579 3317 607 3375 iu
620 3315 762 3394 prolluvio
778 3316 926 3393 sanguinis
942 3315 1096 3391 coagulum

94 3428 163 3494 bibi
191 3423 240 3478 aut
258 3401 424 3484 hyoscyami
440 3417 538 3460 semen
553 3401 660 3478 inponi.
691 3399 716 3460 E
732 3399 809 3460 hove
830 3399 955 3458 silvestri
971 3401 1055 3475 nigro
1070 3399 1095 3458 si

94 3503 251 3586 „nguine
268 3491 349 3554 ricini
366 3483 452 3549 lumbi
467 3487 681 3563 perunguantur
693 3483 830 3561 mulieri,
841 3483 965 3544 taedium
980 3483 1095 3542 veneris

1225 3487 1245 3562 l
