2396 3922
261 162 673 272 aur.n1sn.xxvn.o.io.
689 201 837 284 (ts—so.)
984 202 1048 266 143

39 369 184 447 densior,
200 369 280 431 loliis
291 367 327 452 ad
341 368 468 430 radioem
481 369 680 432 oanelioulatn.
700 369 849 449 utriusque
862 369 961 432 redioe
977 387 1046 432 sues
1056 381 1091 436 79

39 457 262 534 pinguesount‚
284 452 354 514 iolia
374 454 522 533 utriusque
537 455 676 516 lateribus
694 455 826 532 pinnata,
848 453 922 516 unde
944 470 1049 516 nomen

38 537 157 600 Graeci
174 538 340 616 inposuere.
372 537 487 598 radioes
506 540 653 616 utriusque
674 537 781 615 longae
798 539 825 597 in
844 537 986 614 oblicum,
1006 538 1047 598 ni·

38 639 133 701 grae,
152 622 314 701 praecipue
330 622 555 682 onm'inaruere.
581 623 686 682 siooari
703 630 795 682 autem
813 639 865 684 eos
879 622 944 684 sole
959 638 1047 701 opor·

16 713 98 766 utet.
131 713 290 766 naseuntur
302 705 427 783 ubique,
447 705 500 766 sed
514 723 644 767 maxume
659 705 764 782 frigido
780 705 856 766 solo.
886 705 975 766 eliodi
994 705 1044 766 de·

40 789 120 849 bent
140 789 274 866 vergiliis
288 788 498 851 occidentibus.
526 809 595 851 usus
620 789 728 851 radiois
748 789 777 848 in
798 790 911 849 trimatu
931 798 1047 865 tautum,

40 889 147 952 neque
168 881 235 934 ante
256 891 312 933 neo
332 882 444 953 posteo.
472 872 582 953 pellunt
607 875 820 940 interaneorum
838 873 985 948 animalia,
1009 891 1049 933 ex

40 957 91 1017 bis
107 959 222 1017 taenias
237 975 299 1016 oum
311 957 409 1032 melle,
426 966 524 1018 oetera
535 976 574 1018 ex
584 959 651 1019 vino
661 956 737 1018 duloi
748 956 842 1017 triduo
856 965 950 1036 potae.
972 965 1047 1016 ntra-

41 1059 106 1120 qne
121 1041 275 1101 stomacho
285 1041 472 1102 inutilissima.
503 1042 598 1102 alvom
612 1042 700 1101 solvit
713 1043 805 1119 primo
820 1039 908 1100 bilem
919 1039 1047 1117 trahens,

8 1139 33 1182 m
40 1141 117 1185 mox
135 1141 249 1204 aquam,
264 1125 367 1185 melius
383 1127 495 1185 taenias
509 1144 573 1186 oum
582 1126 742 1188 scammoni
756 1124 819 1204 pari
833 1108 974 1203 pondere.
1003 1133 1090 1189 ιιι-80

40 1209 97 1268 dix
121 1209 186 1268 eius
205 1209 339 1287 pondere
361 1208 445 1269 duum
465 1208 616 1270 obolorum
640 1227 678 1270 ex
702 1225 776 1286 aqua
797 1216 866 1288 post
886 1209 968 1268 unius
989 1207 1047 1268 diei

40 1291 252 1352 abstinentiam
264 1291 381 1370 bibitur,
397 1292 485 1353 melle
498 1302 686 1371 praegustato
702 1301 802 1353 eontra
816 1291 1046 1353 rheumatismos.

40 1385 151 1436 neutra
167 1375 259 1436 danda
274 1375 457 1453 mulieribus,
480 1378 613 1456 qnoniam
627 1376 756 1454 gravidis
771 1375 916 1452 abortum,
939 1377 1046 1436 oeteris

1 1499 2 1502 =
41 1460 232 1520 sterilitatem
247 1460 326 1520 iaoit.
358 1459 449 1520 farina
465 1477 563 1520 earum
577 1459 726 1521 uloeribus
740 1459 841 1520 taetris
858 1459 1045 1538 inspergitur,

7 1545 239 1604 uinmentorum
257 1561 374 1622 quoque
394 1544 567 1605 oerrioibus.
596 1544 668 1605 lolia
687 1544 818 1604 oimioem
839 1552 960 1620 nonant,
984 1561 1046 1602 ser-

40 1635 171 1706 pentem
186 1644 244 1687 non
257 1628 410 1707 recipiunt,
425 1627 493 1687 ideo
510 1627 654 1688 substerni
669 1627 739 1688 utile
751 1634 797 1686 est
812 1627 841 1685 in
855 1626 929 1686 loeis
944 1644 1046 1705 suspe-

42 1711 114 1788 etis,
131 1718 216 1770 ustae
232 1711 316 1770 etiam
331 1711 432 1788 fugant
449 1710 560 1771 nidore.
591 1712 692 1772 leoere
713 1709 817 1770 medici
831 1709 915 1770 buius
930 1728 1046 1788 quoque
1101 1760 1104 1767 .

40 1794 159 1854 herbae
182 1794 353 1873 discrimen,
382 1803 497 1873 optumo
517 1794 705 1857 Macedonica
732 1802 795 1870 est,
822 1793 950 1856 seeundo
974 1792 1044 1854 Gas-

42 1880 92 1938 sio
116 1879 172 1938 ioa.
982 1908 984 1912 .

9 1989 33 2029 m
95 1898 196 2040 p(56.)
219 1960 324 2022 Femur
343 1961 479 2023 bubulum
500 1962 662 2042 appellatur
682 1961 773 2025 herba
793 1962 894 2022 nervis
923 1970 952 2022 et
971 1961 1042 2040 ipsis
1053 1972 1086 2027 81

41 2044 128 2106 utilis
144 2063 247 2104 reeens
263 2047 291 2106 in
309 2053 394 2106 aoeto
411 2063 447 2106 ao
463 2047 526 2108 sale
542 2048 617 2107 trito.

110 2129 198 2208 (57.)
219 2129 373 2208 Galeopsis
387 2139 446 2205 aut,
464 2139 495 2189 ut
508 2130 565 2206 olii,
581 2129 783 2207 galeobdolon
796 2131 845 2192 rel
862 2131 963 2209 galion
978 2147 1045 2190 oau-

42 2213 105 2273 lem
123 2221 155 2271 et
173 2211 244 2272 lolia
261 2211 349 2272 babet
369 2216 479 2276 nrtioee
500 2205 613 2274 leviora
635 2222 665 2274 et
687 2231 761 2292 quae
782 2233 903 2293 gravem
924 2214 1045 2275 odorem

42 2299 112 2357 trita
128 2296 261 2374 reddant,
278 2297 351 2356 dore
367 2314 525 2377 purpureo.
550 2298 677 2357 nascitur
692 2297 769 2358 oiroa
787 2317 894 2377 saepes
909 2316 945 2360 eo
959 2298 1043 2358 semi·

7 2403 33 2446 ao
44 2391 92 2441 tas
109 2379 228 2460 ubique.
250 2381 319 2442 lolio
333 2381 490 2460 caulesque
506 2379 623 2441 duritias
640 2389 670 2440 et
686 2382 876 2442 oaroinornata
889 2390 990 2442 sanant
1007 2399 1045 2440 ex

43 2473 133 2526 aoeto
148 2465 214 2525 trita
229 2473 261 2525 et
272 2466 412 2544 inposita,
426 2467 496 2524 item
509 2472 641 2524 strumas.
669 2482 778 2543 panos,
790 2465 938 2544 parotidas
950 2465 1043 2525 disou·

41 2551 128 2608 tium.
170 2566 209 2608 ex
234 2567 288 2608 usu
308 2557 365 2622 est¹
382 2557 412 2610 et
433 2547 575 2608 deoootae
599 2565 670 2608 suno
696 2549 809 2608 lovere.
830 2550 1044 2628 *putreseentio

42 2649 166 2712 quoque
183 2640 211 2690 et
225 2649 407 2709 gangraenas
421 2640 503 2692 sanat
518 2650 581 2692 oum
597 2631 669 2690 sale.

109 2715 196 2794 (58.)
218 2715 309 2776 Gloux
327 2716 481 2794 antiquitus
502 2716 676 2793 eugalooton
696 2713 870 2791 venabatur,
893 2715 987 2790 optiso
1012 2724 1041 2775 et
1050 2727 1086 2781 82

9 2799 204 2860 solentioulae
224 2799 302 2860 loliis
323 2799 440 2876 similis,
463 2816 567 2860 auersa
589 2797 762 2859 candidiora.
799 2799 869 2858 rami
888 2800 916 2857 in
937 2807 1066 2874 terram,

44 2891 169 2962 serpunt
181 2884 258 2962 quini
273 2884 337 2943 seni
358 2881 508 2944 admodum
524 2892 636 2944 tennes.
664 2881 793 2941 aradioe
807 2881 921 2942 llosouli
938 2899 1043 2961 purpu-

42 2968 88 3026 rei
104 2975 223 3028 exeunt.
260 2968 404 3027 invenitur
420 2967 498 3028 iuxta
515 2985 604 3028 mare.
634 2967 766 3044 coquitur
785 2967 814 3024 in
829 2965 989 3026 sorbitione
1006 2966 1043 3025 si·

44 3050 192 3128 milaginis
207 3050 243 3110 od
259 3050 440 3112 exaltandum
457 3051 617 3112 ubertatem
632 3051 725 3110 luetis.
754 3067 817 3109 eam
833 3051 882 3128 qui
896 3049 1043 3110 hauserint

44 3133 170 3194 balineis
186 3136 228 3193 uti
243 3136 388 3195 convenit.
592 3182 595 3194 .

11 3233 36 3274 ou
108 3218 159 3278 10.
180 3219 263 3297 (59.)
288 3218 428 3279 Glauoion
442 3219 470 3278 in
486 3219 569 3294 Syria
583 3225 615 3277 et
631 3216 746 3278 Parthia
762 3219 905 3293 numitor,
929 3216 1086 3283 bumilis83

44 3301 137 3362 herba
160 3302 259 3362 densis
279 3302 359 3362 loliis
373 3302 445 3363 iere.
459 3304 630 3381 papaueris,
655 3300 814 3363 minoribns
835 3312 931 3363 tamen
947 3301 1040 3360 sordi·
1111 3315 1115 3324 ¹

46 3384 252 3464 moribusque,
280 3385 377 3448 odoris
397 3387 498 3461 taetri,
528 3395 627 3464 gustus
648 3387 735 3446 amari
755 3403 819 3446 oum
844 3383 1040 3446 adstriotione.

44 3485 165 3547 manum
184 3468 272 3530 babet
288 3471 386 3532 orooei
403 3471 521 3531 eoloris.
549 3471 606 3530 boo
625 3471 654 3530 in
677 3469 736 3530 olla
751 3470 830 3530 dotili
846 3470 905 3530 luto
923 3469 1041 3528 oiroum·
