2504 3930
152 230 216 295 232
506 243 537 292 c.
553 244 649 292 remu
665 241 815 292 suenum
882 212 899 256 ’

110 409 161 463 litt
171 400 200 457 iu
216 396 338 458 linteolo
351 397 450 476 inponi
469 398 627 458 contunsis.
666 396 724 457 hoc
743 413 860 476 quoque
879 397 982 458 animal
1002 397 1078 458 inter
1093 417 1147 478 pu·

150 479 243 542 dende
261 489 321 555 est,
346 479 400 540 sed
415 490 536 560 propter
558 480 773 542 admirationem
793 490 911 542 naturae
925 483 1146 561 priscorumque

151 581 238 625 curae
255 573 345 624 totum
361 565 390 622 in
407 564 465 624 boc
480 564 549 624 loco
571 563 783 642 explicandum.
814 565 896 644 plura
917 583 1014 626 earum
1034 584 1145 642 genera

148 649 295 708 iecerunt:
321 643 435 722 mollis,
455 666 527 726 quas
542 649 570 707 in
593 648 661 708 oleo
680 648 817 709 decoctas
836 649 967 710 verrucis
984 648 1145 710 efficaciter

17 719 23 732 ⁶
107 741 157 795 141
170 731 250 792 inlini
270 733 385 809 experti
406 741 480 791 suut.
522 731 643 792 alterum
657 750 751 809 genus
776 732 931 807 myloecon
951 731 1166 812 appellaveres

149 816 228 876 eirca
248 814 342 874 molas
360 815 424 874 iere
440 833 573 876 nascens.
602 815 647 874 his
664 818 759 895 capite
773 815 904 876 detracto
917 817 1029 876 attritas
1046 813 1159 894 lepias'

148 916 268 958 sanasse
289 899 436 959 Musaeum
458 908 564 977 pycten
585 900 613 958 iu
636 899 779 979 exemplis
798 899 987 978 reliquerunt.
1031 901 1148 959 tertium

147 999 240 1059 genus
257 991 286 1042 et
301 982 400 1042 odoris
415 983 510 1042 taedio
522 983 653 1058 invisum,
671 992 793 1042 exacuta
806 983 901 1058 clune,
918 1000 981 1042 oum
995 983 1146 1060 pisselaeo

147 1082 252 1134 sanare
267 1065 366 1126 ulcera
381 1066 453 1126 alias
468 1065 646 1144 insanabilia,
661 1069 799 1142 strumas,
815 1082 907 1145 panos
923 1065 1024 1127 diebus
1041 1066 1147 1143 viginti

146 1166 204 1208 uno
220 1151 377 1228 inpositas,
396 1167 554 1228 percussa,
575 1159 711 1210 contunsa
727 1158 756 1208 et
773 1149 930 1226 cacoethc,
952 1150 1082 1210 scabiem
1103 1151 1180 1212 iuss

145 1233 344 1311 runculosque
361 1234 503 1300 detractis,
516 1232 639 1311 pedibus
655 1243 685 1294 et
699 1235 809 1312 pinnis,
832 1251 886 1294 uos
904 1234 979 1296 baec
994 1236 1081 1294 etiam
1096 1251 1145 1293 au·
1249 1297 1251 1306 ,

103 1325 157 1380 142
169 1315 227 1376 dita
241 1315 410 1376 fastidimus.
446 1326 492 1392 at,
510 1317 669 1394 Hercules,
689 1317 835 1393 Diodorus
852 1327 881 1378 et
895 1318 925 1376 iu
940 1317 1044 1377 morbo
1058 1319 1146 1394 regio
1227 1380 1230 1388 ,

146 1408 176 1460 et
191 1397 392 1478 orthopnoicis
408 1419 441 1459 se
455 1400 482 1459 id
499 1399 615 1460 dedisse
627 1402 711 1461 tradit
726 1419 789 1460 eum
800 1403 895 1460 resina
912 1411 941 1460 et
955 1401 1054 1460 melle.
1084 1410 1146 1460 tan-

23 1514 28 1523 1
145 1492 204 1542 tum
220 1485 372 1561 potestatis
387 1481 475 1542 habet
495 1501 530 1542 ea
545 1501 593 1544 ars
613 1501 667 1562 pro
683 1484 890 1544 medicamento
905 1484 990 1545 daudi
1006 1483 1146 1562 quidquid

145 1566 226 1626 velit.
257 1566 450 1627 humanissimi
465 1585 564 1627 eorum
576 1569 701 1628 cinerem
718 1577 905 1630 crematarum
919 1569 1093 1628 servendum
1108 1567 1144 1628 ad
1155 1585 1180 1626 tt

42 1692 50 1699 -
144 1650 200 1709 hos
218 1669 286 1710 usus
303 1651 332 1709 iu
348 1668 455 1710 cornea
472 1649 579 1729 pyxide
596 1668 737 1712 censuere
752 1660 799 1712 eut
813 1654 895 1711 tritas
910 1652 1087 1727 clysteribus
1105 1654 1146 1710 iu-

144 1734 305 1794 lundendns
322 1734 521 1813 orthopnoicis
537 1742 583 1794 aut
595 1735 788 1796 rheumaticis.
807 1736 893 1795 iniixa
909 1737 1008 1813 utique
1024 1736 1147 1815 corpori

102 1827 154 1882 143
164 1818 260 1878 inlitas
282 1815 436 1877 extrahere
459 1827 580 1878 constat.
609 1819 669 1879 Mel
691 1819 867 1878 utilissimum
888 1819 1004 1880 auribus
1027 1837 1147 1898 quoque

145 1911 191 1961 est
205 1903 232 1960 iu
256 1919 312 1979 quo
328 1918 400 1979 apes
420 1902 577 1961 inmortuae
597 1903 662 1962 siut.
691 1902 840 1962 Parotidas
861 1904 1012 1980 conprimit
1036 1904 1145 1964 colum·

144 1984 241 2044 binum
256 1994 369 2044 stercus
385 1985 432 2044 vel
448 2003 502 2062 per
517 2003 550 2044 se
571 1985 618 2044 vel
634 2003 696 2045 oum
714 1986 804 2046 farina
825 1986 989 2048 hordeacea
1012 1996 1060 2047 aut
1077 2003 1181 2047 avenn

146 2086 250 2143 necea,
268 2077 391 2127 noctuae
408 2067 559 2126 cerebrum
573 2068 621 2128 vel
637 2070 718 2129 iecur
730 2087 793 2129 eum
807 2070 874 2132 oleo
891 2070 1014 2130 infusum
1030 2073 1145 2131 auricu-

145 2150 191 2210 lae
204 2170 220 2211 a
235 2151 377 2228 parotide,
392 2150 549 2228 multipeda
562 2168 625 2210 eum
634 2155 747 2214 resinae
759 2154 844 2214 tertie
855 2162 937 2232 parte
952 2153 1041 2230 tutta,
1054 2153 1146 2230 grylli

147 2235 212 2293 sive
226 2234 297 2293 inliti
316 2235 377 2292 sive
392 2233 548 2310 adalligati.
584 2233 624 2294 At
643 2237 756 2316 reliqua
770 2237 934 2296 morborum
954 2255 1066 2315 genera
1083 2255 1145 2296 me·

146 2317 313 2396 diciuasque
326 2335 364 2376 ex
378 2317 479 2376 iisdem
490 2317 660 2378 animalibus
671 2330 719 2381 aut
731 2320 857 2400 eiusdem
872 2323 991 2398 generis
1007 2322 1145 2400 sequenti

146 2401 274 2462 dicemus
292 2401 448 2462 volumine.
667 2467 669 2474 s
1155 2412 1182 2452 ²⁵

526 2619 719 2630 ——-—-—.

389 2781 597 2868 lll'llNl
622 2785 858 2870 delllllll

193 2949 599 3080 ddlllllhlll
641 2952 1022 3100 lllltltlll

456 3131 784 3198 unssunxxx.

544 3295 696 3310 fl*

113 3403 132 3459 1
210 3393 282 3473 Gap.
296 3397 324 3455 1.
347 3397 501 3474 (Sectl.)
523 3398 654 3474 Megicas
669 3400 810 3460 vanitates
827 3399 942 3478 saepius
956 3396 1073 3476 quidem
1090 3415 1141 3458 au·

142 3477 296 3538 incedente
318 3480 415 3557 operis
436 3489 535 3558 parte,
556 3480 728 3562 ubicumque
745 3500 850 3544 causae
869 3483 1008 3560 locusque
1031 3497 1140 3560 posce·
