2396 3900
158 265 198 326 64
503 261 534 308 C.
549 256 645 306 PLINI
661 249 810 302 socnam

158 428 216 490 culi
230 432 375 506 petuntur.
408 419 483 478 oleis
498 416 576 476 circa
591 409 685 471 media
697 422 796 479 sucus,
812 400 879 461 inde
896 405 926 457 et
936 389 1059 454 surculi.
1077 403 1162 447 cacu-

117 524 169 580 104
179 514 254 573 mina
268 510 374 570 sitiunt.
400 501 537 564 iacillim
553 495 722 556 coalescunt
737 487 840 568 quihus
855 480 959 542 sadran
977 472 1102 535 corticis
1115 487 1163 528 na·

158 608 222 658 tura
243 608 375 672 quaeque
403 587 512 666 pariter
533 579 665 642 florentia
686 572 816 635 eiusdem
840 566 932 627 horae
955 558 1164 636 cognationem

160 693 351 755 sucorumque
367 673 537 732 societatem
552 664 669 726 habent.
698 659 776 720 lenta
790 672 840 714 res
854 659 916 726 est,
941 644 1082 725 quotiens
1097 639 1163 698 umi-

161 767 205 824 dis
221 767 384 840 repugnant
398 756 489 828 sicca,
505 749 640 811 mollibus
656 744 795 806 corticum
816 737 889 798 duri.
922 731 1040 808 reliqua
1063 724 1184 785 obser-t

161 849 240 907 vatio
252 864 288 904 ne
300 845 403 903 iissura
411 843 439 899 in
450 838 527 898 nodo
538 835 586 894 liat
598 865 643 876 -
656 826 789 907 repudiat
802 822 912 900 quippe
926 815 1074 876 aduenam
1087 807 1164 867 iulro-

164 930 276 1010 spitalis
293 927 412 1001 duritia,
427 957 469 969 -
485 929 515 980 ut
531 921 560 978 in
580 923 664 996 parte
685 908 870 979 nitidissima,
894 921 932 963 ne
951 897 1076 973 longior
1097 889 1165 951 mul·

121 1028 171 1080 105
184 1025 213 1076 to
235 1012 326 1072 tribus
342 1010 456 1087 digitis,
479 1023 516 1064 ne
539 1001 673 1079 obliqua,
693 1014 731 1055 ne
751 989 945 1054 translucens.
974 977 1129 1057 Vergilius
1150 993 1165 1033 e

164 1098 312 1160 cacumine
338 1093 427 1153 inseri
452 1096 547 1162 vetat,
576 1093 744 1159 certumque
774 1084 820 1136 est
842 1073 880 1134 ab
902 1069 1012 1130 umeris
1030 1061 1166 1124 arborum

165 1184 305 1244 orientem
320 1179 460 1238 aestirom
475 1167 676 1251 spectantibus
686 1161 821 1226 surculos
836 1153 994 1236 petendos,
1011 1158 1043 1209 et
1060 1166 1077 1207 e
1093 1147 1165 1206 iera·
1174 1155 1192 1200 tt

166 1267 247 1327 cibus
263 1272 293 1323 et
308 1282 324 1322 e
341 1261 472 1339 germine
484 1255 620 1327 novello,
638 1251 692 1310 nisi
707 1245 845 1307 vetustati
859 1239 975 1302 arboris
992 1237 1164 1294 inserantur.

164 1353 184 1410 ii
201 1350 275 1408 enim
290 1346 471 1406 robustiores
482 1357 550 1400 esse
562 1336 679 1398 debent.
702 1329 856 1412 praeterea
867 1335 897 1386 ut
908 1327 1103 1402 praegnates,
1115 1314 1166 1373 hoc

168 1443 212 1494 est
226 1431 419 1510 gemmatione
431 1433 580 1502 turgentes
594 1429 624 1480 et
640 1419 688 1496 qui
702 1432 807 1495 parere
818 1411 870 1472 illo
883 1403 1075 1488 speraverint
1086 1413 1165 1471 anno,

125 1529 176 1582 106
187 1517 254 1577 bimi
268 1515 367 1595 ntique
381 1530 437 1571 neo
452 1510 601 1570 tenuiores
617 1503 707 1579 digito
723 1501 858 1559 minumo.
890 1495 1061 1552 inseruntur
1077 1492 1166 1546 autem

168 1612 197 1662 et
212 1601 336 1673 inversi,
354 1615 416 1657 curn
437 1595 466 1654 id
483 1593 576 1669 agitur
597 1597 627 1647 ut
644 1589 735 1646 minor
751 1579 871 1643 altitudo
892 1579 922 1637 in
937 1571 1120 1636 latitudinem
1136 1573 1192 1624 seit

168 1685 275 1746 fundat.
306 1690 373 1742 ante
385 1679 479 1740 omnia
491 1672 662 1753 gemmantis
676 1671 769 1730 nitere
785 1663 951 1736 conveniet,
967 1655 1041 1716 nihil
1055 1667 1166 1731 usquam

169 1771 334 1829 ulcerosum
357 1782 425 1824 esse
449 1771 497 1822 aut
518 1755 700 1819 retorridum.
732 1751 797 1830 spei
819 1749 900 1808 iaret
915 1741 1048 1804 medulla
1072 1733 1166 1799 calami

171 1852 387 1921 commissurae,
405 1847 428 1906 si
444 1848 473 1904 in
488 1852 580 1902 matre
595 1841 665 1916 ligni
680 1836 858 1912 corticisque
874 1833 1021 1906 iungatur.
1057 1821 1087 1882 id
1101 1818 1168 1879 enirn

171 1936 258 1994 satius
275 1951 358 2011 quarn
374 1931 446 1990 ioris
462 1927 563 1986 cortici
579 1922 706 2000 aequari.
738 1917 841 1978 calami
862 1912 1000 1974 exacutio
1018 1903 1167 1968 medullam

168 2035 206 2075 nc
221 2017 317 2075 nudet.
332 2024 428 2075 tamen
438 2010 516 2071 tenui
530 2007 625 2068 tistula
636 2005 765 2081 detegat,
774 2011 805 2061 ut
816 1997 964 2074 iastigutio
979 1993 1192 2055 levidesceu-tt

170 2101 218 2158 dat
234 2115 326 2157 cunco
343 2096 435 2156 tribus
447 2111 504 2154 non
525 2091 666 2170 ampliore
685 2087 793 2164 digitis,
806 2082 885 2163 quod
899 2078 1042 2140 iacillime
1064 2072 1165 2135 contin·

127 2191 177 2246 107
185 2183 227 2257 git
239 2182 356 2241 tinctum
368 2198 442 2258 aqua
453 2176 630 2238 radentibus.
648 2191 684 2232 ne
697 2177 855 2231 exacuatur
866 2168 895 2226 iu
906 2172 1008 2238 rento,
1021 2179 1063 2220 ne
1073 2165 1167 2218 corten

171 2282 187 2322 a
202 2265 280 2341 ligno
297 2263 420 2324 decedat
442 2261 582 2322 alterutri.
616 2257 742 2316 calamus
759 2252 795 2312 ad
815 2251 956 2312 corticem
977 2263 1077 2324 usque
1095 2255 1167 2302 suum

170 2347 356 2425 deprimatur.
383 2365 419 2406 ne
435 2348 569 2420 laxetur,
591 2343 655 2400 dum
671 2337 854 2417 deprimitur,
869 2351 946 2394 neve
964 2338 1074 2391 cortex
1087 2322 1166 2402 repli-

170 2439 251 2489 cetur
269 2431 299 2489 in
320 2449 418 2507 rugas.
448 2429 515 2489 ideo
527 2425 702 2487 lacrimantis
719 2423 846 2480 calamos
871 2417 962 2476 inseri
978 2431 1040 2474 nou
1059 2412 1192 2489 oportun

169 2529 237 2610 npn,
249 2512 404 2590 Hercules,
413 2513 503 2588 magis
517 2527 600 2588 quarn
612 2506 720 2582 aridos,
730 2506 797 2583 qnia
811 2503 863 2563 iilo
877 2501 965 2562 modo
982 2498 1066 2560 labat
1078 2507 1167 2555 umore

168 2598 255 2655 nimio
272 2607 391 2671 cortex,
414 2597 472 2655 hoo
487 2594 565 2652 vitali
588 2590 706 2650 deiectu
725 2607 783 2648 non
798 2588 922 2647 umescit
935 2601 1036 2663 neque
1055 2592 1167 2641 concor·

127 2687 178 2740 108
189 2688 282 2754 porat.
305 2680 335 2739 id
351 2681 436 2738 etiam
445 2677 595 2753 religionis
606 2681 735 2749 servant,
747 2681 778 2732 ut
794 2673 861 2731 luna
873 2676 1048 2743 crescente,
1060 2673 1090 2724 ut
1101 2660 1166 2721 calu·

167 2771 364 2856 upusutraque
380 2763 554 2840 deprimatur
568 2776 661 2818 manu.
687 2766 716 2816 et
731 2757 859 2833 alioquin
875 2755 935 2814 hoc
950 2755 1088 2829 inopere
1104 2747 1167 2807 duae

169 2843 252 2940 simul
265 2863 367 2903 manus
384 2847 475 2905 miuus
490 2845 624 2916 nituntur,
640 2841 810 2900 necessario
830 2844 1079 2916 temperamento.
1107 2827 1192 2889 vali-st

167 2924 229 2984 dius
241 2926 362 3022 demissi
373 2930 482 2988 tardius
494 2927 599 3000 ierunt,
607 2925 709 2985 lortius
721 2924 832 2998 durant,
841 2922 989 2982 contraria
999 2938 1039 2979 ex
1050 2919 1166 2979 diverso.

162 3025 202 3066 ne
221 3009 317 3068 hiscat
333 3012 448 3071 nimium
464 3015 534 3071 rima
549 3012 673 3086 laxeque
688 3009 793 3086 capiat,
806 3015 855 3066 aut
869 3025 906 3065 ne
919 3022 1025 3084 parum
1043 3011 1073 3063 et
1084 2994 1168 3076 expri-

165 3099 292 3187 mataut
310 3110 502 3171 conpressum
517 3103 611 3154 necet.
644 3092 701 3151 hoc
718 3109 850 3150 maxume
869 3089 1036 3150 cavendum
1055 3087 1083 3145 in
1096 3096 1167 3162 prae·

124 3173 278 3270 toeuaiude
291 3177 467 3255 accipientis
481 3189 593 3238 trunco.
609 3177 638 3235 in
649 3174 742 3235 media
754 3175 858 3234 fissura
870 3173 1051 3250 relinquant.
1068 3165 1169 3246 quidam

164 3257 432 3354 Vtst¹e1ptissurae
450 3262 526 3322 ialce
546 3264 575 3320 in
588 3261 697 3320 truncis
713 3258 791 3318 iacto
812 3258 905 3318 salice
922 3255 1091 3336 praeligant
1105 3255 1192 3308 mar-³⁸

138 3355 261 3411 ,gruem
280 3357 397 3421 ipsum,
419 3355 522 3424 postea
539 3361 631 3404 cuneo
649 3341 756 3402 findunt
770 3343 939 3401 continente
955 3338 1077 3399 vinculo
1093 3333 1168 3394 liber·

164 3427 252 3479 tatem
274 3422 463 3488 dehiscendi.
503 3429 642 3508 quaedam
666 3428 694 3484 in
720 3425 864 3505 plantario
891 3426 980 3485 insita
1006 3421 1110 3482 eodem
1131 3413 1168 3474 die

164 3503 392 3576 ‘reinserantur
421 3514 445 3572 si
465 3514 592 3572 crassior
612 3520 730 3570 truncus
752 3510 913 3586 inseratur,
935 3511 1015 3568 inter
1043 3503 1170 3566 corticem
