2396 3900
316 238 396 285 unr.
415 237 506 286 nisu.
524 239 624 287 xviri.
641 237 666 291 o.
684 229 804 307 (t-e.)
941 198 943 200 ’
1009 230 1067 291 101

74 391 120 453 lun
136 393 220 454 etiam
240 392 277 455 de
300 395 419 455 culturis
435 397 540 474 agendi
559 415 670 458 morem
687 397 798 474 luisse,
812 398 997 480 qualiterque
1019 397 1069 460 de-

73 477 139 538 lendi
152 477 232 538 soliti
247 479 305 538 sint
323 478 365 539 illi
387 481 449 540 viri.
484 480 516 541 C.
534 481 638 542 Furius
655 481 825 566 Ghresimus
842 501 858 543 e
877 486 1020 544 servitute
1035 483 1068 542 li·

73 563 187 639 beratus,
197 580 262 623 cnm
276 565 305 622 in
320 582 411 642 parvo
422 565 574 626 admodum
581 567 679 644 agello
695 567 842 644 largiores
855 568 945 628 multo
957 567 1068 632 fructus

73 648 229 727 perciperet
253 645 339 727 quani
360 667 397 709 ex
422 651 605 729 amplissimis
621 653 770 727 vicinitas,
793 653 822 711 in
839 653 945 712 invidia
965 669 1068 730 magna

53 742 139 808 serat,
167 751 223 794 ceu
246 733 349 812 fruges
371 735 481 795 alienas
502 735 662 813 perliceret
683 735 845 796 veneficiis.
878 736 1110 815 quamobremtn

71 819 147 897 aSp.
162 816 272 879 Albino
294 819 384 879 curuli
405 819 507 882 aedile
528 821 574 881 die
590 820 668 882 dicta
687 830 819 880 metuens
844 820 1066 896 damnationem,

71 921 124 962 cnm
141 904 170 962 in
187 903 357 981 suffragium
372 904 462 964 tribus
485 914 639 984 oporteret
658 907 717 981 ire,
744 905 960 966 instrumentum
981 907 1065 966 rusti-

71 1005 122 1048 cum
137 1003 222 1047 omne
239 989 268 1047 in
282 988 376 1049 forum
389 990 483 1050 attulit
498 998 527 1050 et
542 990 661 1051 adduxit
677 989 812 1050 familiam
828 989 952 1051 validam
966 999 1065 1068 atque,

70 1082 94 1132 ut
106 1073 141 1132 ait
153 1071 239 1148 Piso,
266 1071 342 1151 benc
367 1083 493 1136 curatam
514 1091 549 1135 ac
566 1076 718 1151 vestitam,
745 1075 921 1135 ferramenta
943 1075 1065 1152 egregie

47 1157 151 1233 lthcta,
178 1159 278 1234 gravis
294 1158 425 1235 ligones,
448 1177 584 1219 vomeres
600 1158 801 1239 ponderosos,
829 1159 923 1219 boves
939 1169 1063 1221 saturos.

70 1251 161 1320 postea
175 1242 264 1302 dixit:
290 1242 432 1303 veneficia
447 1262 511 1303 mea
519 1289 528 1322 ,
556 1245 702 1319 Quirites,
727 1242 802 1304 haec
819 1253 900 1320 sunt,
927 1262 982 1304 nec
995 1252 1107 1323 pos-43

71 1345 121 1386 sun
139 1325 226 1387 vobis
249 1327 406 1387 ostendere
426 1337 474 1388 aut
497 1329 526 1388 in
548 1329 642 1389 forum
670 1328 817 1390 adducere
845 1329 1063 1389 lucubrationes

70 1428 137 1471 neas
162 1411 337 1492 vigiliasque
361 1421 392 1472 et
416 1413 550 1474 sudores.
588 1413 711 1474 omnium
738 1414 888 1473 sententiis
913 1413 1064 1474 absolutus

70 1497 156 1576 itaque
171 1505 227 1556 est.
257 1495 393 1575 prolecto
408 1513 500 1576 opera
514 1498 635 1578 inpensa
658 1496 769 1558 cultura
786 1507 918 1574 constat,
944 1507 973 1557 et
995 1499 1063 1558 ideo

45 1583 183 1640 nnaiores
213 1579 421 1642 fertilissimum
446 1584 474 1642 in
501 1601 573 1660 agro
604 1582 719 1642 oculum
746 1582 853 1642 domini
886 1600 953 1642 esse
983 1581 1063 1643 dixe-

68 1673 132 1724 mnt.
164 1665 207 1745 {3}
224 1663 350 1744 Reliqua
365 1676 525 1746 praecepta
539 1667 698 1728 reddentur
713 1667 771 1726 suis
787 1666 877 1742 locis,
906 1683 982 1744 quae
997 1675 1106 1745 pro-44

68 1750 122 1828 pria
132 1767 272 1828 generum
283 1751 551 1828 singulornmerint.
568 1752 681 1812 interim
688 1751 848 1811 communia
857 1768 932 1828 quae
945 1768 1063 1811 succur-

69 1843 124 1893 runt
136 1851 192 1894 non
208 1835 384 1913 omittemus,
400 1845 429 1896 et
444 1838 473 1895 in
486 1839 585 1916 primis
598 1835 716 1899 Catonis
730 1837 961 1896 humanissimum
972 1835 1062 1895 utilis·

11 1943 13 1982 ι
70 1919 231 1997 sinumque:
247 1919 281 1979 id
296 1921 469 1997 agendum
483 1932 520 1981 ut
534 1921 830 2000 diligantvicini.
854 1938 958 1980 causas
969 1918 1065 1979 reddit

11 2011 12 2018 ³
42 2002 128 2079 aitte,
153 2021 207 2064 nos
224 2005 420 2066 existimamus
437 2006 508 2067 nulli
530 2024 599 2067 esse
622 2005 733 2068 dubias.
774 2006 849 2064 inter
871 2005 961 2083 prima
986 2003 1062 2064 idem
1165 2017 1172 2029 ·

11 2165 12 2168 Ἴ
69 2097 143 2147 caret
155 2106 193 2148 ne
207 2087 335 2148 familiae
356 2091 432 2152 male
450 2091 496 2150 eit.
531 2090 601 2152 nihil
617 2107 686 2150 sero
708 2089 871 2151 faciendum
890 2091 919 2148 in
939 2088 1062 2166 agricul-

11 2173 13 2212 ι
69 2180 123 2232 tura
138 2189 239 2232 omnes
255 2183 392 2251 censent,
415 2176 519 2235 iterum
540 2192 592 2236 suo
610 2182 744 2255 quaeque
767 2183 901 2252 tempore
918 2172 1062 2248 facienda,
1174 2249 1175 2252 Ἴ

11 2227 13 2320 d
69 2265 93 2314 et
112 2258 196 2316 tertio
218 2266 380 2336 praecepto
402 2262 609 2338 praetermissa
627 2260 733 2320 frustra
755 2259 899 2318 revocari.
930 2257 965 2318 de
985 2267 1064 2318 terra

11 2351 12 2354 ’
67 2341 171 2402 cadosa
187 2343 355 2402 exsecratio
372 2340 491 2404 Catonis
511 2344 624 2405 abunde
645 2344 770 2404 indicata
784 2353 845 2418 est,
869 2359 1106 2421 quemquamne

41 2425 231 2502 apraeutcere
252 2443 311 2486 non
332 2429 483 2488 cessatis:
513 2428 690 2508 quidquid
707 2446 774 2506 per
791 2427 950 2488 asellum
972 2427 1063 2486 fieri

67 2519 183 2588 potest
200 2510 388 2572 vilissime
405 2507 563 2573 constat.
580 2511 665 2573 Felix
679 2512 794 2573 biennio
806 2512 936 2585 moritur,
947 2511 972 2569 si
984 2511 1060 2569 fron·
1072 2519 1105 2573 45

11 2631 12 2640 ι
67 2593 125 2654 dena
138 2613 230 2672 agere
244 2612 303 2654 non
315 2597 443 2674 patiaris.
462 2597 491 2658 id
504 2597 708 2658 efficacissime
724 2596 862 2673 contingit
876 2595 1063 2672 germinantis

66 2680 142 2738 ranis
152 2679 261 2739 baculo
274 2679 416 2740 decussis.
434 2699 522 2742 sucus
535 2683 610 2742 enim
623 2700 660 2742 en
671 2683 735 2760 ipsa
748 2680 879 2741 defluens
892 2688 979 2738 necat
989 2679 1063 2739 radi-

68 2779 121 2822 ces.
135 2765 213 2825 aiunt
221 2773 251 2824 ct
264 2764 343 2826 circa
354 2766 507 2827 solstitium
518 2766 701 2827 avolsasnon
713 2766 828 2826 renasci
839 2781 895 2824 nec
906 2763 1063 2824 harundine

40 2853 155 2908 ttsectas
175 2857 225 2910 ant
247 2858 381 2910 exaratas
404 2853 517 2910 vomeri
534 2850 693 2911 harundine
713 2851 848 2928 inposita.
881 2849 1013 2909 similiter
1035 2856 1064 2908 et
1072 2855 1106 2910 46

65 2929 244 2993 harundinem
267 2935 381 2995 exarui
402 2935 491 2997 felice
512 2937 624 2996 vomeri
645 2935 770 3014 inposita
785 2935 979 3012 praecipiunt.
1002 2934 1062 2993 iun·

66 3031 145 3078 cosus
168 3035 242 3095 ager
256 3019 333 3078 verti
349 3019 414 3098 pala
428 3019 531 3101 debet,
561 3021 651 3080 autin
675 3036 783 3079 saxoso
799 3019 974 3079 bidentibus.
1004 3017 1062 3076 fru-

65 3107 135 3162 tecta
149 3103 209 3180 igni
224 3111 343 3181 optume
360 3105 507 3167 tolluntur.
538 3105 709 3166 umidiorem
725 3121 826 3180 agrum
840 3103 929 3164 fossis
948 3100 1063 3162 concidi
1071 3105 1106 3160 ut

64 3191 144 3264 atque
170 3188 275 3247 siccari
300 3188 483 3250 utilissimum
509 3199 570 3264 est,
599 3189 696 3250 fossas
718 3197 811 3248 autem
838 3188 962 3248 cretosis
988 3185 1062 3244 locis
1167 3204 1171 3215 ·

37 3273 175 3346 &apertas
190 3271 333 3350 relinqui,
357 3275 385 3334 in
399 3274 540 3336 solutiore
561 3283 639 3334 terra
655 3272 794 3352 saepibus
810 3272 926 3347 firmari,
943 3288 980 3329 ne
996 3284 1062 3348 pro-

66 3350 175 3432 cidunt,
198 3363 255 3418 aut
272 3356 466 3436 imbricibus,
497 3367 545 3419 aut
566 3359 676 3437 supinis
694 3357 837 3418 lateribus
857 3353 1062 3434 procumbere,

64 3440 196 3516 ‘quasdam
208 3444 366 3504 occaecari
387 3454 417 3504 et
437 3445 466 3504 in
485 3443 557 3503 alias
573 3443 660 3521 dirigi
681 3443 807 3502 maiores
823 3441 1063 3519 patentioresque

68 3531 109 3598 et,
128 3526 202 3588 sisit
222 3530 363 3607 occasio,
385 3529 469 3590 silice
490 3527 540 3587 rel
558 3527 660 3604 glarea
681 3527 784 3586 sterni.
822 3542 874 3584 ora
896 3532 990 3583 antem
1014 3540 1062 3582 ea-
