2504 3930
1 225 8 273 l
95 313 100 323 ι
195 315 200 326 Δ
302 253 383 300 uun.
399 251 488 300 nisu.
504 254 587 300 xxx.
605 253 647 305 ro.
665 253 708 306 16·
726 221 874 314 (nn—sa.)
1028 240 1139 308 ²59·

1 395 3 419 ¹
89 407 179 468 inlitis
196 407 419 484 adalligatisque
431 407 510 485 pelle
523 409 643 468 arietina
656 407 779 484 tradunt,
796 409 1089 490 itemcuiuscumquc,
1121 449 1123 454 ·

1 562 3 578 .
89 493 114 550 si
131 509 196 552 cum
213 491 354 568 sanguine
372 491 527 566 galliuacei
549 492 626 551 lecto
648 491 832 552 subiciuntur.
864 503 971 569 cogunt
993 496 1090 554 conci·

1 583 2 588 ’
87 593 163 652 pere
179 575 284 634 inritas
299 583 397 633 saetae
413 593 451 633 ex
465 574 556 634 cauda
577 575 683 651 mulae,
702 577 727 634 si
743 577 845 634 iunctis
862 577 1033 654 evellantur,
1048 579 1089 636 in·

87 667 134 718 ter
150 676 184 718 se
202 658 368 734 conligatae
383 659 410 716 in
425 659 512 720 coitu.
550 659 605 732 Qui
623 660 651 717 in
666 661 775 719 urinam
793 662 871 718 canis
889 676 968 720 suam
984 678 1069 736 eges·
1082 673 1133 728 143

61 743 159 802 escrit
175 741 280 800 dicitur
295 741 330 802 ad
347 759 483 800 uenerem
504 743 614 821 pigrior
632 743 705 802 fieri.
737 744 837 803 mirum
858 752 886 802 et
907 745 942 803 de
958 744 1089 804 stelionis

1 897 2 900 Ἴ
86 827 206 900 cinere,
223 827 247 885 si
269 843 369 884 verum
393 835 452 901 est,
475 827 629 886 linamento
650 826 807 890 involutum
828 829 855 885 in
876 828 990 887 sinistra
1006 845 1090 888 mann

1 973 2 978 γ
85 925 227 970 venerem
252 907 414 985 stimulare,
439 909 464 967 si
489 910 692 988 transferatur,
721 919 821 970 contra
849 911 995 987 inhibere,
1022 914 1090 972 item

85 993 260 1068 sanguinem
283 991 438 1052 collectum
452 992 548 1052 docco
572 995 808 1071 suppositumque
830 995 916 1072 capiti
939 995 1089 1055 mulierum

1 1119 2 1150 2
64 1075 237 1134 ‘libidinem
259 1091 379 1134 movere
409 1085 455 1136 aut
477 1078 587 1136 anseris
610 1077 735 1153 linguam
761 1079 790 1135 in
814 1077 880 1137 cibo
899 1079 947 1138 vel
970 1081 1089 1156 potione

50 1169 239 1237 resumptam.

153 1245 239 1323 (50.)
262 1241 442 1301 Phtbiriasim
460 1252 489 1303 ct
503 1245 589 1304 totius
608 1245 743 1322 corporis
759 1251 827 1329 pota
843 1242 1006 1304 membrana
1023 1263 1068 1304 se·
1081 1255 1132 1309 144

84 1329 215 1387 nectutis
230 1327 364 1402 anguium
382 1325 475 1386 triduo
486 1337 589 1402 necat,
614 1345 709 1386 serum
732 1337 867 1404 exempto
886 1345 974 1388 caseo
991 1338 1088 1406 potum

83 1429 151 1470 cum
172 1411 282 1485 exiguo
296 1408 369 1469 sale.
394 1407 515 1486 Gaseos,
535 1411 558 1469 si
575 1411 725 1470 cerebrum
741 1412 881 1470 mustelae
901 1413 1024 1488 coagulo
1040 1411 1088 1471 ad·

83 1493 182 1567 datur,
198 1501 307 1568 negant
323 1494 467 1570 corrumpi
486 1503 628 1554 vetustate
643 1504 690 1552 aut
705 1513 721 1554 a
739 1493 865 1554 muribus
881 1497 990 1571 attingi.
1012 1497 1088 1555 cius·

47 1595 73 1638 1⁵
84 1577 152 1636 dem
170 1575 338 1655 [mustelae]
356 1577 428 1635 cinis
445 1578 468 1634 si
484 1576 566 1636 detur
579 1577 749 1654 gallinaceis
763 1577 849 1655 pullis
866 1587 894 1637 et
908 1579 1087 1655 columbinis,

82 1670 164 1721 tutos
182 1677 252 1718 esse
268 1677 284 1717 a
299 1658 437 1718 mustelis.
467 1659 657 1719 iumentorum
679 1663 778 1720 urinae
801 1664 924 1720 tormina
945 1663 1087 1742 vesperti-

82 1744 166 1804 lione
182 1742 339 1818 adalligatc
358 1743 505 1819 liniuntur,
526 1745 693 1804 verminatio
708 1754 753 1804 ter
769 1745 936 1804 circumlato
952 1745 1087 1804 verendis

82 1826 234 1906 palumbe.
256 1826 356 1883 mirum
369 1825 455 1903 dictu,
464 1827 604 1904 palumbis
616 1831 736 1887 emissus
747 1829 866 1888 moritur
878 1830 1087 1906 iumentumque

81 1911 229 1975 liberatur
245 1907 406 1968 confestim.

45 2011 72 2054 ao
149 1994 238 2076 (51.)
257 1990 389 2056 Ebriosis
404 2011 459 2055 ova
471 2001 595 2054 noctuae
608 2012 661 2072 per
674 1995 796 2054 triduum
814 1995 878 2056 data
893 1997 921 2054 in
932 1998 999 2056 vino
1011 2004 1128 2059 tue-145

82 2083 163 2143 dium
183 2082 247 2140 eius
266 2078 416 2138 adducunt.
451 2077 619 2139 ebrietatem
635 2087 715 2137 arcet
732 2079 873 2156 pecudum
889 2098 972 2138 assus
988 2078 1086 2159 pulmo

81 2172 303 2245 praesumptus.
330 2156 488 2222 hirundinis
509 2163 597 2221 rostri
620 2161 691 2221 cinis
707 2180 769 2220 cum
786 2181 880 2222 murra
902 2165 985 2222 tritus
1008 2171 1036 2221 et
1059 2163 1087 2220 in

80 2249 155 2307 vino
179 2245 258 2324 quod
278 2244 393 2305 bibetur
404 2247 553 2323 inspersus
569 2262 690 2304 securos
708 2245 866 2325 praestabit
882 2265 898 2306 a
912 2247 1086 2305 temulentia.

83 2331 199 2390 inuenit
213 2329 272 2389 hoc
288 2327 362 2389 Orus
377 2329 561 2403 Assyriorum
579 2347 641 2388 rex.

43 2437 72 2477 ss
100 2412 109 2418 ’
153 2411 238 2492 (52.)
262 2406 380 2472 Praeter
397 2409 471 2471 haee
486 2419 550 2469 sunt
568 2410 704 2470 notabilia
720 2411 881 2470 animalium
896 2410 1000 2470 adhoc
1015 2419 1130 2476 vo÷146

80 2499 185 2559 lumen
199 2497 423 2574 pertinentium:
443 2493 654 2571 Grompbenam
669 2511 752 2553 avem
764 2495 960 2554 Sardinianam
972 2502 1088 2552 narrant

80 2583 150 2660 grui
167 2579 306 2654 similem,
325 2579 451 2655 ignotam
468 2579 523 2637 iarn
538 2580 622 2637 etiam
641 2576 756 2651 SardiS,
781 2585 812 2635 ut
827 2577 968 2635 existimo.
996 2578 1024 2634 in
1040 2595 1086 2636 ea-

81 2667 152 2727 dem
174 2662 328 2741 provincia
351 2660 476 2740 ophion,
500 2663 596 2720 cervis
611 2669 717 2720 tantum
738 2660 798 2737 pilo
822 2659 921 2718 similis
941 2677 997 2718 nec
1019 2657 1088 2718 alibi

79 2765 224 2811 nascens.
257 2745 342 2804 iidem
368 2753 501 2804 auctores
523 2744 687 2820 subiugum,
716 2743 793 2822 quod
820 2760 875 2802 nec
901 2741 986 2819 quale
1008 2751 1088 2801 esset

45 2830 193 2894 coanimal
214 2845 271 2888 nec
293 2827 340 2886 ubi
367 2837 536 2888 nasceretur
560 2827 745 2887 tradiderunt.
780 2825 872 2884 luisse
896 2825 1009 2902 quidem
1030 2843 1088 2885 nou

81 2916 206 2987 dubito,
232 2929 295 2972 cnm
319 2920 348 2969 et
363 2910 523 2970 medicinae
545 2929 638 2970 exeo
661 2912 715 2970 sint
730 2911 952 2970 demonstratae.
986 2909 1024 2968 bl.
1041 2909 1090 2969 Gi·

81 3017 161 3062 cero
187 2995 275 3055 tradit
303 2995 432 3054 animalia
456 2993 557 3054 biuros
581 2995 681 3054 vocari
707 2995 755 3072 qni
780 2993 846 3052 vitis
872 2997 901 3050 in
931 2989 1089 3071 Campania
1176 2987 1180 2996 '

80 3083 222 3145 erodant.
422 3089 430 3102 ³
1157 3091 1159 3095 ’

149 3165 201 3226 16.
225 3159 311 3240 (53.)
330 3160 454 3238 Reliqua
475 3161 614 3223 mirabilia
637 3162 727 3221 exiis
748 3175 828 3237 quae*
846 3157 980 3216 diximus:
1011 3174 1070 3218 non
1083 3169 1132 3224 141

44 3265 71 3306 au
82 3249 190 3312 latrari
207 3264 223 3304 a
241 3262 314 3306 cane
329 3243 519 3304 membranam
534 3265 571 3306 ex
586 3245 719 3305 secundis
736 3244 814 3301 canis
825 3241 977 3300 habentem
990 3250 1039 3301 aut
1050 3242 1092 3302 le·

80 3335 170 3415 poris
187 3332 284 3390 fimum
301 3327 348 3386 vel
364 3329 439 3404 pilos
460 3339 614 3388 tenentem.
642 3331 670 3388 in
686 3328 808 3387 culicum
823 3342 933 3400 genere
949 3323 1094 3386 muliones

80 3435 143 3478 non
168 3413 295 3491 amplius
311 3429 393 3488 quarn
410 3429 472 3470 uno.
485 3412 529 3472 die
545 3415 660 3488 virere,
682 3427 793 3486 eosque
815 3407 863 3485 qui
876 3405 1019 3467 arborarii
1034 3411 1097 3488 pici

81 3509 215 3562 rostrum
230 3495 357 3556 habeant
373 3503 403 3553 et
417 3495 501 3554 mella
518 3499 643 3556 eximant
657 3496 693 3556 ab
709 3493 811 3573 apibus
826 3491 1010 3634 nop7aptingi.
1027 3511 1097 3572 por.
