2430 3896
158 227 198 297 26
428 269 445 298 .
467 241 768 290 c.Pu11v1sncurvn1

156 400 223 460 hcc·
243 400 315 460 alias
341 398 472 473 fastidio,
495 397 565 457 alias
593 396 786 470 contumacia,
815 395 931 473 saepius
954 391 1179 453 imbecillitate

157 501 257 543 eorum
275 501 349 562 quae
363 481 570 542 transferantur
586 481 698 560 evenit,
715 480 786 540 alias
803 479 887 539 caelo
902 477 1067 553 invidente,
1087 476 1180 536 alias

158 567 222 627 solo
238 575 426 644 repugnante.
863 575 866 582 ⁴

115 661 165 716 135
239 651 321 729 (59.)
343 649 462 709 Fastidit
477 647 635 708 balsamum
652 647 719 709 alibi
733 649 824 723 nasci,
841 655 906 705 nata
924 644 1047 720 Assyria
1064 642 1179 702 malus

157 733 226 794 alibi
240 734 336 809 ferre,
362 751 417 792 nec
432 749 489 791 non
505 741 534 790 et
549 731 643 810 palma
663 731 769 810 ubique
790 732 870 790 nasci
892 739 939 790 aut
958 739 1023 789 nata
1047 741 1206 806 pareres

157 817 215 893 vel,
233 833 296 876 cum
307 818 438 896 promisit
453 817 538 874 etiam
554 815 746 894 ostenditque,
758 814 895 895 educare,
907 823 1052 890 tamquam
1069 813 1181 871 invita

157 902 316 980 pepererit.
351 917 408 960 non
428 899 516 959 habet
535 899 605 958 viris
627 899 724 959 frutex
742 899 863 959 cinnami
884 899 921 957 in·
934 897 1038 972 Syriae
1061 896 1180 954 vicina

156 984 354 1065 perveniendi.
387 1001 444 1043 non
458 983 553 1042 ferunt
567 987 670 1043 amomi
684 982 823 1061 nardique
838 983 972 1056 deliciae,
987 999 1024 1039 ne
1040 981 1072 1038 in
1084 978 1180 1038 Ara-

156 1069 231 1128 biam
240 1070 363 1146 quidem,
382 1066 507 1127 exlndia
523 1075 553 1125 et
567 1085 640 1127 nave
652 1067 841 1146 peregrinari.
857 1064 1103 1143 temptavitenirn
1113 1063 1180 1123 Se·

115 1153 277 1216 1361eucus
291 1169 354 1211 rex,
366 1147 456 1211 -lllud
472 1168 602 1210 maxume
618 1153 728 1226 mirum,
741 1152 820 1228 ipsas
836 1150 1007 1228 plerumque
1028 1147 1180 1208 arbores
1193 1167 1211 1208 c

157 1237 274 1296 exorari
298 1245 328 1295 ut
347 1236 444 1295 vivant
465 1243 552 1314 atque
578 1236 794 1312 transmigrent,
823 1232 976 1312 aliquando
998 1239 1028 1291 ct
1051 1247 1069 1290 a
1095 1232 1180 1292 solo

156 1321 303 1398 impetrari
325 1327 354 1378 ut
377 1319 487 1378 alienas
508 1319 566 1378 alat
588 1319 773 1396 advenasque
794 1319 914 1392 nutriat,
938 1313 1052 1376 caelum
1075 1315 1180 1376 nullo

155 1403 241 1463 modo
257 1403 344 1463 decti.
377 1403 448 1462 vivit
469 1403 496 1460 in
512 1401 594 1462 ltalia
613 1404 724 1482 piperis
740 1401 844 1476 arbor,
866 1401 962 1462 casiae
977 1416 1053 1459 vero
1069 1401 1180 1460 etiam

155 1489 184 1545 in
202 1485 420 1564 septentrionali
442 1485 545 1564 plaga,
564 1487 634 1545 vixit
648 1489 677 1545 in
691 1484 780 1561 Lydia
802 1485 890 1559 turis,
913 1484 966 1544 sed
990 1482 1070 1543 uude
1097 1501 1179 1544 sor-

156 1569 259 1628 bentes
283 1588 382 1629 sucum
408 1587 519 1629 omnem
541 1589 579 1629 ex
599 1570 633 1628 iis
655 1570 736 1630 soles
754 1577 952 1648 coquentesve
981 1565 1215 1629 lacrimam‘lr

113 1661 163 1716 137
175 1652 245 1713 illud
260 1670 400 1732 proxume
413 1655 523 1728 mimm,
533 1655 634 1714 mutari
649 1662 776 1713 naturam
791 1655 820 1712 in
834 1652 934 1712 iisdem
950 1660 1038 1729 atque
1056 1653 1178 1730 inpro-

155 1739 218 1796 viso
235 1737 346 1797 valere.
379 1737 495 1797 cedrum
513 1738 656 1798 aestuosis
674 1737 802 1816 partibus
820 1736 949 1810 dederat,
966 1737 1041 1794 etin
1057 1735 1178 1812 Lyciis

154 1820 345 1898 Phrygiisque
355 1821 497 1880 montibus
508 1822 644 1881 nascitur.
671 1822 761 1899 frigus
773 1822 914 1881 inimicum
928 1819 1009 1879 lauro
1025 1819 1177 1897 iecerat,

154 1903 251 1963 sedin
269 1901 394 1983 Olympo
410 1906 559 1982 copiosior
574 1904 651 1965 nulla
667 1915 722 1966 est.
754 1906 831 1964 circa
849 1903 1009 1982 Bosporum
1026 1900 1176 1963 Cimme-

154 1988 226 2046 rium
244 1989 272 2046 in
293 1986 485 2065 Panticapaeo
512 1985 582 2047 urbe
603 1990 678 2048 omni
698 1987 784 2048 modo
805 1987 948 2048 laboravit
970 1985 1176 2049 Mithridates
1199 2016 1212 2037 -ι

94 2105 101 2126 .-
153 2087 207 2129 rex
217 2079 247 2130 et
262 2073 353 2130 ceteri
367 2071 481 2131 incolae
493 2088 642 2131 sacrorum
655 2081 736 2132 certe
749 2089 836 2131 causa
847 2073 957 2132 laurum
969 2078 1177 2150 myrtumque

154 2152 273 2215 habere.
307 2173 364 2215 non
380 2157 509 2232 contigit,
526 2173 589 2214 cum
603 2157 715 2234 teporis
733 2155 855 2214 arbores
870 2154 1014 2216 abundent
1031 2153 1090 2228 ibi,
1112 2173 1175 2232 pn-

113 2243 163 2299 138
173 2238 257 2298 nicae
274 2238 390 2316 licique,
408 2240 463 2298 iam
477 2238 542 2298 mali
555 2248 583 2298 et
598 2241 652 2318 piri
663 2239 886 2299 laudatissimae,
915 2236 1037 2316 frigidas
1048 2239 1176 2298 eodem

153 2329 246 2381 tractu
260 2339 318 2381 non
334 2325 434 2399 genuit
450 2322 582 2398 arbores,
603 2324 709 2402 pinum,
725 2322 860 2398 abietem,
879 2323 1001 2401 piceam.
1037 2332 1070 2381 et
1090 2323 1175 2400 quid

154 2406 253 2464 attinet
270 2407 297 2464 in
312 2405 431 2466 Pontum
447 2404 549 2466 abire?
579 2409 657 2466 iuxta
672 2406 791 2468 llomam
812 2408 903 2485 ipsam
924 2415 1085 2466 castaneae
1114 2425 1173 2467 ce·

152 2490 268 2567 rasique
284 2509 374 2567 aegre
390 2491 577 2568 proveniunt,
598 2492 714 2569 persica
735 2492 764 2549 in
777 2488 956 2566 Tusculano,
978 2505 1043 2548 nam
1060 2509 1174 2551 nuces

153 2571 284 2635 Graecae
316 2592 378 2634 cum
408 2573 505 2633 taedio
534 2574 696 2634 inseruntur
721 2574 874 2634 Tarracina
907 2573 986 2633 silvis
1014 2582 1174 2636 scatente

153 2673 259 2716 earum.

111 2747 161 2803 139
230 2739 281 2802 33.
305 2741 388 2819 (60.)
421 2737 584 2819 cupressus
605 2741 716 2802 advena
733 2752 762 2802 et
780 2741 949 2802 difficillime
970 2743 1174 2803 nascentium

152 2823 215 2897 luit,
231 2832 261 2882 ut
277 2823 313 2882 de
332 2841 388 2902 qua
403 2823 556 2884 verbosius
573 2827 748 2905 saepiusque
771 2842 856 2905 quam
875 2825 912 2885 de
930 2823 1065 2886 omnibns
1092 2827 1172 2896 aliis
1211 2850 1213 2865 1

152 2905 403 2982 prodideritGato,
420 2915 487 2967 natu
502 2925 629 2984 morosa,
644 2909 738 2970 fructu
750 2927 942 2987 supervacua,
958 2908 1041 2968 bacis
1056 2917 1172 2987 torva,

152 2988 223 3048 lolio
246 3008 357 3065 amara,
380 2991 472 3051 odore
491 2992 619 3052 violenta
641 3011 675 3053 ac
698 3013 734 3054 ne
753 2993 853 3053 umbra
875 2992 990 3071 quidem
1006 2995 1170 3070 gratiosa,

151 3075 270 3132 materie
287 3092 378 3148 rara,¹
391 3082 421 3133 ut
442 3093 535 3154 paene
553 3078 683 3137 fruticosi
699 3077 835 3155 generis,
857 3075 919 3136 Diti
935 3093 1020 3137 sacra
1039 3085 1071 3136 et
1088 3077 1172 3138 ideo

111 3165 161 3218 140
171 3155 286 3215 lunellri
302 3157 384 3234 signo
401 3157 437 3218 ad
451 3159 552 3219 domos
576 3162 681 3239 posita.
710 3161 815 3220 femina
836 3160 944 3220 sterilis
965 3160 1023 3220 diu.
1054 3171 1173 3222 metae

41 3279 42 3282 =
152 3239 263 3300 demum
280 3240 419 3319 adspectu
436 3260 493 3303 non
506 3243 656 3322 repudiata
672 3244 879 3322 distinguendis
894 3252 1000 3304 tantuna
1015 3245 1172 3322 pinorum
1192 3296 1196 3299 ,
1212 3296 1213 3299 ,

152 3323 314 3400 ordinibus,
344 3342 419 3386 nunc
442 3344 515 3386 vcro
541 3328 653 3388 tonsilis
679 3327 757 3389 lacta
781 3329 810 3386 in
835 3328 976 3388 densitate
1005 3329 1171 3404 parietum

151 3409 337 3487 coercitaque
363 3410 525 3486 gracilitate
557 3420 699 3490 perpetuo
726 3420 827 3472 tenera
851 3411 971 3472 trahitur
998 3412 1092 3472 ctiam
1128 3413 1171 3474 in

150 3489 278 3567 picturas
295 3494 393 3570 operis
408 3495 541 3572 topiarii,
558 3503 677 3555 venatus
693 3495 833 3556 classisve
852 3504 881 3554 et
895 3496 1036 3573 imagines
1051 3514 1170 3559 rernm
