2406 3914
150 224 211 284 276
519 235 549 282 e.
568 235 664 284 acum
683 235 834 284 saeuum

108 402 143 454 53
211 393 295 472 (26.)
318 389 469 451 Anthemio
479 391 591 466 magnis
603 391 735 451 laudibus
747 390 912 451 celebratur
922 391 959 451 ab
969 391 1153 472 Asclepiade.

150 476 238 554 aliqui
255 473 485 536 leucanthemida
500 483 621 550 vocant,
637 475 684 534 alii
700 473 947 552 leucanthemum,
963 475 1013 535 alii
1030 477 1155 536 eranthe-

150 561 235 634 mida,
252 561 386 638 quoniam
400 575 472 619 vere
487 557 607 636 lloreat,
623 559 671 618 alii
687 558 921 635 chamaemelon,
939 560 1077 638 quoniam
1091 558 1156 619 odo·

149 661 212 703 rem
227 643 294 704 mali
316 643 431 703 habeat.
470 642 599 701 nonnulli
618 642 794 702 melanthion
812 653 928 704 vocant.
961 643 1078 704 Genera
1099 645 1156 702 eius

150 729 203 786 tria
219 727 292 786 dore
310 737 415 786 tantum
433 728 554 801 distant,
570 727 695 803 palmum
712 744 769 784 non
788 727 978 803 excedentia,
994 728 1094 806 parvis
1108 727 1177 786 fles

150 811 229 870 ribus
244 821 343 885 rutae,
361 811 489 870 candidis
504 818 552 869 aut
563 810 673 869 malinis
690 819 737 868 aut
752 812 915 888 purpureis.
939 817 971 870 lu
982 828 1080 870 macro
1095 810 1157 871 solo

151 904 199 954 aut
214 896 293 954 iuxta
308 896 425 955 semitas
442 893 589 970 colligitur
604 913 675 952 vere
691 902 721 952 et
732 895 761 952 iu
777 905 986 954 coronamenta
1000 895 1156 972 reponitur.

151 979 255 1038 eodem
276 989 409 1058 tempore
431 987 460 1038 et
480 977 584 1036 medici
607 977 677 1036 lolia
699 985 781 1036 tunsa
806 979 834 1036 in
856 979 993 1057 pastillos
1016 977 1157 1055 digerunt,

107 1073 143 1128 54
151 1064 219 1122 item
235 1062 337 1122 dorem
353 1071 383 1122 et
398 1063 535 1123 radicem.
565 1060 675 1121 Dantur
691 1062 784 1120 omnia
802 1063 889 1122 mixta
907 1061 1062 1122 drachmae
1078 1063 1159 1120 unius

150 1146 281 1225 pondere
300 1155 400 1207 contra
423 1147 599 1224 serpentium
624 1147 747 1204 omnium
771 1146 857 1204 ictus.
894 1146 1008 1223 pellunt
1031 1155 1160 1206 mortuos
1169 1167 1189 1209 iu

150 1239 266 1308 partus,
285 1232 352 1291 item
367 1240 512 1290 menstrua
529 1230 557 1288 ia
572 1238 642 1307 potu
659 1238 687 1288 et
705 1231 786 1288 urina
801 1229 1004 1308 calculosque.
1040 1229 1160 1290 indatio·

150 1331 220 1388 nes,
243 1315 403 1374 iocinerum
420 1315 505 1388 vitia,
525 1312 613 1372 bilem
628 1311 793 1388 subsanam,
818 1313 967 1392 aegilopia
988 1313 1160 1374 conmandu-

151 1404 234 1472 cata,
259 1399 389 1459 ulcerum
410 1399 579 1475 eruptiones
600 1398 740 1457 manantis
764 1406 855 1460 sanat.
898 1397 944 1458 Ex
965 1397 1097 1457 omuibus
1117 1396 1161 1456 his

151 1483 308 1558 generibus
337 1483 372 1544 ad
398 1480 529 1544 calculos
551 1481 755 1541 efficacissima
771 1490 817 1540 est
838 1498 912 1560 quae
931 1481 1035 1542 dorem
1054 1498 1160 1559 purpu-

150 1583 232 1626 reum
243 1565 347 1643 habet,
365 1569 446 1627 cuius
463 1576 492 1626 et
506 1565 643 1625 loliorum
659 1575 688 1624 et
701 1565 814 1625 fruticis
829 1566 989 1645 amplitudo
1004 1564 1161 1624 maiuscula
1169 1585 1191 1627 rs

150 1658 207 1710 est.
236 1649 311 1711 hanc
325 1653 446 1731 proprie
464 1649 577 1729 quidam
593 1648 781 1709 eranthemim
796 1659 913 1710 vocant.

108 1733 141 1785 55
214 1734 299 1812 (27.)
323 1733 416 1795 Loton
436 1736 483 1812 qui
498 1733 633 1794 arborem
649 1742 747 1810 putant
762 1742 870 1793 tautum
887 1751 955 1793 esse
970 1734 1020 1793 vel
1035 1732 1160 1793 Homero

151 1826 271 1877 auctore
289 1821 409 1896 coargui
430 1825 560 1897 possunt.
597 1818 622 1875 is
644 1817 718 1877 enim
739 1819 813 1876 inter
831 1817 938 1878 herbas
959 1817 1162 1878 subnascentis

150 1899 270 1960 deornm
292 1901 436 1980 voluptati
457 1903 539 1961 loton
562 1902 683 1980 primam
704 1902 869 1962 nominavit.
920 1902 991 1962 lolia
1014 1903 1079 1961 eius
1101 1919 1162 1961 cum

150 1982 239 2043 melle
255 1985 406 2045 oculorum
424 1987 594 2061 cicatrices,
612 2002 747 2062 argema,
764 1986 925 2047 nubeculas
941 1986 1109 2045 discutiunt.
1169 2000 1192 2042 m

107 2067 142 2122 56
215 2066 300 2146 (28.)
322 2067 376 2128 Est
396 2078 425 2128 et
446 2070 601 2130 lotometra
623 2087 696 2147 quae
720 2069 750 2129 iit
774 2088 811 2129 ax
834 2069 894 2130 loto
919 2079 998 2144 sata,
1022 2087 1061 2128 ex
1084 2068 1164 2128 cuius

150 2152 260 2210 semine
276 2153 360 2212 simili
381 2155 440 2212 mili
462 2155 538 2232 putri
555 2153 624 2212 hunt
637 2171 728 2230 panes
746 2156 775 2212 iu
790 2153 929 2232 Aegypto
951 2171 967 2213 a
983 2151 1162 2232 pastoribus,

148 2250 281 2296 maxume
296 2255 370 2315 aqua
385 2237 434 2297 vel
449 2237 525 2297 lacte
540 2237 673 2297 subacto.
707 2247 831 2315 negatur
846 2239 999 2316 quicquam
1021 2236 1074 2296 illo
1091 2251 1163 2314 pane

149 2317 294 2379 salubrius
311 2339 379 2381 esse
394 2331 442 2382 aut
456 2321 568 2395 levius,
584 2320 649 2381 dum
666 2321 771 2382 caleat.
807 2321 1001 2398 refrigeratus
1017 2319 1164 2380 difficilius

150 2407 341 2482 concoquitur
365 2406 453 2483 fitque
478 2405 673 2484 ponderosus.
710 2413 824 2464 constat
847 2422 900 2463 eos
923 2406 973 2484 qui
995 2404 1049 2464 illo
1066 2404 1194 2462 vinantis

148 2503 205 2547 nec
231 2488 389 2564 dysinteria
418 2506 473 2548 nec
499 2498 630 2548 tenesmo
655 2506 751 2568 aeque
779 2488 843 2549 aliis
863 2489 973 2549 morbis
996 2487 1162 2546 nentrisin·

148 2569 259 2633 lestari
293 2573 390 2652 itaque
406 2574 481 2632 inter
496 2571 624 2632 remedia
640 2589 739 2632 eorum
755 2572 871 2633 habeut.

105 2648 140 2701 5⁷
154 2657 278 2756 (29
282 2658 296 2734 )
319 2657 484 2735 lleliotnopi
500 2655 668 2716 miraculum
688 2658 805 2736 saepius
828 2656 951 2717 diximus
967 2673 1033 2715 cum
1049 2654 1115 2714 sole
1131 2669 1161 2712 se

107 2718 135 2802 m’
143 2761 178 2798 aas
188 2741 409 2819 circumagentis
420 2743 504 2801 ctiam
516 2739 615 2799 nubilo
625 2740 682 2817 die,
693 2750 789 2800 tantus
796 2741 990 2801 siderisamor
1001 2749 1058 2800 est
1076 2745 1160 2798 noctu

147 2823 229 2882 velut
244 2824 391 2886 desiderio
405 2823 547 2886 contrahit
560 2825 725 2885 caeruleum
739 2825 851 2885 dorem.
883 2823 997 2886 Genera
1010 2825 1074 2884 eius
1090 2822 1160 2882 duo:
1170 2839 1194 2882 at

105 2914 140 2969 58
147 2907 305 2967 tricoccum
321 2917 351 2967 et
365 2909 587 2986 helioscopium.
615 2908 676 2969 hoc
691 2909 793 2984 altius,
818 2926 991 2987 quamquam
1010 2917 1160 2984 utrumque

147 2990 355 3090 semipedalem
371 2993 547 3054 altitudinem
559 3008 617 3051 non
629 2993 756 3071 excedit,
772 2992 809 3053 ab
825 3011 881 3052 una
892 2993 992 3054 radice
1007 3007 1158 3052 ramosum.

147 3093 249 3134 semen
269 3077 298 3134 in
320 3075 453 3136 folliculo
476 3076 621 3136 messibus
648 3076 805 3153 colligitur.
843 3077 972 3138 nascitur
995 3075 1111 3136 nonnisi
1134 3073 1159 3132 in

148 3160 247 3256 pingui
265 3159 330 3219 solo
345 3159 483 3238 cultoque
496 3177 642 3237 maxume,
658 3161 819 3222 tricoccum
830 3161 947 3239 ubique.
977 3179 1001 3219 sn
995 3161 1157 3236 '·decoqua

147 3252 210 3319 tur,
228 3243 343 3302 invenio
360 3243 433 3304 cibis
450 3243 569 3322 placere
585 3255 615 3304 et
631 3246 660 3304 iu
676 3245 753 3304 lacte
769 3245 920 3305 iucundius
936 3244 1035 3316 alvom
1056 3238 1194 3301 molliriss

148 3335 196 3403 et,
212 3329 236 3386 si
252 3326 368 3387 decocti
383 3344 471 3386 sucus
489 3326 618 3404 bibatur,
636 3328 841 3390 efficacissime
859 3329 1010 3389 exinaniri
1043 3323 1157 3387 maioris

148 3426 235 3468 sucus
254 3410 398 3489 excipitur
419 3417 531 3470 aestate
553 3412 625 3473 hora
647 3422 745 3487 sexta,
768 3415 906 3473 miscetur
926 3429 990 3472 cum
1011 3413 1097 3486 uiuo,
1117 3407 1156 3466 sic

105 3491 254 3554 safiu-”ffi-
292 3493 393 3572 capitis
407 3491 528 3553 dolores
544 3496 627 3556 sedat
637 3513 762 3557 rosaceo
774 3497 912 3556 admixto.
941 3511 1083 3556 verrucas
1098 3507 1157 3552 cum
