2504 3930
358 253 439 303 nau.
455 250 545 301 mrsu.
563 253 673 302 xxxn.
690 251 716 306 9.
733 238 882 319 (at—st.)
1054 239 1116 302 too

121 423 186 466 cunr
199 413 285 464 aneto
303 424 340 465 ex
353 407 420 466 vino
435 408 533 467 mixto.
559 407 690 482 Erythini
705 408 733 466 in
755 407 821 467 cibo
838 406 941 484 sumpti
958 408 1059 468 sistunt
1074 405 1115 466 al·

120 505 198 552 vom.
223 489 408 563 dysintericis
422 490 572 552 medentur
586 509 673 552 ranae
689 509 753 552 cnm
764 491 859 550 -scilla
874 490 1014 550 decoctae
1032 492 1071 550 ita
1087 498 1117 552 ut

119 573 227 653 pastilli
242 574 320 648 liant,
337 574 385 634 vel
401 591 452 634 oor
468 593 566 634 earum
582 593 645 634 oum
662 575 748 634 melle
763 576 869 650 tritum,
887 583 918 634 ut
931 574 1016 634 tradit
1029 573 1115 634 Nice·

119 667 214 734 ratus,
238 656 339 717 morbo
362 659 446 734 regio
468 658 670 719 salsamentum
691 677 753 718 cnm
774 660 875 737 pipere
893 661 931 718 ita
953 668 983 717 ut
1004 658 1116 736 reliqua

38 785 39 792 .
96 757 208 801 acarna
222 739 409 800 abstineatur.

180 823 264 902 (32.)
284 824 364 884 Lieni
380 825 510 885 medetur
521 825 603 886 solea
615 826 705 903 piscis
717 824 869 904 inpositus,
882 827 948 886 item
961 826 1096 904 torpedo,
1109 836 1161 890 102

15 911 17 918 ⁴
116 909 184 968 item
199 907 336 967 rhombus
352 909 445 986 vivos,
461 909 527 969 dein
539 911 689 969 remittitur
702 909 731 968 in
745 926 834 970 mare.
857 910 975 988 scorpio
992 911 1116 969 marinus

115 1001 237 1051 necatus
254 993 282 1050 in
298 993 365 1051 vino
382 995 500 1054 vesicae
517 995 585 1052 vitia
608 1002 637 1052 et
654 992 783 1052 calculos
801 1002 899 1068 sanat,
920 993 996 1072 lapis
1012 995 1059 1071 qui
1074 995 1114 1052 in·

115 1077 230 1136 venitur
245 1077 273 1134 in
290 1077 454 1154 scorpionis
475 1079 575 1137 marini
591 1077 682 1136 cauda
702 1075 835 1154 pondere
853 1075 935 1136 oboli
952 1086 1047 1156 potus,
1067 1095 1116 1136 en·

81 1159 248 1234 rohydridis
263 1161 354 1237 iecur,
373 1159 552 1220 blendiorum
569 1161 640 1220 cinis
657 1178 720 1220 cunr
739 1169 812 1220 ruta.
837 1159 1022 1220 Inveniuntur
1042 1162 1115 1220 etin

118 1243 221 1302 bacchi
235 1244 325 1322 piscis
341 1247 437 1323 capite
458 1263 511 1305 ceu
531 1243 633 1322 lapilli.
667 1243 696 1304 hi
719 1247 781 1322 poti
803 1262 841 1302 en
858 1262 938 1322 aqua
962 1242 1117 1304 calculosis

13 1338 18 1358 ¹
118 1327 270 1404 praeclare
285 1327 444 1388 medentur.
468 1331 546 1387 aiunt
563 1337 593 1386 et
607 1328 726 1386 urticam
740 1329 877 1388 marinam
891 1331 921 1387 in
938 1330 1004 1387 vino
1019 1337 1117 1405 potam

116 1411 271 1490 prodesse,
287 1412 355 1470 item
372 1411 538 1489 pulmonem
552 1412 689 1472 marinum
707 1410 860 1472 decoctum
873 1413 902 1471 in
917 1430 1003 1490 aqua.
1033 1411 1162 1476 Ova103

116 1497 236 1572 saepiae
256 1495 365 1575 urinam
386 1505 504 1555 monent
520 1496 688 1573 reniumque
708 1496 824 1573 pituitas
842 1495 1003 1556 extrahunt.
1032 1505 1117 1575 rupta

79 1595 104 1636 re
118 1578 258 1638 convolsa
277 1581 373 1638 cancri
391 1579 545 1653 lluyiatiles
567 1581 625 1638 triti
648 1580 676 1638 in
698 1579 808 1638 asinino
828 1597 960 1640 maxume
977 1580 1054 1639 lacte
1070 1597 1115 1640 sa·

113 1670 194 1737 nant,
213 1661 306 1722 echini
322 1681 393 1723 vero
413 1683 476 1723 cum
492 1664 584 1741 spinis
597 1665 655 1722 suis
671 1664 803 1724 contunsi
820 1673 848 1723 et
864 1682 880 1723 e
895 1664 963 1722 vino
980 1664 1041 1742 poti
1057 1662 1115 1722 cal-

113 1745 207 1806 culos.
236 1747 338 1806 modus
354 1749 475 1824 singulis
491 1747 603 1806 hemina
611 1793 620 1826 ‚
644 1746 751 1806 bibitur
767 1746 863 1808 donee
877 1749 985 1825 prosit,
1001 1754 1030 1805 et
1046 1747 1116 1806 alias

113 1832 141 1888 in
158 1829 231 1888 cibis
247 1829 283 1889 ad
300 1831 356 1891 hoe
371 1833 534 1908 proliciunt.
559 1829 702 1908 Purgatur
718 1832 817 1890 vesica
834 1839 863 1890 et
878 1832 1022 1908 pectinum
1038 1829 1117 1890 cibo.

114 1933 151 1972 en
165 1914 209 1972 his
225 1932 319 1973 mares
334 1915 383 1974 alii
399 1915 527 1976 donacas
537 1923 654 1989 vocant,
670 1914 718 1974 alii
730 1914 823 1989 aulos,
839 1914 960 1974 feminas
976 1913 1114 1987 onychas.

79 2014 105 2055 ac
114 1999 222 2056 urinam
238 2015 332 2056 mares
351 2008 478 2058 movent.
507 1998 653 2058 dulciores
673 1999 798 2058 lerninae
815 2007 880 2058 sunt
895 2007 924 2057 et
938 1997 1114 2058 unicolores.

114 2083 233 2160 saepiae
248 2097 364 2160 quoque
379 2100 434 2142 ova
449 2079 557 2142 urinam
571 2090 706 2156 movent,
722 2083 802 2142 renis
817 2089 951 2162 purgant.

184 2166 269 2244 (33.)
291 2165 506 2226 Enterocelicis
528 2166 614 2244 lepus
634 2166 758 2226 marinus
779 2166 905 2226 inlinitur
928 2165 1010 2225 tritus
1032 2175 1162 2229 cum104

74 2303 80 2313 .
113 2248 211 2308 melle.
231 2250 312 2310 iecur
330 2251 480 2328 aquaticae
496 2249 646 2327 colubrae,
663 2251 730 2310 item
748 2249 832 2325 hydri
848 2251 943 2309 tritum
958 2257 1115 2328 potumque

116 2330 271 2392 calculosis
292 2334 420 2411 prodest.
447 2333 622 2394 ischiadicos
644 2332 769 2393 liberant
790 2334 962 2394 salsamenta
985 2351 1002 2392 e
1025 2333 1115 2393 siluro

76 2435 103 2474 rs
113 2415 207 2474 inlusa
220 2415 369 2492 clysterio,
386 2426 523 2478 evacuata
538 2419 617 2495 prius
632 2417 710 2494 alvo,
726 2417 805 2478 sedis
821 2419 933 2478 attritus
949 2419 1021 2476 cinis
1038 2435 1115 2476 eoa·
1182 2470 1184 2474 .

113 2502 173 2576 pite
192 2501 328 2576 mugilum
344 2509 373 2560 et
384 2500 545 2578 mullorum,
562 2499 767 2561 comburuntur
782 2511 877 2561 autem
891 2500 918 2560 in
935 2500 1016 2560 fictili
1031 2517 1114 2575 vase,

9 2605 10 2610 ¹
112 2583 192 2642 inlini
212 2601 275 2644 curn
291 2584 379 2644 malle
395 2583 511 2645 debent.
542 2586 609 2644 item
629 2585 732 2664 capitis
752 2603 898 2650 menarum
915 2585 985 2644 ciuis
1008 2591 1038 2642 et
1059 2582 1095 2642 ad
1107 2594 1159 2646 105

112 2666 259 2744 rhagadas
274 2676 302 2727 at
318 2668 353 2727 ad
369 2668 573 2743 condylomata
588 2670 675 2745 utilis,
693 2669 767 2730 sicut
778 2667 960 2747 pelamydum
975 2667 1115 2727 salsarum

113 2752 238 2830 capitum
255 2753 327 2810 cinis
338 2753 385 2812 vel
398 2752 548 2826 cybiorum
561 2771 624 2812 cum
636 2752 732 2812 melle.
752 2751 890 2829 Torpedo
904 2751 1036 2827 adposita
1048 2768 1114 2828 pro·

71 2847 102 2898 ao
114 2834 235 2894 uideatis
249 2835 391 2896 interanei
406 2835 536 2896 morbum
548 2837 587 2896 ibi
600 2845 729 2896 coercet.
751 2852 921 2895 cancrorum
936 2834 1115 2895 fluviatilium

113 2919 185 2976 cinis
204 2937 242 2976 ex
257 2918 325 2978 oleo
342 2929 371 2979 et
386 2937 453 2980 cera
468 2923 556 2980 rimas
570 2922 599 2980 in
616 2919 719 2980 eadem
733 2927 815 2999 parte
832 2918 975 2995 emendat,
992 2919 1069 2978 idem
1084 2927 1114 2978 et

34 3020 42 3035 ·
111 3003 213 3062 nrarini
229 3005 325 3062 cancri
341 3003 462 3081 pollent.

177 3085 260 3164 (34.)
276 3085 372 3146 Panos
383 3086 555 3148 salsamenta
569 3089 768 3148 coracinorum
780 3085 945 3162 discutiunt,
958 3087 1094 3146 sciaenae
1105 3094 1159 3150 106

112 3172 262 3228 interanea
280 3178 308 3228 et
328 3187 464 3249 squamae
482 3171 666 3247 combustae,
684 3171 804 3249 scorpio
828 3172 857 3228 in
876 3171 944 3228 vino
961 3169 1112 3244 decoctus,

76 3265 103 3308 st
113 3254 152 3312 ita
170 3260 201 3311 ut
215 3252 369 3314 foveantur
384 3272 422 3313 ex
438 3254 498 3314 illo.
521 3265 551 3314 at
565 3255 732 3314 echinorum
748 3263 841 3315 testae
858 3262 1016 3313 contunsae
1031 3263 1060 3311 et
1076 3270 1114 3312 ex

113 3354 186 3414 aqua
199 3336 298 3396 inlitae
314 3337 520 3414 incipientibus
531 3339 614 3415 panis
628 3341 776 3414 resistunt,
790 3339 927 3397 muricum
941 3337 989 3396 vel
1005 3355 1112 3414 purpu-

112 3437 209 3480 rarum
225 3421 297 3480 cinis
313 3430 436 3498 utroque
452 3421 550 3498 modo,
566 3423 628 3481 sive
644 3421 790 3482 discutere
808 3439 882 3500 opus
899 3422 935 3481 sit
949 3421 1114 3500 incipientis

113 3505 177 3564 sine
190 3514 350 3566 concoctos
360 3506 501 3566 emittere.
515 3506 628 3583 quidam
639 3507 677 3566 ita
687 3515 854 3584 conponunt
861 3505 1110 3567 medicamentum.
