2458 3906
170 235 229 296 142
511 245 541 294 c.
558 244 654 292 nunu
670 243 820 292 sncunnr

125 401 380 477 tffloccidens-—,
389 411 419 462 et
430 401 518 460 multo
530 399 622 459 minus
638 398 824 477 plenilunium
835 397 974 458 incidere.
991 398 1176 477 [411111.ηο-

167 502 220 545 nas
237 484 332 546 lunias
349 486 451 546 iterum
465 484 561 562 aquila
577 484 706 543 exoritur
719 483 850 561 vesperi,
869 483 1039 543 decretorio
1055 482 1103 542 dic
1120 481 1176 542 llo-

167 569 297 631 rentibus
314 569 388 629 oleis
403 568 579 646 vitibusque,
594 569 619 626 si
632 567 819 646 plenilunium
830 568 859 626 in
874 585 939 626 eum
953 567 1070 627 incidat.
1090 565 1176 644 equi·

168 654 233 714 dem
257 663 286 714 et
308 654 460 714 solstitium
475 665 549 712 vm.
567 651 626 711 kal.
641 650 694 710 lul.
711 651 797 710 simili
816 669 903 712 causa
924 650 1055 711 duxerim
1079 659 1109 709 et
1126 665 1176 709 ca·

166 740 211 797 nis
232 746 325 797 ortum
346 747 414 816 post
433 737 496 798 dies
522 734 680 796 asolstitio
703 748 811 811 xxm,
841 734 895 795 sed
914 734 1071 795 interlunio
1093 735 1197 794 acci-u

167 821 271 898 dente,
296 822 430 900 quoniam
449 837 561 900 vapore
583 827 697 879 constat
718 819 805 898 culpa
826 821 961 898 acinique
988 834 1175 898 praecocun-

166 915 211 966 tur
225 907 255 965 in
270 906 384 966 callum.
407 923 507 965 rursus
525 903 711 983 plenilunium
727 912 817 963 nocet
832 921 859 963 a.
872 902 901 963 d.
917 915 980 963 1111.
997 919 1090 963 nonas
1104 900 1174 978 lul,

167 1009 231 1050 cum
249 990 388 1069 Aegypto
413 988 542 1050 nanicula
565 987 711 1063 exoritur,
735 986 785 1047 vel
806 996 887 1047 certe
909 1001 980 1047 xvi„
997 986 1055 1046 kal.
1071 985 1174 1064 Augu·

168 1084 244 1150 stas,
278 1092 342 1135 cunr
372 1072 491 1149 ltaliae,
524 1073 592 1132 item
612 1083 688 1132 X111.
710 1071 769 1132 kal.
795 1070 959 1148 Augustas,
990 1088 1053 1130 cnm
1075 1071 1176 1148 aquila

124 1159 302 1234 toboccidit,
318 1159 452 1237 usquein
467 1172 501 1217 x.
515 1155 656 1216 kalendas
673 1156 800 1217 easdem.
820 1155 969 1216 extrahas
985 1173 1090 1216 causas
1105 1163 1207 1216 sunttt

165 1243 279 1302 Vinalia
302 1241 410 1318 altera,
442 1258 518 1320 quae
538 1248 661 1317 aguntur
684 1257 709 1298 a.
726 1239 754 1300 d.
770 1253 858 1300 xr111.
874 1239 1016 1300 kalendas
1037 1239 1175 1318 Septem·

167 1326 237 1386 bris.
267 1325 362 1385 Varro
378 1343 413 1386 ea
429 1324 546 1386 fidicula
561 1326 718 1402 incipiente
734 1324 872 1384 occidere
887 1343 971 1385 mane
987 1324 1174 1398 determinat,

167 1410 245 1489 quod
260 1409 324 1468 volt
337 1409 445 1469 initium
462 1409 585 1469 autumni
605 1425 674 1466 esse
692 1416 722 1466 et
740 1406 816 1467 bunc
835 1408 911 1468 diem
931 1409 1037 1468 festum
1059 1416 1174 1486 tempe·

168 1494 289 1555 statibus
300 1493 443 1555 leniendis
457 1495 624 1554 institutum.
648 1509 724 1551 nunc
738 1491 882 1552 lidiculanr
899 1493 1038 1552 occidere
1051 1491 1114 1552 a.d.
1124 1504 1171 1550 vr.

124 1579 246 1642 ttoidus
263 1578 409 1655 Augustas
426 1587 567 1639 servatur.
589 1576 629 1656 {5}
645 1575 722 1637 lutra
738 1575 812 1636 haec
828 1585 941 1636 constat
959 1576 1097 1636 caelestis
1111 1584 1204 1635 ste-tt

166 1663 275 1739 rilitas,
297 1680 393 1742 neque
407 1663 575 1740 negaverim
589 1677 679 1738 posse
696 1678 760 1720 eam
773 1670 938 1739 permutare
954 1661 1112 1738 algentium
1129 1659 1173 1720 lo·

168 1764 267 1807 corum
291 1755 322 1807 et
347 1747 536 1808 aestuantium
555 1753 680 1806 naturas.
714 1755 744 1804 et
757 1763 773 1804 a
787 1745 873 1805 nobie
885 1747 1031 1805 rationem
1051 1744 1172 1806 demon·

167 1839 284 1890 stratam
301 1849 369 1890 esse
396 1831 466 1890 satis
491 1838 553 1905 est,
582 1829 695 1907 reliqua
711 1827 916 1892 observatione
938 1831 1078 1908 cuiusque
1101 1846 1172 1890 con·

167 1913 291 1974 stabunt.
324 1913 491 1974 alterutrum
515 1912 629 1991 quidem
649 1913 714 1973 lore
734 1914 763 1973 in
784 1931 888 1991 cansa,
910 1914 968 1974 boc
983 1923 1029 1974 est
1045 1913 1171 1994 plenilu-

124 1998 263 2062 291ninm
284 2006 333 2056 aut
351 1997 549 2073 interlunium,
574 2013 632 2056 non
653 1998 708 2057 erit
725 1997 849 2058 dubium.
890 2007 919 2058 et
937 1999 966 2058 iu
990 1998 1048 2058 hoc
1071 1997 1214 2068 mirarittl

166 2081 374 2157 benignitatem
395 2091 513 2142 naturae
534 2081 694 2158 succurrit,
720 2083 775 2142 iam
798 2083 920 2160 primum
944 2081 1019 2144 banc
1039 2082 1172 2142 iniuriam

167 2163 297 2224 omnibus
323 2165 404 2224 annis
429 2165 566 2226 accidere
587 2183 645 2225 non
661 2182 753 2244 posse
778 2175 900 2244 propter
926 2174 1018 2226 statos
1043 2165 1172 2226 siderum

168 2265 279 2323 cursus,
307 2265 363 2308 nec
378 2250 432 2309 nisi
447 2251 549 2328 paucis
562 2248 695 2309 noctibus
713 2251 788 2325 anni,
810 2250 898 2328 idque
914 2249 1029 2329 quando
1044 2249 1172 2310 futurum

165 2331 202 2391 sit
217 2330 305 2392 lacile
325 2335 417 2393 nosci.
448 2351 483 2393 ac
504 2351 541 2392 ne
561 2351 616 2412 per
630 2334 721 2393 omnis
742 2352 859 2394 menses
873 2335 1039 2410 timeretur,
1072 2350 1173 2394 earnm

166 2433 283 2494 quoqne
307 2416 375 2494 lege
401 2417 522 2496 divisum
547 2425 658 2477 aestate
679 2418 830 2479 interlunia
851 2427 1056 2498 praeterquam
1081 2411 1214 2502 biduom!

165 2517 270 2562 secura
287 2519 372 2578 esse,
397 2500 492 2561 hieme
507 2500 675 2578 plenilunio,
694 2520 751 2562 nec
766 2503 820 2562 nisi
837 2503 955 2564 aestivis
976 2501 1171 2562 brevissimis·

122 2592 173 2647 292
185 2601 242 2662 que
258 2584 391 2646 noctibus
405 2584 509 2660 metui,
526 2582 629 2644 diebus
643 2602 702 2645 non
715 2587 784 2646 item
798 2587 910 2647 valore.
940 2594 1098 2666 praeterea
1113 2595 1171 2646 tam

164 2667 252 2728 iacile
277 2668 410 2746 intellegi
427 2676 459 2728 ut
480 2668 602 2728 lormica
623 2670 774 2730 minumum
795 2671 898 2731 animal
913 2671 1070 2732 interlunio
1088 2671 1170 2750 qnie-

164 2759 244 2827 scat,
268 2752 428 2830 plenilunio
450 2752 536 2812 etiam
553 2753 688 2813 noctibus
703 2763 861 2833 operetur,
880 2771 963 2815 avem
980 2772 1097 2834 parram
1112 2754 1171 2816 cri·
1213 2795 1214 2798 =

165 2842 232 2894 ente
247 2837 316 2895 sirio
336 2837 402 2916 ipso
418 2837 465 2898 die
483 2854 541 2898 non
559 2837 721 2916 adparere,
748 2837 843 2900 donec
857 2839 990 2914 occidat,
1016 2857 1035 2898 e
1050 2833 1214 2918 diversos!

165 2917 345 2980 chlorionem
362 2920 480 3000 prodire
495 2923 561 3002 ipso
579 2921 625 2982 die
641 2922 758 2999 solstiti,
772 2931 904 2984 neutrum
918 2939 991 2984 vero
1007 2922 1096 2984 lunae
1112 2931 1170 2983 sta·
1212 2919 1214 2930 ἲ

163 3011 222 3062 tum
244 3005 360 3064 noxium
382 3025 468 3082 esse,
494 3025 531 3067 ne
552 3006 687 3066 noctibus
702 3007 817 3086 quidem
841 3007 896 3067 uisi
917 3008 1032 3068 serenis
1048 3017 1078 3068 et
1093 3005 1171 3067 omni

163 3105 232 3149 aura
248 3089 435 3168 quiescente,
462 3091 596 3170 quoniam
611 3109 706 3170 neque
723 3091 753 3151 in
773 3091 850 3152 nube
872 3109 970 3172 neque
986 3092 1016 3152 in
1035 3091 1105 3152 datu
1123 3107 1169 3151 oa·

163 3170 232 3233 dunt
246 3190 349 3252 rores,
374 3175 417 3235 sic
433 3192 551 3255 qnoque
565 3193 623 3236 non
638 3176 700 3234 sine
718 3175 859 3236 remedio.

119 3263 172 3319 tito
234 3257 318 3339 (70.)
342 3259 492 3320 Sarmenta
512 3267 561 3319 aut
575 3260 725 3339 palearum
738 3277 863 3320 acervos
878 3267 910 3319 et
926 3258 1045 3320 evolsas
1060 3257 1214 3328 herbanum

162 3339 343 3422 fruticesque
359 3344 530 3422 pervincas
551 3361 746 3424 camposque,
773 3362 836 3404 cum
852 3343 984 3421 timebis,
1007 3343 1168 3418 incendite,

161 3422 254 3484 fumum
268 3427 439 3488 medebitur.
472 3427 520 3488 hic
536 3446 553 3488 e
569 3429 663 3507 paleis
689 3437 719 3489 et
739 3438 838 3491 contra
858 3427 981 3490 nebulas
1002 3428 1168 3502 auxiliatur,

161 3505 210 3566 ubi
227 3509 353 3572 nebulae
373 3520 488 3573 nocent.
521 3512 635 3592 quidam
655 3513 708 3574 tris
729 3531 852 3576 cancros
872 3515 956 3574 vivos
981 3514 1107 3575 cremari
1128 3512 1168 3571 in·
