2370 3922
154 297 175 357 4
507 307 537 355 c.
553 307 651 354 ιιιιιι
666 306 816 354 suenum

155 462 373 526 exscreantibus
394 469 424 521 et
443 462 593 522 mulierum
612 480 629 520 ι
643 469 787 540 conceptu
804 461 962 522 defectioni
978 461 1060 522 diluti
1073 471 1142 560 potu

152 553 284 627 prosunt.
315 554 420 606 cortex
442 547 540 604 vitium
562 553 592 606 et
612 544 682 605 lolia
703 545 782 604 arida
805 544 958 604 volnerum
979 548 1143 622 sanguinem

153 633 259 692 sistunt
289 631 440 727 ipsumque
466 628 570 688 volnus
599 626 808 726 conglutinant.
850 629 918 686 vitis
943 628 1026 688 albae
1045 629 1142 688 viridis

83 747 84 755 .
153 721 255 774 tunsae
269 729 339 772 suco
357 712 542 790 impetigines
557 710 704 770 tolluntur.
732 711 803 770 cinis
815 718 1026 771 sarmentorum
1035 713 1143 770 vitium-

65 807 70 820 ·
152 814 210 875 que
234 805 264 856 et
286 797 471 855 vinaceorum
492 793 701 869 condylomatis
724 801 754 852 et
772 792 851 852 sedis
868 795 945 852 vitiis
961 793 1094 853 medetur
1109 813 1161 854 ere

152 889 254 956 aceto,
269 880 339 938 item
352 877 456 937 luxatIs
475 885 506 936 et
520 877 656 936 ambustis
675 885 705 936 et
722 875 807 936 lienis
825 878 929 935 tumori
944 894 1008 936 curn
1024 895 1142 937 rosaceo

152 970 182 1024 et
204 970 268 1022 ruta
292 969 323 1022 et
343 969 436 1020 aceto.
469 963 539 1019 item
558 961 618 1036 igni
638 977 722 1019 sacro
744 978 783 1018 ex
803 962 871 1019 vino
895 961 967 1019 citra
988 959 1085 1020 oleum
1100 961 1143 1020 ad·

123 1047 301 1124 ospergitur
316 1052 347 1103 et
360 1045 554 1120 intertrigini,
571 1051 601 1103 et
615 1042 691 1121 pilos
707 1041 838 1102 absumit.
866 1043 932 1102 dant
950 1052 980 1103 et
993 1044 1143 1103 bibendum

151 1131 280 1189 cinerem
304 1135 513 1186 sarmentorum
537 1124 573 1185 ad
594 1125 680 1186 lienis
701 1126 829 1186 remedia
843 1135 929 1186 aceto
947 1144 1142 1206 consparsum,

150 1215 191 1272 ita
206 1220 239 1270 ιιι
255 1212 315 1270 bini
330 1209 425 1285 cyathi
442 1211 471 1268 in
488 1209 585 1286 tepida
599 1225 672 1287 aqna
686 1209 822 1269 bibantur
834 1217 921 1288 utque
934 1212 983 1289 qui
997 1211 1107 1269 biberit
1117 1211 1171 1269 ino

151 1295 258 1356 lienem
274 1296 375 1354 iaceat.
404 1292 562 1352 claviculae
579 1294 661 1371 ipsae
678 1292 781 1370 quibus
802 1301 907 1372 repunt
919 1295 996 1352 vites
1012 1295 1098 1352 tritae
1110 1311 1144 1352 en

122 1390 223 1456 unqua
243 1385 331 1456 potae
351 1377 456 1436 sistunt
473 1377 661 1435 vomitionum
682 1377 926 1446 consuetudinem.
961 1377 1034 1436 cinis
1049 1378 1145 1434 vitium
1176 1395 1178 1450 ι

151 1479 214 1522 cum
231 1461 353 1536 axungia
369 1467 472 1519 vetere
489 1467 590 1518 contra
606 1467 733 1518 tumores
752 1459 884 1536 prolicit,
901 1459 1013 1518 listulas
1032 1468 1144 1538 purgat,

149 1561 218 1603 mox
233 1553 264 1604 et
282 1551 434 1622 persanat,
449 1559 604 1602 nervorum
620 1541 738 1602 dolores
751 1543 863 1619 frigore
878 1551 960 1602 ortos
972 1544 1144 1602 contractio

149 1644 278 1706 nosque,
293 1634 448 1687 contunsas
463 1642 536 1685 vero
551 1626 642 1703 partis
658 1643 721 1684 cnm
733 1625 819 1702 oleo,
836 1627 930 1685 carnis
945 1626 1164 1685 excrescentiro

149 1711 180 1770 in
201 1710 316 1772 ossibus
339 1717 501 1769 canaceto
518 1715 548 1768 et
566 1710 661 1806 nitro,
684 1711 869 1786 scorpionum
884 1716 915 1767 et
931 1725 1033 1768 canum
1048 1708 1139 1786 plagas

151 1811 214 1852 cum
229 1793 305 1854 oleo.
337 1793 454 1851 corticis
470 1809 525 1871 per
539 1809 572 1851 se
589 1793 661 1852 cinis
678 1792 836 1852 combustis
853 1791 930 1870 pilos
949 1791 1054 1851 reddit

121 1887 138 1943 7
208 1879 242 1954 (4
245 1878 269 1955 .)
285 1873 468 1953 omphacium
485 1891 540 1962 qna
550 1875 635 1935 lieret
647 1877 759 1936 ratione
775 1877 941 1955 incipientis
953 1892 1027 1934 uvae
1043 1875 1143 1953 puber·

108 1960 142 2038 „g
119 1961 219 2019 ²tate
248 1961 278 2018 in
307 1966 516 2035 unguentorum
537 1958 605 2018 loco
628 1958 783 2019 docuimus.
823 1977 897 2019 nnnc
920 1958 955 2019 ad
977 1959 1144 2018 medicinam

150 2043 186 2104 de
203 2058 241 2102 eo
256 2042 430 2140 pertinentia
446 2041 642 2102 indicabimus.
678 2043 765 2102 Sanat
780 2060 814 2103 aa
833 2060 906 2121 quae
926 2045 957 2101 in
971 2059 1075 2102 tumore
1090 2045 1176 2124 ιίιιιιι

148 2126 264 2201 ulcera,
289 2133 320 2184 ut
342 2125 420 2200 oris,
437 2125 631 2202 tonsillarum,
647 2127 822 2204 genitalium.
856 2126 1007 2187 oculorum
1023 2125 1142 2185 claritati
1173 2103 1176 2192 l

149 2208 308 2287 plurumum
334 2207 465 2285 confert,
496 2208 650 2269 scabritiae
671 2227 809 2287 genarum
830 2209 1037 2287 ulceribusque
1062 2227 1143 2286 angu-

148 2292 258 2368 lorum,
274 2290 436 2368 nubeculis,
451 2291 598 2352 ulceribus
614 2310 791 2372 quacumque
806 2295 836 2352 in
851 2301 936 2371 parte
953 2294 1142 2368 manantibus,

149 2374 330 2434 cicatricibus
351 2374 499 2452 marcidis,
527 2375 644 2436 ossibus
667 2376 820 2456 purulente
843 2375 966 2436 limosis.
999 2377 1142 2452 mitigatur

89 2467 96 2484 ·
148 2457 332 2519 vehementia
353 2459 415 2518 eius
438 2457 525 2518 melle
550 2468 598 2518 aut
617 2477 713 2537 passo.
751 2459 874 2539 prodest
895 2467 926 2519 et
947 2459 1141 2536 dysintericis,

149 2542 317 2618 sanguinem
332 2541 567 2616 exscreantibus,
585 2545 705 2620 anginis.

120 2637 138 2692 8
206 2625 266 2702 (5.)
282 2623 584 2703 Ompbaciocobaeret
597 2624 739 2686 oenanthe
752 2643 835 2704 quam
846 2629 922 2686 vites
937 2625 1095 2687 silvestres
1106 2628 1142 2685 ie

106 2707 142 2784 ξι,
157 2715 237 2783 runt,
259 2708 334 2768 dicta
351 2707 435 2768 nobis
450 2709 479 2768 in
496 2712 634 2786 unguenti
653 2712 775 2769 ratione.
797 2709 991 2769 laudatissima
1004 2712 1033 2768 in
1052 2709 1141 2785 Syria,

148 2807 277 2850 maxume
304 2793 380 2850 circa
401 2791 574 2852 Antiochiae
601 2801 631 2852 et
653 2791 814 2853 Laodiceae
837 2793 943 2852 montis
967 2801 997 2852 et
1021 2811 1061 2852 ex
1081 2793 1142 2852 alba

148 2875 217 2932 vite.
232 2874 404 2951 refrigerat,
419 2875 589 2974 adstringit,
603 2875 771 2936 volneribus
785 2878 976 2960 inspergitur,
994 2877 1141 2937 stomacho

148 2955 287 3056 inlinitur,
302 2958 380 3016 utilis
396 2959 495 3018 urinae
502 2961 676 3036 i,ocineris,
694 2962 797 3038 capitis
813 2951 975 3036 doloribus,
991 2960 1154 3037 dysinteri-

148 3041 202 3116 cis,
220 3040 368 3117 coeliacis,
383 3041 549 3117 cholericis,
565 3051 666 3101 contra
681 3042 795 3103 fastidia
811 3041 900 3104 obolo
918 3059 957 3101 ex
967 3052 1055 3104 aceto
1066 3052 1154 3122 pota

148 3126 238 3184 siccat
254 3125 392 3184 manantis
410 3126 511 3201 capitis
527 3127 707 3202 eruptiones,
725 3126 924 3186 efficacissima
940 3127 974 3186 ad
985 3128 1058 3186 vitia
1071 3143 1139 3204 quae

148 3207 247 3266 sintin
261 3207 362 3266 umidis
375 3206 495 3267 -ideo
510 3215 539 3266 et
552 3210 611 3267 oris
625 3209 769 3269 ulceribus
780 3218 861 3268 -et
873 3210 1013 3269 verendis
1027 3228 1061 3269 ac
1072 3209 1137 3270 sede

117 3279 303 3354 scannello
317 3299 348 3350 et
360 3307 455 3350 croco.
474 3290 814 3369 alvomsistit,'genarum
829 3292 997 3353 scabritiem
1009 3293 1137 3354 emendat

147 3372 353 3450 oculorumque
369 3373 597 3452 lacrimationes,
615 3393 653 3435 ex
665 3379 733 3435 vino
748 3375 887 3435 stomachi
906 3377 1151 3445 dissolutionem·

147 3471 185 3513 ex
206 3470 278 3530 aqua
301 3456 404 3533 irigida
419 3464 489 3533 pota
505 3459 653 3534 sanguinis
669 3461 898 3519 exscreationes.
933 3461 1008 3520 cinis
1026 3459 1134 3521 eiusad

159 3534 267 3610 *cllyria
281 3546 311 3597 et
327 3539 361 3598 ad
377 3539 474 3598 ulcera
492 3542 640 3618 purganda
652 3551 681 3602 et
695 3543 871 3620 paronychia
883 3551 914 3604 et
925 3547 1062 3622 pterygia
1074 3557 1134 3622 pro-
