2458 3906
130 242 191 304 182
460 249 490 298 o.
509 250 605 296 Ριιιιι
621 249 771 298 snounnr

129 410 256 471 datuma
275 405 413 466 Cornelio
434 405 567 483 Cethego
589 407 617 465 in
639 405 789 465 consulatu
811 406 929 484 collega
950 407 1047 482 Quinti
1068 406 1137 468 Fla-

130 494 225 552 miuini
243 493 365 552 comitiis
378 493 514 568 peractis.
542 490 664 550 amicitia
677 491 704 550 ei
717 508 780 550 oum
792 490 848 550 lico
860 500 977 567 tantum,
993 509 1137 570 nusquam

88 578 247 644 1571aetior
261 577 397 655 provenit
409 593 492 654 quam
504 574 558 634 sub
573 574 628 635 hac
639 574 756 638 arbore.
773 577 880 635 seritur
891 584 921 635 et
932 576 1061 654 surculo,
1074 595 1136 636 me-

128 662 184 724 lius
202 662 230 720 in
246 660 423 740 perforatam
437 658 533 720 fabam
549 659 649 734 indito,
668 676 742 738 quae
760 676 831 719 suco
848 662 935 721 nutrit
950 661 1136 739 conprehen-

129 745 223 807 dendo
246 744 401 806 surculum.
433 745 505 804 serit
527 753 555 803 et
577 762 610 803 se
637 744 715 821 ipsa,
755 761 878 823 namque
906 747 1056 806 incurvato
1085 757 1161 804 cat

129 831 241 890 cumine
258 830 379 890 alicuius
394 829 476 904 rami,
492 847 557 888 curn
572 829 699 906 attigerit
718 836 840 905 terram,
864 831 960 889 statim
974 829 1134 890 radicatur.

128 914 238 974 Eadem
255 923 285 973 et
300 913 394 974 ocimo
413 923 524 986 natura,
542 914 598 972 nisi
615 912 692 991 quod
709 912 854 973 diiiioilios
869 915 985 973 arescit.
1012 914 1066 974 sed
1083 913 1134 973 du·

128 1008 188 1060 rata
203 1007 338 1058 runcatur
351 1015 409 1058 non
423 999 485 1058 sine
503 996 674 1057 difficultate
686 999 832 1074 pruritivis
851 997 1013 1074 ulceribus,
1028 1001 1057 1058 ni
1072 1015 1135 1058 mu-

126 1085 193 1144 nitis
207 1082 337 1143 manibus
352 1083 379 1142 id
397 1083 446 1141 liat
462 1081 569 1142 oleove
582 1081 721 1141 delensis.
748 1082 909 1142 conduntur
918 1091 1012 1142 autem
1025 1092 1054 1142 et
1071 1084 1136 1143 eins

127 1168 198 1228 lolia
213 1176 423 1246 servanturque
440 1164 598 1226 fasciculis.
1146 1172 1172 1214 1⁰

86 1263 136 1316 las
201 1252 285 1330 (46.)
307 1251 352 1310 Ab
378 1251 564 1329 aequinoctio
584 1267 675 1310 verno
693 1251 799 1310 seritur
821 1251 916 1329 apium
931 1253 1040 1312 semine
1061 1269 1134 1330 pau-

128 1337 185 1396 lum
201 1337 229 1395 in
246 1336 304 1413 pila
323 1335 449 1413 pulsato.
480 1336 603 1414 crispius
620 1337 663 1395 sic
678 1343 778 1413 putant
793 1335 856 1395 lieri
868 1344 916 1396 aut
927 1339 952 1397 si
968 1346 1060 1397 satum
1073 1335 1135 1397 oal-
1156 1335 1160 1340 ’

127 1430 209 1480 cetur
229 1420 360 1495 cylindro
377 1419 550 1498 pedibusve.
582 1419 731 1518 proprium
746 1421 774 1480 ei
792 1419 871 1499 quod
887 1421 1017 1480 colorem
1032 1429 1134 1482 mutat.

125 1505 245 1565 honos'
237 1524 265 1565 ιιι
284 1504 393 1564 Achaia
410 1520 553 1564 coronare
569 1505 699 1564 victores
719 1507 795 1564 sacri
812 1506 976 1565 certaminis
992 1503 1134 1566 Nemeae.

85 1597 135 1653 159
205 1589 289 1669 (47)
313 1588 425 1648 Eodem
440 1597 572 1668 tempore
593 1591 699 1648 seritur
713 1598 807 1650 menta
823 1589 919 1668 planta
935 1589 999 1667 vel,
1020 1593 1044 1651 si
1061 1608 1134 1650 non·
1145 1599 1171 1640 ¹³

73 1723 77 1732 .
125 1674 357 1752 dumgerminat,
375 1690 515 1752 spongea.
544 1659 710 1734 conminus
731 1673 804 1734 haec
825 1672 1051 1752 umidogaudet.
1083 1692 1135 1736 ae·

127 1768 201 1819 state
216 1760 302 1834 viret,
319 1759 414 1817 hieme
428 1758 569 1818 llavescit.
604 1757 739 1818 Genus
712 1777 774 1818 erus
786 1757 922 1818 silvestre
934 1768 1134 1820 mentastrum.

126 1862 164 1902 ex
174 1843 231 1903 hoc
246 1851 424 1921 propagatur
439 1850 470 1900 ut
483 1843 560 1916 vitis,
577 1841 667 1902 rel
643 1861 667 1902 st
682 1843 790 1903 inversi
802 1843 872 1903 rami
883 1853 1025 1904 serantur.
1051 1843 1134 1904 Meu-

125 1935 172 1987 tae
189 1943 293 1986 nomen
310 1928 436 1985 suavitas
455 1925 554 1985 odoris
572 1927 647 2004 apud
663 1927 793 1988 Graecos
812 1927 947 2004 mutavit,
973 1946 1037 1989 cum
1058 1928 1133 1989 alio-

126 2012 173 2089 qui
192 2011 296 2070 mintha
311 2019 483 2089 vocaretur,
501 2010 577 2071 unde
593 2020 711 2072 veteres
725 2013 817 2072 nostri
836 2028 941 2072 nomen
963 2012 1131 2074 declinave-
1143 2023 1168 2064 ²⁰

84 2105 135 2159 160
143 2104 215 2154 runt.
248 2093 335 2154 Grato
350 2103 444 2154 menta
461 2111 575 2156 mensas
598 2096 690 2156 odore
713 2097 856 2175 percurrit
872 2097 900 2155 in
917 2098 1033 2158 rusticis
1052 2098 1133 2176 dapi-

126 2179 188 2240 bus.
205 2179 296 2238 semel
309 2187 371 2238 sata
384 2178 490 2239 diutina
502 2188 597 2240 aetate
609 2180 701 2240 durat.
721 2181 853 2258 congruit
865 2181 975 2259 puleio,
989 2184 1072 2243 cuius
1083 2199 1133 2242 na-

85 2263 275 2346 1ξ’·ζξξιιιιιιῑιι
288 2263 425 2323 carnariis
441 2263 637 2324 reflorescens
657 2267 773 2344 saepius
786 2265 863 2327 dicta
881 2275 935 2326 est.
969 2266 1044 2328 haec
1060 2284 1132 2345 quo·

126 2367 182 2427 que
199 2357 352 2408 servantur
366 2348 450 2408 simili
467 2365 595 2425 genere,
609 2358 732 2410 mentam
747 2351 813 2410 dico
828 2348 1014 2430 puleiumque
1035 2360 1065 2412 et
1082 2369 1133 2412 ue·

125 2441 230 2511 petam.
265 2433 513 2494 condimentorum
528 2442 623 2494 tamen
638 2435 761 2495 omnium
783 2452 876 2513 aquae
899 2435 1022 2496 fastidiis
1043 2436 1167 2496 cumi-2⁵

83 2529 206 2583 161num
223 2518 434 2578 amicissimum.
461 2519 589 2578 nascitur
604 2519 633 2578 in
648 2537 758 2580 summa
772 2519 878 2579 tellure
894 2521 944 2580 vin
959 2520 1086 2581 haerens
1103 2529 1134 2580 et
1185 2545 1189 2552 ·

124 2603 153 2663 in
169 2603 291 2662 sublime
309 2601 441 2661 tendens.
466 2603 493 2661 in
505 2602 636 2701 putribus
650 2612 679 2662 et
690 2604 791 2664 calidis
803 2621 935 2665 maxume
948 2605 1022 2665 locis
1035 2604 1132 2665 medio

124 2686 279 2747 serendum
294 2705 375 2746 vere
407 2687 528 2746 alterum
545 2688 607 2746 eius
623 2706 716 2765 genus
732 2689 885 2765 silvestre,
902 2688 980 2768 quod
992 2691 1133 2751 rusticum

123 2780 245 2847 vocant,
269 2771 317 2831 alii
333 2769 525 2846 Thebaicum,
549 2771 573 2830 si
589 2774 684 2831 tritum
702 2791 740 2832 ex
760 2791 834 2852 aqua
851 2773 991 2851 potetur
983 2791 1012 2833 ιιι
1027 2774 1132 2834 dolore

123 2816 275 2915 stomachi.
303 2855 331 2914 in
347 2851 519 2932 Carpetania
534 2858 625 2916 nostri
643 2857 723 2917 orbis
739 2875 871 2917 maxume
887 2856 1034 2935 laudatur,
1059 2857 1166 2919 alio-³⁰

124 2958 172 3018 qur
166 2936 364 3017 Aethiopico
377 2939 538 3020 Africoque
555 2941 649 3019 palma
666 2951 719 3002 est.
747 2942 859 3021 quidam
874 2942 942 3002 huic
953 2942 1131 3021 Aegyptium

120 3023 298 3103 praeierunt

83 3118 131 3173 162
201 3107 284 3186 (48)
302 3107 360 3168 Sed
373 3127 532 3189 praecipue
546 3109 703 3170 olusatrum
714 3128 803 3172 murae
815 3119 935 3172 naturae
948 3121 1002 3171 est
1027 3111 1132 3211 hippo:
1227 3069 1228 3142 ᾗ

124 3192 245 3254 solinum
268 3190 371 3253 Graeci
392 3203 517 3268 vocant,
538 3195 587 3254 alii
607 3197 771 3296 zmyrnium.
807 3195 957 3256 elacrima
976 3195 1070 3256 caulis
1088 3197 1133 3256 sui

123 3277 258 3338 nascitur.
289 3279 393 3337 seritur
412 3287 441 3337 et
461 3279 568 3339 radice.
609 3296 708 3339 sucum
729 3280 792 3340 eius
817 3281 865 3358 qui
891 3280 1032 3357 colligunt
1053 3299 1132 3340 mur·
1141 3300 1164 3340 aa

124 3379 174 3421 rae
191 3378 327 3440 saporem
341 3360 450 3421 habere
466 3362 574 3440 dicunt,
593 3372 753 3443 auctorque
766 3374 811 3425 est
823 3364 1042 3445 Theophrastus
1054 3383 1130 3426 mor·
1226 3377 1228 3450 p

82 3453 170 3508 163ra
187 3455 248 3506 sata
266 3455 370 3505 natum.
402 3445 624 3524 llipposelinum
643 3457 762 3508 veteres
778 3458 992 3528 praeceperant
1007 3450 1036 3509 in
1055 3450 1130 3511 locis

123 3530 254 3607 incultis,
280 3530 419 3609 lapidosis
443 3531 520 3592 iuxta
542 3533 696 3594 maceriam
717 3534 786 3597 seri.
816 3551 890 3594 nunc
907 3543 936 3594 et
949 3536 1130 3614 repastinato
1226 3553 1228 3614 g

1124 3865 1132 3881 .
1220 3741 1228 3901 l
