2370 3922
157 235 197 296 26
496 245 524 292 c.
541 246 636 292 eursu
654 245 803 292 ausuum

119 410 165 465 127
177 408 272 460 torum
296 402 370 459 ictus
391 406 422 460 et
449 401 527 459 oanis
551 415 673 459 morsus.
708 398 834 458 dentium
856 415 972 477 quoque
993 398 1130 459 dolorihic

157 503 242 544 sucus
268 483 417 562 adpositus
437 485 466 543 in
486 482 549 542 lana
576 482 697 560 prodest
716 489 763 541 aut
785 484 814 540 in
829 501 899 542 cava
915 500 1015 542 corum
1027 482 1130 542 additus.

156 567 288 627 cauliculi
305 576 335 628 et
349 566 420 626 folia
435 567 561 626 admixto
578 583 649 625 ervo
660 573 761 626 contra
773 568 947 625 marinorum
957 583 1065 625 venena
1076 583 1133 644 pro·

158 658 232 710 sunt.
267 652 388 710 adicitur
410 658 439 710 et
457 652 560 710 vinum.
593 649 714 708 bubulas
726 651 820 709 carnis
836 647 923 710 additi
936 649 1032 710 caules
1044 667 1134 726 magno

155 735 227 812 ligni
245 733 407 812 conpendio
423 742 589 812 pereoount
622 735 720 810 grossi
736 732 836 792 inlitae
854 742 976 793 strumas
993 741 1023 792 et
1035 751 1160 798 omnens

157 818 361 878 collectionem
386 817 534 877 emolliunt
557 825 592 876 et
608 817 779 892 discutiunt,
810 816 994 894 aliquatenus
1014 824 1043 876 et
1067 815 1136 876 tolia.

159 919 233 977 quae
250 901 420 962 mollissima
437 909 503 961 sunt
519 919 560 960 ex
571 901 615 958 his
632 918 695 958 cum
710 908 794 960 aceto
811 900 908 960 ulcera
921 891 1073 976 manantia,
1087 895 1138 976 epi-

117 994 168 1048 1²8
178 985 319 1061 nyctidas,
334 985 460 1045 furfures
476 993 584 1044 sanant.
600 1001 663 1043 cum
677 984 763 1043 melle
779 983 858 1044 loliis
876 987 956 1042 ceria
971 991 1103 1044 sanantur
1115 990 1138 1040 et

157 1070 236 1128 canis
252 1077 592 1144 morsusreoentes,eum
603 1071 671 1127 vino
688 1066 903 1146 phagedaenae.
920 1086 983 1127 oum
997 1067 1138 1146 papaueris

157 1152 237 1212 loliis
261 1169 327 1212 ossa
350 1152 510 1212 extrahunt.
539 1153 637 1228 grossi
658 1151 785 1229 caprifici
810 1151 975 1210 inflationes
997 1151 1175 1216 discutimtgg

161 1236 268 1311 suffitu,
284 1269 327 1280 -
345 1237 486 1294 resistunt
502 1242 532 1294 et
547 1236 677 1311 sanguini
693 1236 805 1294 taurino
820 1244 891 1313 poto
910 1243 939 1294 et
956 1233 1101 1312 psimithio
1117 1241 1141 1292 et
1173 1247 1175 1290 ς

159 1318 225 1377 lacti
241 1317 394 1394 coagulato
411 1327 564 1397 potae—‚
582 1320 651 1378 item
665 1319 694 1376 in
710 1336 781 1395 aqua
795 1317 935 1378 decoctae
950 1327 1037 1394 atque
1053 1316 1142 1375 inlitae
1173 1335 1175 1402 p

161 1402 316 1479 parotidas.
346 1401 477 1462 cauliculi
500 1411 548 1460 aut
570 1403 668 1477 grossi
696 1403 758 1460 eius
781 1419 864 1478 quam
888 1402 1096 1460 minutissimae
1115 1399 1143 1459 ad
1173 1409 1175 1456 i

119 1495 169 1550 ma
179 1487 364 1562 scorpionum
389 1488 463 1545 ictus
487 1505 504 1545 e
531 1487 599 1544 vino
625 1485 769 1544 bibuntur.
804 1485 849 1546 lac
882 1502 1000 1562 quoque
1033 1483 1144 1544 instilla·
1173 1507 1175 1558 9

159 1577 205 1628 tur
222 1569 327 1647 plagae
344 1577 374 1628 et
395 1569 466 1629 lolia
487 1571 679 1646 inponuntur,
705 1571 775 1627 item
796 1569 936 1628 adversas
957 1585 1069 1628 murem
1092 1567 1175 1644 ara-ul

159 1670 252 1715 neum.
301 1652 507 1712 cauliculormu
537 1653 608 1712 cinis
637 1670 719 1711 uvam
749 1652 871 1712 faucium
902 1651 1002 1726 sedat,
1038 1653 1143 1710 arboris
1173 1659 1175 1682 ⁴

159 1738 251 1814 ipsius
275 1739 347 1796 cinis
370 1755 409 1796 ex
428 1736 515 1796 melle
536 1734 687 1812 ringella,
710 1735 792 1795 radix
807 1736 1007 1796 defervefacta
1030 1738 1061 1794 in
1085 1732 1151 1794 vino

160 1820 287 1880 dentium
301 1819 428 1879 dolores.
463 1820 585 1879 hiberna
607 1819 757 1897 caprificus
773 1821 804 1878 in
823 1827 908 1880 aceto
929 1827 1012 1879 cocta
1035 1827 1068 1878 et
1089 1820 1145 1876 trita

161 1903 436 1980 inpetiginestollit.
454 1903 609 1962 inlinuntur
621 1911 748 1962 ramenta
761 1921 778 1962 e
790 1921 869 1963 ramo
877 1905 940 1962 siue
951 1905 1065 1963 cortice
1073 1919 1147 1980 quam
1173 1935 1175 1952 1

119 1998 170 2051 130
180 1987 367 2058 minutissima
382 1986 417 2045 ad
433 1987 531 2045 scohis
546 1986 665 2046 modum.
698 1987 836 2064 caprifico
857 2004 973 2064 quoque
994 1953 1175 2074 medicinaed

161 2069 243 2128 unius
260 2069 424 2127 miraculum
438 2070 722 2147 additur‚‚oorticem
738 2072 800 2130 eius
820 2072 1063 2130 intumescentem
1084 2087 1147 2148 puer
1174 2077 1175 2080 ’

161 2151 276 2228 inpubis
295 2153 319 2208 si
336 2151 466 2211 defracto
481 2170 559 2212 ranno
578 2153 710 2213 detrahat
725 2154 878 2230 dentibus,
892 2153 1048 2214 medullam
1067 2155 1147 2232 ipsam

161 2233 341 2310 adalligatam
359 2243 426 2295 ante
447 2236 518 2296 solis
543 2245 635 2296 ortum
657 2237 816 2315 prohibere
838 2247 969 2298 strumas.
1004 2238 1146 2316 caprificus

162 2327 261 2378 tauros
283 2318 441 2395 quamlibet
464 2320 573 2380 ferocis
595 2320 672 2380 collo
696 2339 797 2380 eorum
814 2321 988 2381 circumdata
1003 2323 1034 2380 in
1050 2329 1146 2380 tantum

160 2402 283 2462 mirabili
299 2410 398 2462 natura
415 2407 565 2483 conpescit
581 2413 611 2463 ut
626 2402 772 2464 inmobilis
788 2413 927 2486 praestet.
1152 2409 1175 2480 t}

123 2499 171 2554 131
229 2487 311 2564 (65.)
332 2485 456 2546 Herbam
472 2505 587 2566 quoque
605 2487 707 2549 Graeci
726 2491 847 2550 erineon
859 2497 966 2548 vocant
980 2487 1147 2548 reddendam
1172 2489 1175 2568 l

163 2574 191 2631 in
208 2571 264 2632 hoe
278 2571 344 2629 loeo
358 2579 480 2649 propter
496 2572 696 2648 gentilitatem.
721 2573 848 2650 palmum
859 2573 916 2632 alta
928 2581 986 2648 est,
1006 2571 1146 2632 cauliculis
1174 2575 1175 2598 ³

164 2658 259 2733 quinis
275 2656 354 2729 iere,
372 2657 456 2716 ocimi
474 2654 670 2732 similitudine,
683 2655 736 2715 dos
752 2657 898 2733 candidus,
917 2675 1020 2716 semen
1034 2659 1146 2734 nigrum,

165 2756 295 2815 parvom,
310 2741 406 2798 tritum
421 2756 483 2798 eum
500 2739 599 2798 Attico
615 2739 703 2799 melle
720 2740 868 2800 oculorum
884 2740 1038 2818 epiphoris
1060 2739 1146 2799 mede·

163 2829 208 2880 tur
225 2821 252 2880 ll
269 2822 426 2883 drachmis
443 2842 506 2882 oum
521 2822 703 2898 cyathisllll.
719 2823 859 2901 decerpto
873 2840 952 2882 ramo
969 2833 1067 2882 manat
1083 2823 1168 2883 lactea

163 2902 253 2962 multo
268 2904 351 2966 dulei.
386 2907 476 2967 herba
490 2925 627 2985 perquam
641 2907 719 2965 utilis
731 2909 839 2967 aurium
851 2907 946 2967 dolori
962 2909 1031 2966 nitri
1051 2909 1146 2984 exiguo

161 2985 269 3046 addito.
301 2989 371 3048 lolia
386 2992 667 3050 resistuntvenenis.
1008 2997 1011 3001 ’

124 3081 175 3136 raa
237 3071 319 3149 (66.)
353 3072 438 3133 Proui
454 3075 523 3134 lolia
539 3073 659 3134 decocta
673 3073 815 3151 tonsillis,
837 3076 980 3151 gingivis,
999 3091 1076 3133 uvae
1090 3089 1146 3152 pro

166 3157 375 3231 sustinone,
403 3156 526 3217 decocto
549 3175 585 3218 eo
609 3157 731 3218 subinde
752 3159 869 3217 conluto
890 3175 951 3221 ore.
982 3159 1047 3234 ipsa
1067 3171 1146 3235 prum

165 3240 260 3299 alvom
270 3237 412 3313 molliunt,
429 3241 576 3300 stomacho
588 3259 646 3302 non
657 3242 820 3319 utilissima,
837 3241 889 3302 sed
903 3241 987 3301 hre'vi
999 3246 1168 3300 momentus

228 3320 308 3400 (67.)
344 3319 468 3382 Utiliora
483 3328 612 3404 persica,
630 3343 774 3403 sucusque
797 3344 914 3402 eorum,
931 3327 1020 3384 etiam
1040 3327 1070 3383 in
1086 3325 1143 3380 vino

165 3413 213 3464 aut
228 3408 257 3463 in
272 3413 374 3480 aceto,
401 3422 567 3483 expressus.
588 3412 637 3487 qui
655 3409 727 3468 alius
745 3411 788 3469 eis
806 3412 899 3488 pomis
916 3409 1099 3470 innocentior
1111 3405 1143 3462 ei·

167 3485 243 3546 husi
272 3505 409 3564 nusquam
423 3489 514 3548 nunus
534 3492 644 3570 odoris,
663 3496 723 3552 suoi
741 3494 818 3571 plus,
839 3495 887 3571 qui
903 3501 998 3552 tamen
1016 3493 1089 3551 sitim
1102 3488 1144 3548 sti·
