2370 3922
4 285 6 354 p
243 273 323 320 unu.
341 273 431 322 uisu.
449 273 558 322 xx11u.
576 269 634 320 aa.
654 262 807 337 (as—au.)
965 263 1006 324 43

81 427 162 505 (33.)
194 425 268 486 lllmi
286 433 315 485 et
330 426 400 488 lolia
415 436 445 486 et
459 435 564 488 cortex
578 436 609 487 et
632 428 701 486 rami
719 428 777 486 vim
799 426 907 488 habent
928 428 1001 504 spis·
1013 438 1050 494 48

22 511 102 570 sandi
125 518 156 570 et
175 510 297 570 volnera
320 510 515 571 contrahendi.
546 511 665 571 corticis
683 511 783 587 utique
800 511 926 570 interior
945 509 1007 570 tilia

3 651 4 654 ,
21 593 117 672 lepras
131 594 214 654 sedat
228 601 258 652 et
272 593 342 653 iolia
355 611 394 652 ex
408 602 493 654 aceto
508 594 599 654 inlita.
637 595 755 654 corticis
774 593 873 654 denari
894 592 1008 670 pondus

3 675 118 759 lpotum
134 678 164 737 in
193 676 306 736 hemina
322 694 412 753 aquae
436 677 559 754 frigidae
583 677 678 736 alvom
705 685 809 754 purgat
830 678 1008 754 pituitasque

2 745 47 854 pet
62 777 151 837 aquas
168 762 301 837 privatim
316 759 410 820 trabit.
441 761 588 838 inponitur
605 769 636 820 et
652 759 875 830 collectionibus
891 759 1008 820 lacrima
1048 769 1051 777 “

3 852 46 904 ιιι
60 843 233 903 volneribus
248 852 278 903 et
293 843 429 904 anbustis
441 861 513 921 quae
524 844 647 905 decocto
658 843 761 904 lovere
773 843 901 921 prodest.
923 859 1005 901 umor
1015 853 1050 906 49

3 929 45 996 ¹liu
63 926 205 986 folliculis
229 926 342 986 arboris
364 926 446 986 huius
468 944 590 987 nascens
612 927 670 986 cuti
693 928 818 986 nitorem
839 925 946 986 inducit
966 925 1007 984 ia·

2 1011 147 1087 ‘'-oiemque
159 1011 318 1086 gratiorem
327 1018 463 1086 praestat.
481 1009 611 1070 cauliculi
628 1009 764 1069 loliorum
778 1011 861 1087 primi
875 1010 942 1066 vino
958 1008 1007 1068 de·

2 1092 89 1327 Fati
104 1101 238 1152 tumores
255 1101 355 1152 sanant
371 1092 580 1170 extrahuntque
601 1111 656 1170 per
676 1091 794 1152 listulas.
826 1092 901 1151 idem
923 1108 1008 1167 prae·

57 1185 88 1235 nt
102 1184 137 1235 et
157 1174 238 1236 tiliae
257 1176 376 1235 cortice.
407 1176 485 1236 multi
509 1177 648 1236 corticem
670 1175 920 1235 conmanducatam
946 1174 1009 1232 aol-

17 1261 132 1320 aeribus
149 1260 329 1318 utilissimum
343 1268 460 1336 putant,
480 1259 550 1320 folia
565 1261 632 1318 trita
647 1276 719 1336 aqua
733 1258 888 1336 adaspersa
904 1256 1009 1333 pedum

2 1334 126 1418 ¹diamari.
144 1359 229 1402 umor
238 1359 352 1418 quoque
366 1342 575 1418 emedulla,uti
588 1342 868 1418 diximus‚eastratae
881 1340 965 1399 arbo·
985 1356 1050 1394 rem

2 1425 190 1486 ‘riseiiluens
202 1424 335 1503 capillum
346 1425 440 1484 reddit
452 1423 860 1504 capitiinlitusdefluentisque
868 1425 1006 1484 continet.

4 1536 15 1582 o
72 1509 160 1587 (34.)
192 1507 290 1568 Arbor
308 1507 368 1568 tilia
385 1507 479 1568 leuius
505 1509 541 1568 ad
564 1509 664 1568 eadem
678 1508 742 1567 iere
759 1507 837 1566 utilis
858 1515 904 1566 est
918 1513 1052 1582 atquebb

1 1599 2 1602 ’
32 1590 153 1654 leaster.
190 1591 260 1651 iclia
274 1600 369 1651 autem
384 1600 490 1652 tantum
501 1597 530 1652 in
544 1611 597 1652 usu
609 1602 640 1651 et
653 1592 689 1652 ad
703 1591 851 1651 infantium
867 1590 965 1648 ulcera
978 1597 1008 1649 et

1 1695 3 1700 ’
53 1694 122 1752 ore,
138 1683 171 1734 et
185 1673 406 1736 ccunranducata
421 1684 451 1734 et
462 1676 594 1752 decocta,
609 1676 718 1734 urinam
732 1675 822 1750 cient,
838 1690 954 1734 menses
970 1673 1008 1732 si-

17 1765 88 1820 tiunt
105 1758 208 1833 inlita,
225 1760 391 1833 sanguinem
409 1767 478 1836 pota
496 1759 656 1819 detrahunt.

69 1841 157 1920 (35.)
187 1841 314 1900 Sabucus
327 1841 415 1902 habet
426 1840 547 1902 alterum
558 1860 650 1918 genus
666 1843 756 1919 magis
773 1841 909 1900 silvestre
926 1838 1003 1916 quod
1016 1849 1049 1900 51

27 1927 116 1986 raeci
135 1925 356 2000 chamaeacten‚
371 1924 418 1984 alii
435 1924 535 1984 helion
549 1933 670 2001 vocant,
682 1924 770 1984 multo
788 1924 915 1984 brevius.
940 1923 1008 1980 utri·

0 2020 3 2107 p
31 2027 102 2086 que
119 2009 274 2067 decoctum
288 2009 317 2066 in
333 2009 401 2066 vino
416 2010 528 2090 reteri,
550 2009 686 2068 loliorum
702 2007 749 2068 vel
767 2008 884 2068 seminis
900 2005 949 2066 vel
964 2023 1009 2064 ra-

0 2089 99 2168 licis,
118 2092 155 2150 ad
172 2090 292 2166 cyathos
308 2090 392 2150 binos
407 2100 507 2169 potum
522 2090 670 2152 stomacho
687 2090 789 2150 inutile
799 2098 862 2166 est,
877 2088 943 2150 alvo
959 2088 1008 2148 de·

1 2175 129 2234 trahens
151 2191 261 2250 aquam.
293 2174 450 2251 refrigerat
473 2177 559 2234 etiam
580 2173 851 2253 inflammationem,
877 2190 1008 2232 maxume

19 2260 139 2318 recentis
165 2257 288 2318 auibusti
309 2266 339 2316 et
360 2259 439 2318 cauis
463 2276 589 2317 morsum
609 2276 672 2316 cum
692 2257 810 2335 polenta
831 2256 1009 2316 mollissimis

20 2339 148 2401 foliorum
163 2339 262 2400 inlitis.
288 2357 373 2400 sucus
386 2340 501 2400 cerebri
513 2340 704 2401 collectiones
718 2343 906 2419 privatimque
922 2355 1008 2399 mem-

7 2421 117 2484 branae
134 2441 211 2501 quae
228 2425 303 2483 circa
318 2424 470 2484 cerebrum
486 2432 532 2483 est
549 2424 621 2484 lenit
636 2425 754 2484 infusus.
786 2424 859 2483 acini
879 2424 941 2481 eius
965 2423 1006 2480 in·
1017 2430 1051 2483 52

18 2506 157 2568 irmiores
170 2524 253 2583 qaam
267 2507 379 2583 reliqua
393 2509 507 2584 tingunt
528 2506 679 2586 capillum,
698 2509 760 2585 poti
775 2505 916 2565 acetabuli
931 2521 1009 2562 men-

1 2603 75 2650 eura
101 2592 215 2650 urinam
234 2599 359 2648 movent,
396 2590 532 2650 loliorum
557 2591 725 2650 mollissima
745 2609 783 2649 ex
803 2587 872 2648 oleo
894 2595 924 2646 et
947 2584 1009 2644 sale

1 2681 2 2736 ἒ
19 2673 134 2734 eduntur
151 2673 187 2732 ad
202 2674 333 2750 pituitam
347 2673 493 2750 bilemque
514 2673 724 2734 detrahendam.
755 2671 790 2732 ad
808 2671 900 2729 omnia
915 2668 1011 2728 ellicu-

19 2758 72 2816 cior
94 2775 173 2834 quae
194 2758 295 2815 minor.
328 2756 432 2816 radicis
456 2758 518 2816 eius
535 2758 675 2817 decoctae
697 2759 727 2815 in
748 2757 815 2814 vino
835 2752 892 2812 duo
914 2749 1009 2826 cyathi

16 2841 72 2916 poti
95 2839 276 2917 hydropicos
298 2841 482 2915 exinaniunt,
502 2840 604 2900 volvas
621 2839 786 2912 emolliant,
801 2837 852 2896 has
879 2843 909 2894 et
924 2833 1011 2894 folio·
1123 2832 1125 2843 '

18 2939 73 2982 mm
101 2922 227 2982 decoctu
250 2923 441 2982 insidentium.
482 2923 581 2983 caules
609 2922 703 2982 teneri
724 2921 847 2980 mitioris
865 2919 964 2978 sabuci
981 2920 1011 2976 in

18 3007 119 3080 patinis
140 3007 219 3066 cocti
244 3005 340 3065 alvom
358 3005 492 3081 solvont,
519 3007 660 3066 resistunt
683 3005 754 3065 lolia
777 3011 806 3064 et
831 3004 1011 3080 serpentium

19 3089 119 3150 ictibus
134 3090 166 3148 in
181 3090 248 3148 vino
264 3097 342 3166 pota.
375 3089 512 3166 podagris
527 3107 590 3148 cum
605 3088 678 3148 sebo
693 3087 804 3148 hircino
816 3083 1007 3146 vehementer
1018 3093 1054 3146 53
1070 3099 1071 3104 ’

20 3179 138 3248 prosunt
156 3172 287 3232 cauliculi
303 3171 395 3248 inliti,
410 3172 497 3232 iidem
517 3175 547 3231 in
561 3189 633 3249 aqua
655 3179 836 3231 macerantur
857 3177 888 3228 ut
910 3184 1011 3244 sparsa

0 3272 52 3314 ea
75 3254 188 3333 pulices
215 3265 364 3316 necentur.
393 3255 531 3316 foliorum
553 3255 676 3316 decocto
699 3257 724 3316 si
748 3254 830 3314 locus
847 3259 1011 3330 spargatur,
1085 3307 1088 3311 Α

21 3354 131 3398 muscae
146 3347 292 3398 necantur.
323 3339 380 3399 boa
390 3339 552 3417 appellatur
565 3338 681 3398 morbus
694 3339 870 3417 papularum,
886 3352 948 3393 cum
964 3351 1011 3392 ru-

22 3419 88 3482 bent
101 3438 245 3500 corpora,
266 3422 365 3483 sabuci
386 3439 465 3484 ramo
486 3421 664 3482 verberatur.
692 3430 798 3484 cortex
818 3419 940 3480 interior
961 3417 1012 3478 tri-

25 3511 69 3564 tus
86 3523 124 3566 ex
136 3509 202 3566 tino
218 3506 287 3569 albo
303 3513 389 3586 potus
406 3504 501 3568 alvom
518 3505 615 3566 solvit.
