2396 3922
147 227 150 239 '
236 237 545 288 nsu.1r1su.xxv11.
561 236 629 292 aa.
646 224 794 306 (oe—48.)
955 220 1066 286 141·

72 391 170 472 ’(43.)
194 389 458 469 chrysolachanum
472 394 501 452 in
514 395 611 471 pineto
626 394 757 454 lactucae
773 393 866 452 simile
877 393 1012 452 nascitur.
1024 402 1058 456 66

25 485 107 536 sanat
120 494 228 536 neruos
245 478 371 553 incisos,
393 479 416 536 si
433 477 585 537 confestim
601 479 763 554 inponatur.
793 485 822 536 et
836 475 904 536 alibi
924 493 1017 553 genus

25 559 245 634 chrysolachani
258 561 387 634 traditur,
404 559 477 620 hore
488 577 589 636 aureo,
603 560 681 620 loliis
693 561 792 620 oleris.
817 568 1017 620 coctumcstur

24 651 54 702 ut
70 643 134 702 olus
148 641 248 703 molle.
277 644 351 704 haec
368 643 458 703 herba
473 643 627 721 adalligata
642 643 771 704 morbum
786 646 897 720 regium
908 641 1016 702 baben·

4 727 100 786 stibus
113 729 153 787 ita
168 737 199 786 ut
220 729 347 806 spectari
369 727 405 787 ab
420 727 465 787 bis
481 730 575 806 possit
594 745 697 787 sanare
717 727 745 786 id
767 727 870 787 malum
887 726 1016 786 traditur.

22 810 67 870 De
84 811 314 885 chrysolachano
331 828 387 869 nec
399 813 468 870 satis
485 811 541 871 dici
556 813 617 870 scio
630 810 686 870 nec
700 811 782 890 plura
793 812 922 889 reperio,
936 827 1013 868 nam·
1025 818 1058 874 67

24 912 80 973 que
95 903 124 954 et
142 895 199 954 boc
217 896 287 953 vitio
303 893 474 953 laboravere
495 897 626 973 proxumi
647 897 744 973 utique
766 893 891 954 herbarii
915 895 1020 969 nostri,

23 978 101 1056 quod
116 979 190 1058 ipsis
204 987 287 1038 notas
303 978 382 1037 velut
397 977 529 1054 volgaris
543 979 660 1038 strictim
683 988 712 1038 et
730 976 890 1038 nominibus
911 986 1018 1036 tantum

21 1062 201 1136 indicavere,
216 1071 358 1139 tamquam
374 1062 498 1137 coagulo
513 1071 608 1122 terrae
627 1062 721 1123 alvom
736 1063 814 1137 sisti,
828 1061 1017 1136 stranguriam

22 1146 164 1220 dissolvi,
193 1147 218 1204 si
238 1145 351 1204 bibatur
371 1163 408 1204 ex
429 1147 495 1204 vino
520 1154 567 1205 aut
583 1163 665 1224 aqua.
689 1147 770 1224 (44.)
792 1143 924 1204 ououbali
943 1143 1015 1203 lolia
1025 1153 1060 1207 68

20 1231 89 1290 trita
109 1247 174 1288 oum
196 1237 280 1288 aceto
307 1229 483 1306 serpentium
505 1229 608 1288 ictibus
635 1239 664 1289 et
685 1230 871 1308 scorpionum
897 1228 1016 1286 mederi.

22 1313 138 1392 quidam
150 1313 224 1372 hano
239 1312 297 1372 alio
308 1313 424 1371 nomine
438 1320 573 1372 strumum
586 1313 744 1391 appellant,
761 1312 808 1372 elii
819 1312 931 1372 Graece
944 1320 1017 1386 stry·

19 1398 138 1470 abdon,
162 1397 262 1456 acinos
285 1396 372 1456 babet
391 1395 502 1472 nigros.
520 1397 571 1456 'ex
584 1397 629 1456 bis
642 1396 761 1470 cyathus
777 1397 838 1455 suoi
857 1413 919 1454 cum
934 1394 1018 1454 mulsi

18 1479 135 1542 duobus
150 1479 280 1539 medetur
295 1479 415 1554 lumbis,
437 1481 505 1539 item
526 1481 628 1559 capitis
641 1480 736 1541 dolori
753 1498 816 1538 cum
831 1495 955 1539 rosaceo
973 1480 1017 1537 in-

17 1564 113 1639 fusus,
127 1566 192 1641 ipsa
211 1572 336 1624 strumae
349 1563 438 1622 inlita.

85 1648 170 1726 (45.)
193 1647 352 1708 Peculiaris
370 1653 416 1704 est
430 1644 545 1722 Alpinis
560 1663 691 1705 maxume
704 1645 864 1707 fluminibus
879 1644 1017 1704 conferva
1026 1653 1060 1707 69
1172 1669 1177 1677 ·

16 1730 170 1810 appellata
186 1728 479 1803 econieruminando,
493 1743 623 1806 spongea
636 1745 771 1807 aquarum
786 1729 909 1789 dulcium
920 1728 1018 1786 verius

17 1829 107 1893 quam
123 1831 239 1873 muscus
255 1823 302 1873 aut
318 1813 425 1887 herba,
445 1811 569 1871 villosae
589 1811 737 1872 densitatis
751 1821 837 1892 atque
860 1811 1018 1872 fistulosae.

16 1907 154 1958 curatum
179 1915 212 1956 ea
230 1899 292 1957 scio
309 1895 439 1956 omnibus
459 1895 524 1954 iere
543 1895 658 1954 ossibus
680 1896 835 1956 confractis
851 1895 1020 1973 prolapsum

16 2001 58 2042 ex
72 1980 183 2041 arbore
195 1980 252 2040 alta
259 1989 430 2058 putatorem,
446 1979 618 2039 circumdata
631 1981 765 2040 universo
781 1980 908 2057 corpori,
917 1995 1019 2057 aquam

14 2083 103 2136 snam
121 2063 364 2142 adspergentibus
385 2064 517 2141 quotiens
529 2065 723 2140 inaresceret,
747 2081 871 2141 raroque
893 2080 948 2121 noo
963 2061 1018 2120 nisi

12 2147 207 2209 deiicientem
228 2145 346 2206 herbam
368 2147 530 2206 mutationis
548 2164 634 2206 causa
655 2147 888 2222 resolventibus,
912 2162 1017 2206 conva-

12 2233 112 2293 luisse
132 2233 180 2290 vix
197 2231 328 2292 credibili
344 2230 503 2290 celeritate.
528 2239 530 2242 ’
1079 2298 1081 2302 y

82 2315 115 2377 9,.
139 2316 224 2394 (46.)
247 2313 346 2374 Cocco
364 2312 465 2374 Cnidio
484 2313 566 2373 color
581 2314 673 2390 cocci,
688 2311 852 2391 magnitudo
867 2329 958 2389 grano
975 2312 1015 2390 pi·
1027 2321 1062 2376 70

1 2400 102 2479 ¹peris
119 2401 229 2474 maior,
248 2399 293 2456 vis
309 2397 422 2458 ardens.
454 2398 550 2474 itaque
564 2399 593 2456 in
607 2415 681 2475 pane
697 2397 852 2456 devoratur
867 2415 904 2454 ne
919 2395 1018 2454 adurat

10 2483 122 2560 gulam
135 2483 266 2544 transitu.
286 2483 331 2540 vis
343 2489 555 2560 praesentaneo
568 2489 668 2540 contra
682 2483 814 2556 cicutam,
830 2479 1018 2538 sistitalvom.

82 2566 174 2644 (47.)
198 2564 343 2642 Dipsacos
364 2564 434 2624 lolia
456 2563 543 2624 habet
562 2563 693 2623 lactucae
711 2563 862 2642 bullasque
883 2563 1016 2640 spinosas
1025 2570 1058 2625 71

9 2652 45 2714 in,
60 2648 146 2710 dorsi
161 2649 274 2722 medio,
294 2647 404 2708 caulem
421 2647 505 2706 duum
526 2645 685 2707 cubitorum
701 2647 802 2706 iisdem
823 2647 912 2724 spinis
927 2644 1018 2703 horri-

10 2733 97 2808 dum,
115 2732 252 2809 genicula
264 2733 326 2791 eius
340 2731 414 2790 binis
427 2730 505 2790 loliis
519 2730 759 2810 amplectentibus
769 2746 899 2790 concavo
910 2728 1019 2788 alarum

10 2818 81 2876 sinu
98 2817 131 2874 in
146 2833 204 2894 quo
227 2814 356 2876 subsistit
376 2833 426 2874 ros
448 2814 551 2874 salsus.
585 2817 614 2874 in
639 2816 785 2874 cacumine
809 2812 933 2890 capitula
955 2819 1021 2870 sunt

9 2900 159 2960 echinata
174 2899 276 2978 spinis.
307 2901 433 2960 nascitur
447 2899 475 2956 ln
491 2899 617 2976 aquosis.
648 2906 728 2959 sanat
745 2899 830 2957 rimas
846 2896 935 2970 sedis,
951 2897 1021 2956 item

8 2983 136 3044 listulas
153 2983 277 3042 decocta
301 2984 330 3041 in
352 2983 420 3041 vino
435 2981 534 3041 radice
549 3000 640 3059 usque
659 2982 723 3042 dum
743 2983 778 3040 sit
795 2979 955 3040 crassitudo
972 2997 1019 3038 ce·

6 3085 78 3142 rae,
100 3075 132 3126 ut
149 3067 287 3145 possitis
305 3065 415 3126 listulas
435 3064 585 3140 collyrium
600 3067 682 3142 mitti,
699 3067 766 3124 item
781 3081 919 3124 verrucas
932 3066 1019 3123 omni·

7 3169 59 3210 um
83 3167 241 3226 generum.
270 3149 383 3227 quidam
404 3157 433 3208 et
453 3148 560 3208 alarum
583 3165 654 3227 quas
671 3166 759 3228 supra
779 3148 900 3209 diximus
920 3164 1020 3206 sucum

7 3235 147 3294 inlinunt
160 3234 215 3293 his.

81 3317 174 3397 (482.)
197 3317 371 3395 Dryopteris
388 3316 486 3380 felicis
508 3313 607 3374 similis
633 3315 662 3374 in
692 3315 843 3380 arboribus
878 3313 1017 3388 nascitur,
1028 3322 1062 3377 ii

7 3403 99 3462 tenui
122 3403 262 3462 foliorum
285 3400 464 3460 subdulcium
484 3400 626 3474 incisura,
647 3399 745 3460 radice
764 3398 884 3459 hirsuta.
925 3397 970 3455 vis
992 3397 1019 3454 ai

8 3488 156 3548 caustica
170 3493 232 3562 est,
253 3484 320 3545 ideo
337 3484 488 3564 psilotrum
512 3482 656 3544 estradis
677 3492 777 3561 tunsa,
798 3481 923 3542 inlinitur
946 3480 1021 3540 enias
