2458 3906
292 228 376 274 mnu.
394 227 485 276 mrsu.
498 229 611 278 xvnn.
627 227 712 280 4-5.
727 219 876 298 (at—at.)
1047 220 1107 280 167

92 385 169 446 dore
184 384 314 445 demisso
334 385 407 446 mira
424 384 603 463 longitndine
620 396 765 449 crescunt.
798 405 869 448 ecce
895 405 959 448 cum
974 394 1152 454 maxume67

91 486 174 530 nova
186 469 281 530 forma
296 487 399 530 eornm
413 470 442 530 in
459 468 614 550 Campania
633 472 766 551 provenit
783 471 850 532 mali
865 471 983 533 cotonei
995 470 1105 549 siligio.

93 554 173 614 iorte
190 554 285 632 primo
301 563 399 614 natum
415 555 453 615 ita
467 555 552 616 audio
568 574 663 632 unum,
679 573 748 617 mox
764 557 928 618 seminecis
945 555 997 616 illo
1013 573 1106 633 genus

94 639 212 713 lactum,
232 638 450 717 melopeponas
464 649 580 701 vocant.
609 657 668 702 non
685 638 812 718 pendent
826 638 869 716 bi,
894 637 947 700 scd
968 638 1044 700 humi
1059 657 1106 702 ro

11 765 12 790 2
74 720 259 782 standantur.
290 723 393 782 mirum
409 725 439 783 in
454 722 498 782 lais
515 731 633 803 practer
648 724 768 800 figuram
786 722 976 801 coloremque
990 733 1020 784 et
1034 724 1106 786 odo·

10 855 11 870 ι
94 824 157 866 rem
171 805 252 884 qnod
270 809 460 868 maturitatem
475 807 573 886 adepti
594 825 764 886 quamquam
787 823 846 868 non
867 806 1028 885 pendentes
1050 818 1106 870 sta·

10 899 11 966 l
93 893 143 951 tim
160 909 176 950 a
191 889 332 969 pediculo
347 890 497 952 recedunt.
528 890 690 954 Columella
705 909 786 952 suum
801 889 888 952 tradit
904 901 1149 967 commentumbe

94 985 124 1035 at
137 983 201 1035 toto
219 992 296 1036 anno
315 976 498 1053 contingant,
519 975 655 1038 fruticem
676 975 739 1036 rubi
763 993 846 1055 quam
867 975 1058 1036 vastissimum
1077 977 1106 1036 in

8 1056 10 1126 ζ
94 1059 226 1138 apricum
241 1058 340 1121 locum
355 1061 515 1122 transferre
532 1070 562 1122 ct
576 1059 710 1122 recidere
727 1060 811 1122 duum
829 1059 985 1138 digitorum
1005 1060 1107 1122 relicta

7 1173 8 1222 3
63 1147 185 1223 natirpc
201 1145 282 1204 circa
299 1162 417 1204 vernum
433 1146 655 1224 aequinoctium.
684 1145 748 1206 ita
739 1163 768 1205 ιιι
784 1143 909 1210 medulla
920 1143 984 1206 rubi
996 1147 1106 1206 semine

6 1237 9 1316 p
96 1229 259 1289 cucumeris
274 1229 362 1290 insito
379 1238 456 1290 terra
472 1231 577 1292 minuta
598 1231 723 1308 limoque
745 1229 1012 1312 circumaggeratas
1034 1231 1105 1290 resi·

6 1325 8 1340 ’
96 1323 171 1374 stcre
193 1312 301 1391 frigori
331 1312 456 1379 radices
499 1310 689 1376 Gucumernm
711 1313 816 1379 Gracci
842 1314 896 1372 tria
925 1329 1037 1390 genera
1062 1314 1104 1374 le-

97 1416 173 1472 cere,
186 1397 376 1474 Laconicum,
387 1398 574 1475 Scytalicum,
585 1398 765 1460 Boeoticum
789 1417 826 1460 ax
841 1397 1003 1459 distantum
1015 1398 1104 1458 baco-

96 1485 186 1542 nicnrs
200 1499 279 1560 aqua
293 1482 434 1558 gaudere.
461 1492 525 1544 sunt
545 1485 593 1562 qui
615 1480 707 1544 herba
729 1499 804 1561 quae
828 1489 950 1542 vocatur
964 1482 1041 1542 culix
1055 1500 1105 1542 uo·

66 1569 167 1628 cuine
183 1567 251 1627 trita
264 1584 471 1628 saucacorum
482 1575 656 1629 maceratum
670 1569 727 1628 scri
738 1566 866 1642 iubeant,
880 1573 910 1624 ut
922 1567 983 1628 sine
996 1567 1105 1627 semine

95 1660 261 1712 nascantur.

154 1734 242 1816 (24.)
267 1735 375 1795 Similis
389 1744 418 1795 et
434 1734 589 1796 cucurrbitis
604 1744 720 1813 natura,
737 1734 907 1795 dumtaxat
899 1754 927 1795 ιιι
947 1733 1103 1796 nascentia.
1112 1743 1147 1800 69

1 1805 3 1875 l
94 1837 187 1899 aeque
201 1819 328 1881 hiemem
346 1818 452 1897 odcrc,
468 1828 562 1880 amant
576 1819 660 1897 rigna
676 1837 711 1880 ac
727 1820 831 1880 dmum.
863 1827 997 1881 seruntur
1019 1817 1104 1877 ambo

1 1881 2 1944 i
94 1904 203 1964 semiue
220 1904 251 1964 in
267 1913 346 1965 terra
362 1864 559 1982 sesquipedali
574 1903 700 1981 fossura,
716 1905 791 1964 inter
807 1903 1020 1982 aequinoctium
1038 1919 1103 1962 ver·

1 1983 2 2060 ι
62 2007 158 2050 snum
172 1997 203 2048 et
218 1989 384 2065 solstitium,
399 1987 541 2049 Parilibus
553 1997 647 2050 tamcn
650 1988 817 2086 aptissime.
845 1987 933 2067 aliqui
945 1987 1052 2048 malunt
1067 2006 1105 2048 ex

1 2084 2 2106 ³
92 2072 226 2134 kalendis
250 2073 334 2134 biart.
358 2035 521 2134 cucurbitas
541 2081 571 2132 et
588 2072 673 2134 nonis
690 2071 816 2134 cucumis
838 2081 868 2132 et
887 2088 942 2151 per
956 2071 1100 2149 Quinqua-

91 2167 149 2217 tms
165 2175 289 2233 serere,
311 2155 395 2217 simili
413 2156 500 2218 modo
515 2155 695 2237 reptantibus
717 2155 842 2234 flagellis
865 2154 1029 2218 scandentis
1050 2173 1104 2234 per

93 2244 236 2320 parietum
257 2257 363 2319 aspera
385 2241 413 2300 in
437 2250 544 2301 tectum
565 2258 660 2319 usqne
681 2250 783 2301 natura
808 2238 988 2301 sublimitatis
1008 2239 1102 2302 avida.

93 2328 170 2386 vires
187 2327 253 2385 sina
268 2324 440 2386 adminiculo
456 2323 549 2386 standi
564 2341 622 2384 non
639 2334 719 2402 sunt,
742 2323 885 2384 velocitas
902 2325 1021 2404 pernix,
1045 2324 1103 2384 levi

59 2411 190 2471 rsumbra
213 2427 347 2470 camaras
369 2425 404 2468 ac
422 2408 561 2488 pergulas
583 2410 730 2488 operiens.
758 2407 825 2468 inde
846 2407 921 2469 haec
942 2409 1033 2486 prima
1048 2407 1148 2473 duodo

91 2511 214 2574 genera,
234 2494 421 2554 camararium
437 2502 467 2552 ct
483 2492 642 2571 plebeium,
659 2493 738 2571 quod
754 2491 830 2552 humi
844 2493 930 2573 repit.
961 2492 1101 2570 inpriore

90 2581 162 2638 mire
184 2579 268 2638 tenui
293 2576 431 2656 pediculo
452 2576 574 2638 libratur
590 2576 704 2657 pondus
721 2576 858 2640 inmobile
873 2593 972 2637 aurae.
1003 2593 1103 2637 cucur·

91 2663 147 2724 bita
161 2680 283 2742 quoqne
299 2663 374 2722 omni
389 2661 476 2722 modo
492 2661 659 2739 fastigatur,
682 2663 798 2738 vaginis
820 2678 952 2722 maxume
966 2659 1102 2736 vitilibus,

92 2749 207 2808 coiecta
224 2749 254 2805 in
270 2764 321 2805 cas
336 2755 491 2825 postquam
506 2745 649 2822 defloruit,
665 2746 832 2824 crescitque
846 2762 902 2823 qua
917 2744 1033 2822 cogitur
1043 2745 1102 2804 for-

60 2845 146 2907 nna,
162 2831 337 2910 plerumque
353 2840 381 2892 et
396 2829 530 2892 draconis
545 2831 643 2890 intorti
659 2831 762 2908 ligura.
799 2828 934 2890 libertate
945 2845 1017 2890 vero
1032 2847 1102 2909 pen·

91 2915 135 2977 sili
152 2933 301 2976 concessa
315 2917 370 2975 iam
385 2915 446 2974 visa
463 2923 508 2975 est
519 2931 626 2976 novem
637 2914 741 2994 pedum
754 2912 950 2991 longitudinis.
977 2915 1102 3013 particu-

91 3000 169 3060 latim
187 3000 317 3059 cucumis
334 2999 434 3076 ilorct,
456 2998 542 3059 sibi
534 3017 598 3078 rpse
620 2999 887 3076 superilcresccns,
911 3007 939 3058 et
960 2998 1102 3060 sicciores

92 3084 177 3145 locos
189 3085 314 3163 patitur,
331 3083 452 3144 candida
466 3083 603 3161 lanugine
619 3081 772 3159 obductus,
788 3084 939 3161 magisque
957 3081 1022 3142 dum
1039 3100 1100 3142 cuc

92 3168 156 3228 scit.
185 3167 407 3228 Cucurbitarum
422 3185 604 3228 numerosior
614 3186 693 3226 usus
721 3177 751 3227 ct
762 3185 870 3246 primus
881 3167 989 3228 caulis
981 3185 1009 3226 ιιι
1025 3165 1100 3242 mbo,
1111 3172 1145 3228 ⁷1

59 3261 179 3331 eatque
194 3270 233 3312 ex
249 3269 286 3312 eo
299 3253 328 3312 iu
340 3260 431 3313 totum
442 3260 543 3314 natura
553 3251 679 3313 diversa
697 3270 790 3331 nuper
801 3253 831 3312 in
842 3250 1009 3315 balnearum
1020 3268 1101 3309 usum

93 3355 204 3398 venere
217 3333 372 3398 urceorum
389 3337 463 3412 vioe,
480 3334 647 3416 iampridem
659 3353 729 3396 vero
743 3338 828 3397 etiam
842 3335 978 3397 cadorum
990 3333 1065 3394 ad
1038 3351 1102 3394 mna

96 3420 256 3482 condenda.
290 3430 395 3482 cortex
409 3420 493 3482 viridi
508 3429 591 3480 tener
607 3419 753 3482 deraditur
768 3419 950 3482 nihilominus
972 3420 1001 3478 in
1018 3417 1101 3478 cibis.

96 3505 177 3566 cibus
195 3504 314 3568 saluber
333 3523 368 3565 ac
384 3505 458 3566 levis
474 3504 604 3585 pluribus
624 3504 731 3581 modis,
756 3523 793 3564 ex
808 3503 853 3564 lais
870 3513 963 3564 tamen
976 3503 1024 3584 qui
1036 3520 1101 3582 per·

1219 3527 1222 3630 t
