2406 3914
269 263 350 313 nnn.
364 262 455 310 rursu.
473 261 547 311 xx1.
563 259 682 313 14-15·
693 245 856 332 ’(49-55.)
999 246 1060 309 249

62 419 151 480 noetio
177 427 338 479 nascentes
363 411 490 495 aphace,
519 433 639 493 cynops.
675 417 829 495 epipetron
859 422 964 475 vocant
986 424 1087 494 quae:

61 519 206 582 numquam
223 503 320 563 floret.
353 509 382 561 at
397 519 414 560 e
431 502 576 562 contrario
595 499 705 578 aphace
728 498 849 560 subinde
864 507 1062 559 marcescente

62 588 126 648 lore
140 588 250 647 emittit
264 585 351 647 alium
361 593 422 644 tota
433 584 528 644 hieme
541 593 664 663 totoque
673 600 745 643 vere
759 601 852 661 usque
867 584 896 642 in
910 591 1061 644 aestatem.

118 667 204 754 (53.)
229 668 334 730 blnltas
355 677 510 746 praeterea
537 666 674 745 ignobilis
700 665 824 744 babent,
853 667 906 728 sed
927 675 1106 730 maxumeso

44 753 208 814 coelebrant
224 767 336 818 cnecon
349 750 449 812 ltaliae
465 753 608 829 ignotam,
623 751 695 830 ipsis
711 750 906 826 antenoreo,
924 767 981 810 non
996 751 1063 811 cibo

62 840 173 915 palam.
205 837 267 897 hoo
282 836 422 896 iaciuntc
441 837 551 896 semine
567 835 640 895 eius.
672 833 842 894 Differentia
863 835 954 912 prima
977 834 1064 895 silve·

62 924 121 980 stris
143 931 173 980 et
201 921 310 984 mitior.
345 919 519 979 silvestrium
538 919 612 979 duae
633 919 761 998 species.
792 936 848 978 uua
870 920 1001 994 mitiore,
1027 920 1064 979 si·

1 1027 3 1080 p
61 1005 114 1063 mili
126 1005 233 1082 caule,
258 1013 352 1064 tamen
369 1003 479 1080 rigido,
505 1003 602 1080 itaque
621 1013 650 1064 et
667 1001 735 1062 colu
756 1003 889 1080 antiquae
911 1000 1066 1062 utebantur

36 1087 182 1231 ..tlh
196 1085 616 1249 attiliilttl'ltil:
632 1084 1065 1231 il.⁰.ttl..⁸⁹ttl.il.⁰ttlt

1 1223 2 1244 t
318 1214 327 1246 5
477 1215 484 1229 '
777 1214 786 1246 b

1 1249 2 1338 l
63 1256 148 1334 etqui
162 1272 264 1334 paene
285 1254 361 1314 humi
383 1263 499 1332 serpat,
520 1256 628 1315 minuto
648 1254 766 1314 semiue.
798 1252 993 1314 aculeatarum
1013 1272 1064 1331 ge-

63 1339 132 1398 neris
146 1339 229 1399 baec
244 1347 303 1415 est,
331 1339 465 1418 quoniam
480 1337 681 1416 distinguenda
696 1347 762 1398 sunt
779 1347 807 1398 et
821 1355 941 1416 genera.

117 1421 206 1499 (54.)
231 1420 312 1499 Ergo
330 1421 471 1501 quaedam
484 1420 638 1483 herbarum
657 1423 795 1501 spinosae
816 1431 896 1496 suut,
920 1420 1062 1500 quaedam
1073 1430 1106 1486 91

64 1506 118 1564 sine
134 1506 241 1584 spinis.
272 1504 452 1584 spinosarum
472 1505 579 1566 multae
600 1508 726 1585 species.
758 1508 891 1566 intutum
912 1505 995 1584 spina
1021 1514 1066 1565 est
1116 1545 1118 1549 -

37 1603 239 1666 sasparagus,
270 1589 408 1667 scorpio,
434 1589 541 1650 nullum
563 1590 638 1650 enim
654 1589 753 1650 lolium
774 1588 890 1649 habeut.
924 1587 1066 1667 quaedam

63 1672 173 1750 spinosa
197 1672 300 1733 foliata
321 1681 403 1748 sunt,
429 1682 459 1733 ut
476 1674 616 1749 carduus,
652 1691 779 1751 erynge,
801 1671 997 1750 glycyrrhiza,
1018 1689 1064 1730 ur-

63 1755 122 1818 tica.
150 1757 188 1814 iis
211 1757 287 1816 euim
305 1755 435 1816 omnibus
456 1757 535 1817 loliis
551 1759 626 1818 inest
643 1758 777 1818 aculeata
800 1756 983 1817 mordacitas.
1013 1754 1064 1814 ali-

64 1855 113 1916 qua
125 1848 155 1898 et
177 1839 340 1900 secundum
365 1841 475 1918 spinam
492 1841 599 1902 habent
617 1841 733 1917 lolium,
755 1850 786 1901 ut
805 1839 929 1901 tribulus
946 1845 975 1899 e't
996 1855 1065 1900 ano·

64 1923 110 1981 nis.
142 1923 298 2001 quaedamv
315 1924 344 1982 in
369 1922 440 1984 lolio
468 1941 526 1984 non
555 1923 662 1986 habent
688 1934 718 1986 et
736 1926 764 1984 in
790 1924 873 1985 caule
889 1921 1013 1999 habent,
1035 1931 1066 1982 ut

37 2003 151 2082 spuens
175 2006 258 2086 quod
279 2007 368 2084 aliqui
392 2007 516 2069 stoeben
539 2009 739 2087 appellavere.
769 2007 952 2087 hippophaes
975 2007 1066 2086 spinis

65 2089 263 2230 pepioulatum.
295 2089 401 2151 tribulo
431 2093 597 2171 proprietas
619 2093 696 2172 quod
721 2101 750 2152 et
773 2093 895 2152 fructum
917 2092 1066 2169 spinosum

81 2182 153 2232 aet.
607 2206 610 2212 ·

121 2254 208 2335 (55.)
230 2254 278 2316 Ex
292 2257 424 2318 omnibus
441 2257 485 2319 his
501 2259 658 2336 generibus
675 2259 767 2319 urtica
783 2275 914 2318 maxume
933 2258 1062 2318 noscitur
1073 2266 1107 2322 99

66 2339 218 2399 acetabulis
241 2341 271 2399 in
285 2338 358 2401 ilore
374 2359 547 2421 purpuream
563 2343 727 2420 lanuginem
741 2341 944 2418 fundentibus,
973 2359 1065 2419 saepe

38 2419 143 2481 cultior
156 2422 234 2483 binis
254 2422 367 2484 cubitis.
399 2425 499 2504 plures
515 2428 577 2487 eius
593 2426 788 2488 clamentiae:
816 2426 960 2486 silvestris
981 2441 1066 2502 quam

65 2512 91 2562 st
112 2505 246 2568 feminam
274 2517 397 2585 vocant,
423 2511 586 2591 mitiorque.
618 2520 647 2571 et
670 2512 697 2570 in
716 2509 844 2571 silvestri
866 2525 940 2586 quae
961 2507 1065 2569 dicitur

66 2590 158 2650 caniua
176 2591 291 2666 acrior,
318 2592 402 2653 caule
415 2611 532 2674 quoque
547 2594 692 2671 mordaci,
715 2592 864 2654 fimbriatis
880 2590 970 2666 loliis,
989 2607 1064 2669 quae

64 2687 128 2735 nero
144 2674 231 2734 etiam
248 2673 369 2736 odorem
383 2676 476 2738 fundit
488 2676 670 2739 Herculanea
685 2685 816 2737 vocatur.
850 2693 951 2735 semen
975 2675 1064 2734 omni·

65 2751 111 2814 bus
136 2758 307 2836 copiosum,
333 2759 455 2836 nigrum.
493 2760 594 2822 llirum
609 2763 672 2821 sine
696 2761 764 2822 ullis
780 2759 926 2839 spinarum
952 2757 1063 2818 aculeis
1072 2766 1107 2822 99

39 2834 220 2916 ulanngiuem
237 2843 330 2920 ipsam
348 2860 416 2903 esse
435 2846 550 2904 noxiam
572 2855 601 2905 et
617 2853 693 2906 tactu
715 2853 821 2905 tantum
844 2841 903 2903 leni
924 2843 1065 2922 pruritum

67 2923 236 3004 pusulasque
258 2925 412 2987 confestim
434 2928 537 2988 adusto
558 2928 659 2988 similis
675 2930 829 2989 exsistere.
858 2936 957 2988 notum
974 2935 1018 2986 est
1037 2927 1065 2986 ei

4 3075 6 3084 Ι
65 3006 213 3068 remedium
231 3008 302 3070 olei.
336 3011 390 3072 sed
404 3012 576 3072 mordacitas
594 3029 652 3072 non
669 3013 800 3090 protinus
815 3027 879 3070 cum
894 3012 958 3089 ipsa
972 3009 1064 3070 herba

4 3109 6 3209 p
66 3088 198 3168 gignitur,
224 3109 281 3153 nec
303 3093 358 3152 nisi
381 3094 491 3154 solibus
513 3095 660 3156 roborata.
692 3096 834 3174 incipiens
861 3095 976 3173 quidem
1000 3095 1064 3172 ipsa

5 3209 7 3256 p
66 3170 141 3233 nasci
160 3191 232 3235 vere
248 3192 306 3234 non
323 3177 454 3254 ingrato,
485 3178 581 3239 multis
598 3180 683 3239 etiam
708 3178 850 3256 religioso
871 3180 901 3238 in
927 3177 993 3238 cibo
1019 3185 1064 3236 est

39 3253 97 3313 sad
118 3257 273 3333 pellendos
293 3261 381 3319 totius
405 3262 470 3321 anui
490 3261 619 3323 morbos.
653 3262 829 3323 silvestrium
845 3278 964 3348 quoque
980 3259 1063 3320 radix

5 3347 8 3386 Ρ
67 3350 170 3401 omnem
191 3359 308 3404 carnem
330 3345 506 3406 teneriorem
522 3346 592 3406 lacit
614 3345 697 3406 simul
719 3355 813 3407 cocta.
846 3363 921 3424 quae
947 3344 1064 3402 innoxia

5 3423 7 3480 ἔ
67 3429 237 3570 pppgrmorpp
254 3443 369 3504 careus,
387 3428 500 3490 lamium
515 3438 645 3491 vocatur.
673 3428 718 3489 De
733 3429 890 3508 scorpione
906 3428 1035 3489 dicemus
1043 3446 1073 3490 rs.
1082 3447 1105 3481 ss

148 3525 193 3570 me
213 3527 287 3572 roas.
