2396 3900
74 239 136 286 usn.
149 239 230 286 uusr.
251 241 335 286 xvu.
359 236 536 290 ut-xvun
556 243 580 292 1.
606 229 893 314 (nurum—xvim.
915 239 955 316 1.)
978 237 1018 300 93

55 395 236 455 iuxtaiuunum
251 395 346 456 locum
359 405 539 474 congregant
550 407 598 456 aut
613 399 711 476 lupino
729 401 796 460 trito
815 419 878 462 cum
894 404 961 464 oleo
974 423 1018 465 ra-

54 478 116 539 dices
130 478 218 539 linunt.
253 481 332 540 multi
349 491 378 541 et
393 481 487 558 talpas
506 498 621 543 amurca
641 492 760 561 necant,
780 495 939 566 contraque
954 505 1019 548 uru-

54 581 98 638 cas,
109 563 209 623 etmala
224 582 262 625 ne
270 574 449 643 putrescant,
463 565 567 624 lacerti
578 567 677 627 viridis
693 568 765 628 ielle
779 571 858 646 tangi
873 573 1020 633 cacumina

52 646 142 724 iubent,
158 649 288 726 privatim
300 659 395 711 autem
412 657 510 710 contra
523 667 627 711 urucas
641 650 742 712 ambiri
757 653 879 714 arbores
891 656 1020 734 singulas

35 750 63 792 sa
74 731 175 791 muliere
189 733 299 794 incitati
316 734 439 807 mensis,
455 734 537 793 nudis
551 734 690 811 pedibus,
709 737 847 798 recincta.
876 740 943 798 item
961 757 998 799 ne
1009 747 1062 805 267

51 815 108 894 qnod
118 817 214 876 animal
226 827 311 896 pastu
326 817 459 878 malefico
474 817 613 896 decerpat
630 818 777 898 frondem,
794 821 860 882 fimo
880 821 966 882 boum
978 824 1019 884 di·

51 900 92 960 lnto
103 901 192 978 spargi
205 900 294 975 folia,
313 902 447 981 quotiens
462 903 554 962 imber
569 904 756 979 interveniat,
777 907 908 983 quoniam
921 907 1018 968 ablua-

49 985 121 1046 tnrita
131 987 205 1044 uirus
218 985 431 1061 medicaminis,
448 987 518 1047 mira
534 987 675 1066 quaedam
687 991 875 1066 excogitante
887 991 1019 1051 sollertia

48 1067 158 1145 bumana,
176 1070 286 1148 quippe
302 1088 365 1129 cum
382 1071 474 1130 averti
490 1071 645 1148 grandines
658 1073 784 1132 carmine
801 1073 920 1133 credant
931 1074 1019 1152 pleri·

26 1155 179 1230 uque,cuius
189 1153 282 1214 verbu
294 1156 426 1214 inserere
437 1171 494 1215 non
506 1155 640 1235 equidem
652 1157 731 1216 serio
744 1157 842 1234 ausim,
851 1175 1020 1238 quamquam

47 1234 161 1298 abatone
175 1235 298 1316 proditis
311 1247 411 1298 contra
422 1238 518 1300 luxata
531 1239 658 1299 membra
675 1241 819 1316 iungenda
833 1241 1020 1303 harundinum

46 1320 152 1382 issurae.
185 1320 261 1381 idem
277 1322 400 1382 arbores
416 1322 572 1402 religiosas
590 1324 732 1402 lucosque
752 1325 862 1386 succidi
880 1329 1020 1404 permisit,

46 1407 163 1466 sacrificio
174 1407 255 1484 prius
268 1406 363 1482 iacto,
383 1407 463 1467 cuius
481 1408 524 1467 rei
541 1409 681 1468 rationem
698 1411 956 1488 precationemque
969 1429 1020 1472 eo·

45 1487 240 1550 demvolumine
253 1490 379 1550 tradidit.
1135 1491 1138 1495 ’

407 1734 616 1744 m...-

286 1933 321 2016 Ο.
351 1933 497 2018 ΡΗΝΙ
526 1935 756 2019 stouttt

126 2105 500 2202 tttttnttt
540 2105 918 2204 tlttttttttu

240 2325 249 2340 .
340 2285 694 2351 nuaunxuuu.

82 2572 152 2654 Cap.
173 2575 201 2634 1.
226 2574 320 2658 (Sect.
339 2578 383 2655 1.)
408 2577 544 2656 Sequitur
565 2587 666 2639 natura
687 2579 800 2655 frugum
818 2577 1051 2654 hortorumquel

35 2671 59 2716 te
69 2658 170 2720 dorum
194 2678 329 2739 quaeque
345 2659 400 2720 alia
421 2669 539 2739 praeter
554 2661 675 2722 arbores
700 2671 747 2722 aut
762 2662 882 2721 frutices
898 2660 1023 2738 benigna

34 2741 119 2804 tellure
135 2747 326 2824 proueniunt,
343 2745 391 2805 vel
403 2763 457 2824 per
471 2762 505 2804 se
520 2753 626 2805 tantum
641 2747 796 2806 herbarum
810 2747 937 2806 inmensa
954 2762 1021 2805 con-

41 2828 228 2906 uplatione,
250 2831 274 2890 si
298 2830 362 2908 quis
384 2831 515 2890 aestimet
538 2832 725 2906 varietatem,
741 2846 904 2904 numerum,
922 2829 1023 2906 dores,

34 2910 122 2972 tdores
141 2914 325 2993 coloresque
350 2923 380 2974 et
402 2932 490 2974 sucos
513 2933 548 2974 ac
569 2916 639 2974 viris
658 2933 756 2974 earum
774 2932 846 2995 quas
862 2914 960 2974 salutis
976 2922 1024 2974 aut

33 2995 176 3075 uoluptatis
207 2999 352 3059 bominum
383 3001 476 3078 gratia
501 2998 602 3076 gignit.
649 3016 703 3079 qua
729 3000 758 3058 in
790 3008 873 3077 parte
902 2999 1024 3077 primum

33 3082 139 3142 tunium
174 3082 354 3162 patrocinari
386 3093 482 3144 terrae
521 3093 550 3144 et
578 3083 683 3144 adesse
712 3091 880 3144 cunctorum
913 3083 1026 3162 parenti

29 3159 102 3242 irat,
120 3185 302 3247 quamquam
317 3169 391 3227 inter
410 3167 489 3228 initia
510 3168 609 3246 operis
628 3167 777 3228 defensae.
812 3166 1057 3252 quoniamnisaao

53 3268 104 3309 oen
128 3243 203 3332 ipsa
223 3254 342 3313 materia
362 3253 495 3314 accendit
515 3253 591 3312 intus
611 3251 646 3312 ad
666 3251 878 3331 reputationem
896 3252 1026 3311 eiusdem

27 3334 154 3406 poenus
170 3347 203 3398 et
217 3340 314 3413 noxia,
330 3338 436 3398 nostris
449 3355 513 3398 eam
529 3336 694 3397 criminibus
710 3355 867 3414 urguemus
884 3345 1024 3395 nostram

26 3429 67 3492 que
81 3421 207 3500 culpam
223 3423 265 3482 illi
278 3425 448 3501 inputamus.
477 3425 577 3500 genuit
590 3440 713 3485 venena.
741 3423 843 3500 ecquis
854 3421 961 3480 invenit
976 3418 1026 3480 illa

27 3513 131 3574 tracter
148 3503 320 3568 hominem?
350 3524 455 3568 cavere
471 3524 506 3568 ac
520 3506 659 3585 reingere
678 3507 793 3567 alitibus
808 3505 938 3582 ferisque
954 3504 1024 3562 satis
