<?xml version="1.0" encoding="UTF-8"?>
<!DOCTYPE html PUBLIC "-//W3C//DTD XHTML 1.0 Transitional//EN"
    "http://www.w3.org/TR/xhtml1/DTD/xhtml1-transitional.dtd">
<html xmlns="http://www.w3.org/1999/xhtml" xml:lang="en" lang="en">
 <head>
  <title>
</title>
<meta http-equiv="Content-Type" content="text/html;charset=utf-8" />
  <meta name='ocr-system' content='tesseract 3.04.00' />
  <meta name='ocr-capabilities' content='ocr_page ocr_carea ocr_par ocr_line ocrx_word'/>
</head>
<body>
  <div class='ocr_page' id='page_1' title='image "./naturalishistor00plingoog/naturalishistor00plingoog_0351.png"; bbox 0 0 2406 3914; ppageno 0'>
   <div class='ocr_carea' id='block_1_1' title="bbox 348 815 716 882">
    <p class='ocr_par' dir='ltr' id='par_1_1' title="bbox 348 815 716 882">
     <span class='ocr_line' id='line_1_1' title="bbox 348 815 716 882; baseline 0 -2"><span class='ocrx_word' id='word_1_1' title='bbox 348 815 716 882; x_wconf 81' lang='lat' dir='ltr'><strong>PRAEFATIO.</strong></span> 
     </span>
    </p>
   </div>
   <div class='ocr_carea' id='block_1_2' title="bbox 41 1043 1085 2941">
    <p class='ocr_par' dir='ltr' id='par_1_2' title="bbox 41 1043 1085 2941">
     <span class='ocr_line' id='line_1_2' title="bbox 95 1043 1032 1116; baseline 0.004 -16"><span class='ocrx_word' id='word_1_2' title='bbox 95 1047 293 1116; x_wconf 76' lang='lat' dir='ltr'><strong>Argumentum</strong></span> <span class='ocrx_word' id='word_1_3' title='bbox 314 1045 401 1116; x_wconf 81' lang='lat' dir='ltr'>magis</span> <span class='ocrx_word' id='word_1_4' title='bbox 423 1061 502 1116; x_wconf 85' lang='lat' dir='ltr'>quern</span> <span class='ocrx_word' id='word_1_5' title='bbox 524 1043 709 1100; x_wconf 78' lang='lat' dir='ltr'>subsidiorum</span> <span class='ocrx_word' id='word_1_6' title='bbox 724 1045 882 1102; x_wconf 81' lang='lat' dir='ltr'><strong>criticorum</strong></span> <span class='ocrx_word' id='word_1_7' title='bbox 900 1048 1032 1104; x_wconf 84' lang='lat' dir='ltr'>rationem</span> 
     </span>
     <span class='ocr_line' id='line_1_3' title="bbox 51 1127 1032 1200; baseline 0.004 -18"><span class='ocrx_word' id='word_1_8' title='bbox 51 1129 184 1200; x_wconf 75' lang='lat' dir='ltr'>respiciens</span> <span class='ocrx_word' id='word_1_9' title='bbox 208 1130 308 1185; x_wconf 87' lang='lat' dir='ltr'>librum</span> <span class='ocrx_word' id='word_1_10' title='bbox 323 1127 432 1184; x_wconf 89' lang='lat' dir='ltr'>XXXll.</span> <span class='ocrx_word' id='word_1_11' title='bbox 448 1128 553 1184; x_wconf 88' lang='lat' dir='ltr'>inserui</span> <span class='ocrx_word' id='word_1_12' title='bbox 576 1127 640 1184; x_wconf 90' lang='lat' dir='ltr'>huic</span> <span class='ocrx_word' id='word_1_13' title='bbox 656 1128 804 1198; x_wconf 82' lang='lat' dir='ltr'>volumini,</span> <span class='ocrx_word' id='word_1_14' title='bbox 824 1137 853 1185; x_wconf 94' lang='lat' dir='ltr'>ut</span> <span class='ocrx_word' id='word_1_15' title='bbox 867 1131 893 1186; x_wconf 88' lang='lat' dir='ltr'>in</span> <span class='ocrx_word' id='word_1_16' title='bbox 911 1130 1032 1186; x_wconf 75' lang='lat' dir='ltr'>editione</span> 
     </span>
     <span class='ocr_line' id='line_1_4' title="bbox 41 1211 1033 1283; baseline 0.004 -19"><span class='ocrx_word' id='word_1_17' title='bbox 41 1211 135 1275; x_wconf 72' lang='lat' dir='ltr'>,uinore</span> <span class='ocrx_word' id='word_1_18' title='bbox 154 1213 303 1282; x_wconf 84' lang='lat' dir='ltr'>Silligius‚</span> <span class='ocrx_word' id='word_1_19' title='bbox 319 1213 365 1282; x_wconf 85' lang='lat' dir='ltr'>qui</span> <span class='ocrx_word' id='word_1_20' title='bbox 381 1211 409 1266; x_wconf 89' lang='lat' dir='ltr'>iu</span> <span class='ocrx_word' id='word_1_21' title='bbox 427 1211 530 1278; x_wconf 85' lang='lat' dir='ltr'>maiore</span> <span class='ocrx_word' id='word_1_22' title='bbox 548 1227 608 1266; x_wconf 80' lang='lat' dir='ltr'>euni</span> <span class='ocrx_word' id='word_1_23' title='bbox 623 1211 716 1283; x_wconf 80' lang='lat' dir='ltr'>posuit</span> <span class='ocrx_word' id='word_1_24' title='bbox 735 1212 762 1266; x_wconf 92' lang='lat' dir='ltr'>in</span> <span class='ocrx_word' id='word_1_25' title='bbox 780 1212 868 1268; x_wconf 87' lang='lat' dir='ltr'>lrontc</span> <span class='ocrx_word' id='word_1_26' title='bbox 886 1212 1033 1270; x_wconf 87' lang='lat' dir='ltr'>voluminis</span> 
     </span>
     <span class='ocr_line' id='line_1_5' title="bbox 50 1295 1033 1366; baseline 0.003 -19"><span class='ocrx_word' id='word_1_27' title='bbox 50 1295 132 1364; x_wconf 84' lang='lat' dir='ltr'>altini,</span> <span class='ocrx_word' id='word_1_28' title='bbox 145 1295 212 1366; x_wconf 84' lang='lat' dir='ltr'>quia</span> <span class='ocrx_word' id='word_1_29' title='bbox 227 1297 261 1351; x_wconf 88' lang='lat' dir='ltr'>eb</span> <span class='ocrx_word' id='word_1_30' title='bbox 274 1299 327 1352; x_wconf 91' lang='lat' dir='ltr'>hoc</span> <span class='ocrx_word' id='word_1_31' title='bbox 340 1295 413 1350; x_wconf 85' lang='lat' dir='ltr'>libro</span> <span class='ocrx_word' id='word_1_32' title='bbox 424 1295 523 1366; x_wconf 75' lang='lat' dir='ltr'>incipit</span> <span class='ocrx_word' id='word_1_33' title='bbox 533 1295 787 1365; x_wconf 88' lang='lat' dir='ltr'>praestantissimus</span> <span class='ocrx_word' id='word_1_34' title='bbox 798 1297 886 1352; x_wconf 82' lang='lat' dir='ltr'><em>codex</em></span> <span class='ocrx_word' id='word_1_35' title='bbox 898 1297 1033 1352; x_wconf 85' lang='lat' dir='ltr'>Bomber-</span> 
     </span>
     <span class='ocr_line' id='line_1_6' title="bbox 49 1375 1030 1456; baseline 0.002 -25"><span class='ocrx_word' id='word_1_36' title='bbox 49 1380 118 1446; x_wconf 75' lang='lat' dir='ltr'>ouu&#39;s</span> <span class='ocrx_word' id='word_1_37' title='bbox 140 1379 187 1449; x_wconf 84' lang='lat' dir='ltr'>qni</span> <span class='ocrx_word' id='word_1_38' title='bbox 204 1397 220 1434; x_wconf 90' lang='lat' dir='ltr'>a</span> <span class='ocrx_word' id='word_1_39' title='bbox 237 1395 279 1434; x_wconf 88' lang='lat' dir='ltr'>rue</span> <span class='ocrx_word' id='word_1_40' title='bbox 294 1381 419 1435; x_wconf 87' lang='lat' dir='ltr'>detectus</span> <span class='ocrx_word' id='word_1_41' title='bbox 437 1383 464 1432; x_wconf 91' lang='lat' dir='ltr'>et</span> <span class='ocrx_word' id='word_1_42' title='bbox 479 1393 550 1434; x_wconf 85' lang='lat' dir='ltr'>enno</span> <span class='ocrx_word' id='word_1_43' title='bbox 571 1375 796 1434; x_wconf 78' lang='lat' dir='ltr'><strong>thCCdXXXV.</strong></span> <span class='ocrx_word' id='word_1_44' title='bbox 816 1379 865 1456; x_wconf 83' lang='lat' dir='ltr'>(ci.</span> <span class='ocrx_word' id='word_1_45' title='bbox 880 1380 971 1450; x_wconf 85' lang='lat' dir='ltr'>Sillig.</span> <span class='ocrx_word' id='word_1_46' title='bbox 988 1380 1030 1434; x_wconf 90' lang='lat' dir='ltr'>ed.</span> 
     </span>
     <span class='ocr_line' id='line_1_7' title="bbox 50 1456 1033 1534; baseline 0.002 -20"><span class='ocrx_word' id='word_1_47' title='bbox 50 1459 96 1514; x_wconf 90' lang='lat' dir='ltr'>nin.</span> <span class='ocrx_word' id='word_1_48' title='bbox 114 1463 167 1516; x_wconf 88' lang='lat' dir='ltr'>vol.</span> <span class='ocrx_word' id='word_1_49' title='bbox 181 1463 218 1514; x_wconf 91' lang='lat' dir='ltr'>V.</span> <span class='ocrx_word' id='word_1_50' title='bbox 234 1478 318 1533; x_wconf 77' lang='lat' dir='ltr'>pagg.</span> <span class='ocrx_word' id='word_1_51' title='bbox 333 1456 504 1534; x_wconf 81' lang='lat'>335—507.)</span> <span class='ocrx_word' id='word_1_52' title='bbox 520 1461 548 1516; x_wconf 92' lang='lat' dir='ltr'>in</span> <span class='ocrx_word' id='word_1_53' title='bbox 564 1461 652 1517; x_wconf 88' lang='lat' dir='ltr'>lucem</span> <span class='ocrx_word' id='word_1_54' title='bbox 667 1462 878 1532; x_wconf 72' lang='lat' dir='ltr'>protatuscrisi</span> <span class='ocrx_word' id='word_1_55' title='bbox 895 1461 1033 1518; x_wconf 78' lang='lat' dir='ltr'>Naturalis</span> 
     </span>
     <span class='ocr_line' id='line_1_8' title="bbox 50 1542 1036 1616; baseline 0.002 -20"><span class='ocrx_word' id='word_1_56' title='bbox 50 1542 164 1599; x_wconf 74' lang='lat' dir='ltr'>historiae</span> <span class='ocrx_word' id='word_1_57' title='bbox 176 1545 323 1601; x_wconf 86' lang='lat' dir='ltr'>Plinianee</span> <span class='ocrx_word' id='word_1_58' title='bbox 337 1561 436 1600; x_wconf 85' lang='lat' dir='ltr'>novam</span> <span class='ocrx_word' id='word_1_59' title='bbox 447 1543 556 1600; x_wconf 87' lang='lat' dir='ltr'>omnino</span> <span class='ocrx_word' id='word_1_60' title='bbox 573 1544 681 1616; x_wconf 91' lang='lat' dir='ltr'>aperuit</span> <span class='ocrx_word' id='word_1_61' title='bbox 692 1546 771 1600; x_wconf 86' lang='lat' dir='ltr'>viam.</span> <span class='ocrx_word' id='word_1_62' title='bbox 793 1545 895 1602; x_wconf 77' lang='lat' dir='ltr'>Uodicis</span> <span class='ocrx_word' id='word_1_63' title='bbox 907 1545 1036 1616; x_wconf 81' lang='lat' dir='ltr'>rescripti</span> 
     </span>
     <span class='ocr_line' id='line_1_9' title="bbox 52 1623 1033 1699; baseline 0.003 -20"><span class='ocrx_word' id='word_1_64' title='bbox 52 1623 204 1696; x_wconf 57' lang='lat' dir='ltr'>desonam,</span> <span class='ocrx_word' id='word_1_65' title='bbox 230 1627 277 1698; x_wconf 87' lang='lat' dir='ltr'>qui</span> <span class='ocrx_word' id='word_1_66' title='bbox 295 1635 338 1699; x_wconf 82' lang='lat' dir='ltr'>est</span> <span class='ocrx_word' id='word_1_67' title='bbox 359 1627 460 1683; x_wconf 86' lang='lat' dir='ltr'>Remea</span> <span class='ocrx_word' id='word_1_68' title='bbox 483 1627 511 1682; x_wconf 89' lang='lat' dir='ltr'>in</span> <span class='ocrx_word' id='word_1_69' title='bbox 527 1627 698 1684; x_wconf 77' lang='lat' dir='ltr'>bibliotheca</span> <span class='ocrx_word' id='word_1_70' title='bbox 712 1627 878 1684; x_wconf 82' lang='lat' dir='ltr'>monasterii</span> <span class='ocrx_word' id='word_1_71' title='bbox 894 1629 921 1682; x_wconf 88' lang='lat' dir='ltr'>S.</span> <span class='ocrx_word' id='word_1_72' title='bbox 937 1627 1033 1683; x_wconf 83' lang='lat' dir='ltr'>Crucis</span> 
     </span>
     <span class='ocr_line' id='line_1_10' title="bbox 52 1706 1033 1782; baseline 0.005 -21"><span class='ocrx_word' id='word_1_73' title='bbox 52 1706 318 1782; x_wconf 64' lang='lat' dir='ltr'>hierosolymitanae,</span> <span class='ocrx_word' id='word_1_74' title='bbox 343 1711 462 1781; x_wconf 82' lang='lat' dir='ltr'>exiguae</span> <span class='ocrx_word' id='word_1_75' title='bbox 479 1725 546 1766; x_wconf 85' lang='lat' dir='ltr'>eane</span> <span class='ocrx_word' id='word_1_76' title='bbox 567 1709 704 1780; x_wconf 82' lang='lat' dir='ltr'>reliquiae</span> <span class='ocrx_word' id='word_1_77' title='bbox 721 1711 755 1768; x_wconf 91' lang='lat' dir='ltr'>ad</span> <span class='ocrx_word' id='word_1_78' title='bbox 769 1712 834 1768; x_wconf 93' lang='lat' dir='ltr'>libri</span> <span class='ocrx_word' id='word_1_79' title='bbox 848 1712 931 1768; x_wconf 86' lang='lat' dir='ltr'><strong>XXV.</strong></span> <span class='ocrx_word' id='word_1_80' title='bbox 952 1729 1033 1782; x_wconf 89' lang='lat' dir='ltr'>quas-</span> 
     </span>
     <span class='ocr_line' id='line_1_11' title="bbox 57 1789 1034 1869; baseline 0.004 -25"><span class='ocrx_word' id='word_1_81' title='bbox 57 1789 93 1845; x_wconf 86' lang='lat' dir='ltr'>bn</span> <span class='ocrx_word' id='word_1_82' title='bbox 105 1796 299 1866; x_wconf 84' lang='lat' dir='ltr'>paragraphos</span> <span class='ocrx_word' id='word_1_83' title='bbox 320 1793 492 1867; x_wconf 85' lang='lat' dir='ltr'>pertinentes</span> <span class='ocrx_word' id='word_1_84' title='bbox 508 1793 556 1848; x_wconf 83' lang='lat' dir='ltr'>vix</span> <span class='ocrx_word' id='word_1_85' title='bbox 576 1794 656 1848; x_wconf 88' lang='lat' dir='ltr'>unius</span> <span class='ocrx_word' id='word_1_86' title='bbox 672 1795 727 1850; x_wconf 94' lang='lat' dir='ltr'>loci</span> <span class='ocrx_word' id='word_1_87' title='bbox 748 1791 788 1868; x_wconf 68' lang='lat'>(5.</span> <span class='ocrx_word' id='word_1_88' title='bbox 805 1791 850 1869; x_wconf 74' lang='lat'>21)</span> <span class='ocrx_word' id='word_1_89' title='bbox 872 1795 936 1850; x_wconf 88' lang='lat' dir='ltr'>mihi</span> <span class='ocrx_word' id='word_1_90' title='bbox 952 1811 1034 1866; x_wconf 88' lang='lat' dir='ltr'>prae-</span> 
     </span>
     <span class='ocr_line' id='line_1_12' title="bbox 52 1872 1034 1948; baseline 0.005 -22"><span class='ocrx_word' id='word_1_91' title='bbox 52 1872 145 1930; x_wconf 85' lang='lat' dir='ltr'>lauant</span> <span class='ocrx_word' id='word_1_92' title='bbox 157 1877 304 1932; x_wconf 88' lang='lat' dir='ltr'>modelam.</span> <span class='ocrx_word' id='word_1_93' title='bbox 340 1878 371 1932; x_wconf 87' lang='lat' dir='ltr'>L.</span> <span class='ocrx_word' id='word_1_94' title='bbox 391 1876 519 1931; x_wconf 83' lang='lat' dir='ltr'>Urlicbeii</span> <span class='ocrx_word' id='word_1_95' title='bbox 531 1875 743 1932; x_wconf 82' lang='lat' dir='ltr'>Chrestomutbiu</span> <span class='ocrx_word' id='word_1_96' title='bbox 758 1879 887 1933; x_wconf 81' lang='lat' dir='ltr'>Pliniana</span> <span class='ocrx_word' id='word_1_97' title='bbox 903 1894 983 1948; x_wconf 87' lang='lat' dir='ltr'>quum</span> <span class='ocrx_word' id='word_1_98' title='bbox 1000 1877 1034 1932; x_wconf 89' lang='lat' dir='ltr'>ad</span> 
     </span>
     <span class='ocr_line' id='line_1_13' title="bbox 50 1959 1034 2034; baseline 0.006 -26"><span class='ocrx_word' id='word_1_99' title='bbox 50 1971 79 2010; x_wconf 88' lang='lat' dir='ltr'>ne</span> <span class='ocrx_word' id='word_1_100' title='bbox 89 1959 190 2028; x_wconf 87' lang='lat' dir='ltr'>perlate</span> <span class='ocrx_word' id='word_1_101' title='bbox 204 1965 264 2030; x_wconf 81' lang='lat' dir='ltr'>est,</span> <span class='ocrx_word' id='word_1_102' title='bbox 281 1959 333 2016; x_wconf 86' lang='lat' dir='ltr'>ianr</span> <span class='ocrx_word' id='word_1_103' title='bbox 346 1965 475 2030; x_wconf 83' lang='lat' dir='ltr'>quattuor</span> <span class='ocrx_word' id='word_1_104' title='bbox 489 1959 554 2015; x_wconf 92' lang='lat' dir='ltr'>libri</span> <span class='ocrx_word' id='word_1_105' title='bbox 569 1959 644 2032; x_wconf 75' lang='lat' dir='ltr'>tppie</span> <span class='ocrx_word' id='word_1_106' title='bbox 657 1966 735 2016; x_wconf 88' lang='lat' dir='ltr'>erant</span> <span class='ocrx_word' id='word_1_107' title='bbox 747 1961 896 2034; x_wconf 81' lang='lat' dir='ltr'>descripti,</span> <span class='ocrx_word' id='word_1_108' title='bbox 909 1963 957 2018; x_wconf 87' lang='lat' dir='ltr'>sed</span> <span class='ocrx_word' id='word_1_109' title='bbox 974 1961 1034 2016; x_wconf 90' lang='lat' dir='ltr'>eius</span> 
     </span>
     <span class='ocr_line' id='line_1_14' title="bbox 49 2038 1034 2116; baseline 0.005 -24"><span class='ocrx_word' id='word_1_110' title='bbox 49 2038 248 2114; x_wconf 82' lang='lat' dir='ltr'>discrepantiam</span> <span class='ocrx_word' id='word_1_111' title='bbox 263 2043 419 2116; x_wconf 89' lang='lat' dir='ltr'>scripturae</span> <span class='ocrx_word' id='word_1_112' title='bbox 436 2043 463 2096; x_wconf 89' lang='lat' dir='ltr'>in</span> <span class='ocrx_word' id='word_1_113' title='bbox 480 2043 522 2098; x_wconf 90' lang='lat' dir='ltr'>his</span> <span class='ocrx_word' id='word_1_114' title='bbox 536 2058 644 2114; x_wconf 87' lang='lat' dir='ltr'>quoque</span> <span class='ocrx_word' id='word_1_115' title='bbox 656 2043 764 2108; x_wconf 87' lang='lat' dir='ltr'>notavi;</span> <span class='ocrx_word' id='word_1_116' title='bbox 779 2045 815 2102; x_wconf 88' lang='lat' dir='ltr'>hl.</span> <span class='ocrx_word' id='word_1_117' title='bbox 830 2044 950 2100; x_wconf 88' lang='lat' dir='ltr'>Strackii</span> <span class='ocrx_word' id='word_1_118' title='bbox 966 2061 1034 2100; x_wconf 88' lang='lat' dir='ltr'>non-</span> 
     </span>
     <span class='ocr_line' id='line_1_15' title="bbox 49 2123 1034 2198; baseline 0.007 -25"><span class='ocrx_word' id='word_1_119' title='bbox 49 2123 120 2178; x_wconf 88' lang='lat' dir='ltr'>nullas</span> <span class='ocrx_word' id='word_1_120' title='bbox 139 2126 239 2198; x_wconf 90' lang='lat' dir='ltr'>recepi</span> <span class='ocrx_word' id='word_1_121' title='bbox 256 2127 446 2188; x_wconf 88' lang='lat' dir='ltr'>coniecturas;</span> <span class='ocrx_word' id='word_1_122' title='bbox 466 2125 519 2180; x_wconf 86' lang='lat' dir='ltr'>alle</span> <span class='ocrx_word' id='word_1_123' title='bbox 538 2125 637 2196; x_wconf 87' lang='lat' dir='ltr'>qulbus</span> <span class='ocrx_word' id='word_1_124' title='bbox 658 2141 725 2181; x_wconf 89' lang='lat' dir='ltr'>usus</span> <span class='ocrx_word' id='word_1_125' title='bbox 741 2143 794 2182; x_wconf 90' lang='lat' dir='ltr'>uon</span> <span class='ocrx_word' id='word_1_126' title='bbox 817 2134 892 2183; x_wconf 88' lang='lat' dir='ltr'>esset</span> <span class='ocrx_word' id='word_1_127' title='bbox 906 2125 1034 2197; x_wconf 81' lang='lat' dir='ltr'>Silligius</span> 
     </span>
     <span class='ocr_line' id='line_1_16' title="bbox 50 2204 1034 2279; baseline 0.005 -22"><span class='ocrx_word' id='word_1_128' title='bbox 50 2204 101 2260; x_wconf 84' lang='lat' dir='ltr'>nihi</span> <span class='ocrx_word' id='word_1_129' title='bbox 115 2217 228 2279; x_wconf 77' lang='lat' dir='ltr'>praesto</span> <span class='ocrx_word' id='word_1_130' title='bbox 246 2225 298 2264; x_wconf 89' lang='lat' dir='ltr'>non</span> <span class='ocrx_word' id='word_1_131' title='bbox 315 2211 443 2276; x_wconf 85' lang='lat' dir='ltr'>luerunt,</span> <span class='ocrx_word' id='word_1_132' title='bbox 464 2209 514 2263; x_wconf 90' lang='lat' dir='ltr'>sed</span> <span class='ocrx_word' id='word_1_133' title='bbox 532 2225 547 2262; x_wconf 88' lang='lat' dir='ltr'>e</span> <span class='ocrx_word' id='word_1_134' title='bbox 566 2209 709 2264; x_wconf 90' lang='lat' dir='ltr'>codicibus</span> <span class='ocrx_word' id='word_1_135' title='bbox 725 2211 758 2264; x_wconf 83' lang='lat' dir='ltr'>ab</span> <span class='ocrx_word' id='word_1_136' title='bbox 775 2226 809 2267; x_wconf 90' lang='lat' dir='ltr'>eo</span> <span class='ocrx_word' id='word_1_137' title='bbox 831 2209 963 2267; x_wconf 88' lang='lat' dir='ltr'>adhibitis</span> <span class='ocrx_word' id='word_1_138' title='bbox 981 2226 1034 2265; x_wconf 94' lang='lat' dir='ltr'>non</span> 
     </span>
     <span class='ocr_line' id='line_1_17' title="bbox 52 2290 1034 2367; baseline 0.007 -28"><span class='ocrx_word' id='word_1_139' title='bbox 52 2303 121 2355; x_wconf 83' lang='lat' dir='ltr'>pauca</span> <span class='ocrx_word' id='word_1_140' title='bbox 133 2293 197 2346; x_wconf 87' lang='lat' dir='ltr'>nihi</span> <span class='ocrx_word' id='word_1_141' title='bbox 218 2292 385 2348; x_wconf 90' lang='lat' dir='ltr'>videbantur</span> <span class='ocrx_word' id='word_1_142' title='bbox 401 2307 465 2348; x_wconf 86' lang='lat' dir='ltr'>csse</span> <span class='ocrx_word' id='word_1_143' title='bbox 482 2293 660 2360; x_wconf 86' lang='lat' dir='ltr'>emendenda,</span> <span class='ocrx_word' id='word_1_144' title='bbox 673 2293 707 2348; x_wconf 91' lang='lat' dir='ltr'>de</span> <span class='ocrx_word' id='word_1_145' title='bbox 724 2293 822 2363; x_wconf 89' lang='lat' dir='ltr'>quibus</span> <span class='ocrx_word' id='word_1_146' title='bbox 840 2294 894 2350; x_wconf 89' lang='lat' dir='ltr'>alia</span> <span class='ocrx_word' id='word_1_147' title='bbox 910 2290 941 2367; x_wconf 89' lang='lat' dir='ltr'>(e</span> <span class='ocrx_word' id='word_1_148' title='bbox 953 2292 1034 2348; x_wconf 89' lang='lat' dir='ltr'>libris</span> 
     </span>
     <span class='ocr_line' id='line_1_18' title="bbox 50 2367 1035 2448; baseline 0.012 -26"><span class='ocrx_word' id='word_1_149' title='bbox 50 2367 254 2448; x_wconf 73' lang='lat' dir='ltr'><strong>XXIX-XXX.)</strong></span> <span class='ocrx_word' id='word_1_150' title='bbox 270 2375 388 2431; x_wconf 88' lang='lat' dir='ltr'>tractavi</span> <span class='ocrx_word' id='word_1_151' title='bbox 406 2375 433 2429; x_wconf 92' lang='lat' dir='ltr'>in</span> <span class='ocrx_word' id='word_1_152' title='bbox 453 2371 602 2444; x_wconf 81' lang='lat' dir='ltr'>Philologo</span> <span class='ocrx_word' id='word_1_153' title='bbox 625 2375 681 2430; x_wconf 89' lang='lat' dir='ltr'>vol.</span> <span class='ocrx_word' id='word_1_154' title='bbox 693 2373 751 2430; x_wconf 90' lang='lat' dir='ltr'>Xll.</span> <span class='ocrx_word' id='word_1_155' title='bbox 771 2379 1035 2448; x_wconf 80' lang='lat' dir='ltr'>pagg.170-·175.‚</span> 
     </span>
     <span class='ocr_line' id='line_1_19' title="bbox 49 2451 1035 2531; baseline 0.007 -26"><span class='ocrx_word' id='word_1_156' title='bbox 49 2453 94 2508; x_wconf 88' lang='lat' dir='ltr'>alia</span> <span class='ocrx_word' id='word_1_157' title='bbox 108 2453 135 2528; x_wconf 87' lang='lat' dir='ltr'>(c</span> <span class='ocrx_word' id='word_1_158' title='bbox 148 2459 231 2514; x_wconf 88' lang='lat' dir='ltr'>libris</span> <span class='ocrx_word' id='word_1_159' title='bbox 248 2451 489 2531; x_wconf 80' lang='lat' dir='ltr'>xxvl-xxxl.)</span> <span class='ocrx_word' id='word_1_160' title='bbox 504 2457 534 2512; x_wconf 93' lang='lat' dir='ltr'>in</span> <span class='ocrx_word' id='word_1_161' title='bbox 552 2456 739 2528; x_wconf 86' lang='lat' dir='ltr'>disputatione</span> <span class='ocrx_word' id='word_1_162' title='bbox 754 2461 788 2515; x_wconf 92' lang='lat' dir='ltr'>de</span> <span class='ocrx_word' id='word_1_163' title='bbox 806 2458 969 2516; x_wconf 78' lang='lat' dir='ltr'>auctoritate</span> <span class='ocrx_word' id='word_1_164' title='bbox 987 2474 1035 2513; x_wconf 89' lang='lat' dir='ltr'>co-</span> 
     </span>
     <span class='ocr_line' id='line_1_20' title="bbox 48 2535 1035 2612; baseline 0.006 -24"><span class='ocrx_word' id='word_1_165' title='bbox 48 2535 121 2592; x_wconf 88' lang='lat' dir='ltr'>dicnn</span> <span class='ocrx_word' id='word_1_166' title='bbox 140 2541 327 2598; x_wconf 86' lang='lat' dir='ltr'>Pliniauorurn</span> <span class='ocrx_word' id='word_1_167' title='bbox 354 2559 433 2612; x_wconf 84' lang='lat' dir='ltr'>quem</span> <span class='ocrx_word' id='word_1_168' title='bbox 454 2541 516 2596; x_wconf 86' lang='lat' dir='ltr'>misi</span> <span class='ocrx_word' id='word_1_169' title='bbox 538 2539 680 2596; x_wconf 80' lang='lat' dir='ltr'>Fridcrico</span> <span class='ocrx_word' id='word_1_170' title='bbox 703 2541 872 2610; x_wconf 82' lang='lat' dir='ltr'>Tbicrscbio,</span> <span class='ocrx_word' id='word_1_171' title='bbox 896 2542 957 2596; x_wconf 86' lang='lat' dir='ltr'>viro</span> <span class='ocrx_word' id='word_1_172' title='bbox 979 2557 1035 2594; x_wconf 82' lang='lat' dir='ltr'>anr-</span> 
     </span>
     <span class='ocr_line' id='line_1_21' title="bbox 48 2618 1034 2696; baseline 0.004 -23"><span class='ocrx_word' id='word_1_173' title='bbox 48 2618 157 2688; x_wconf 86' lang='lat' dir='ltr'>plissimo</span> <span class='ocrx_word' id='word_1_174' title='bbox 183 2630 267 2696; x_wconf 83' lang='lat' dir='ltr'>atque</span> <span class='ocrx_word' id='word_1_175' title='bbox 292 2643 395 2682; x_wconf 87' lang='lat' dir='ltr'>summe</span> <span class='ocrx_word' id='word_1_176' title='bbox 416 2624 589 2692; x_wconf 85' lang='lat' dir='ltr'>reverendo,</span> <span class='ocrx_word' id='word_1_177' title='bbox 621 2625 771 2680; x_wconf 87' lang='lat' dir='ltr'>studiorum</span> <span class='ocrx_word' id='word_1_178' title='bbox 793 2641 913 2680; x_wconf 86' lang='lat' dir='ltr'>meorum</span> <span class='ocrx_word' id='word_1_179' title='bbox 935 2623 1034 2678; x_wconf 87' lang='lat' dir='ltr'>Plinia-</span> 
     </span>
     <span class='ocr_line' id='line_1_22' title="bbox 52 2705 1085 2783; baseline 0.001 -24"><span class='ocrx_word' id='word_1_180' title='bbox 52 2716 128 2760; x_wconf 86' lang='lat' dir='ltr'>tcrunr</span> <span class='ocrx_word' id='word_1_181' title='bbox 154 2710 263 2765; x_wconf 88' lang='lat' dir='ltr'>auctori</span> <span class='ocrx_word' id='word_1_182' title='bbox 290 2707 372 2780; x_wconf 81' lang='lat' dir='ltr'>etque</span> <span class='ocrx_word' id='word_1_183' title='bbox 399 2706 583 2777; x_wconf 85' lang='lat' dir='ltr'>moderatori,</span> <span class='ocrx_word' id='word_1_184' title='bbox 615 2707 711 2763; x_wconf 87' lang='lat' dir='ltr'>decern</span> <span class='ocrx_word' id='word_1_185' title='bbox 734 2709 819 2763; x_wconf 81' lang='lat' dir='ltr'>lustru</span> <span class='ocrx_word' id='word_1_186' title='bbox 843 2713 906 2779; x_wconf 90' lang='lat' dir='ltr'>post</span> <span class='ocrx_word' id='word_1_187' title='bbox 927 2705 1034 2762; x_wconf 88' lang='lat' dir='ltr'>delatos</span> <span class='ocrx_word' id='word_1_188' title='bbox 1081 2777 1085 2783; x_wconf 13' lang='grc' dir='ltr'><strong><em>ἢ</em></strong></span> 
     </span>
     <span class='ocr_line' id='line_1_23' title="bbox 49 2791 1035 2864; baseline 0.007 -26"><span class='ocrx_word' id='word_1_189' title='bbox 49 2798 152 2846; x_wconf 83' lang='lat' dir='ltr'>summos</span> <span class='ocrx_word' id='word_1_190' title='bbox 182 2792 209 2846; x_wconf 92' lang='lat' dir='ltr'>iu</span> <span class='ocrx_word' id='word_1_191' title='bbox 241 2791 419 2864; x_wconf 88' lang='lat' dir='ltr'>philosophie</span> <span class='ocrx_word' id='word_1_192' title='bbox 448 2792 567 2846; x_wconf 89' lang='lat' dir='ltr'>honores</span> <span class='ocrx_word' id='word_1_193' title='bbox 592 2792 707 2860; x_wconf 82' lang='lat' dir='ltr'>egregie</span> <span class='ocrx_word' id='word_1_194' title='bbox 731 2808 791 2845; x_wconf 88' lang='lat' dir='ltr'>curn</span> <span class='ocrx_word' id='word_1_195' title='bbox 815 2791 896 2846; x_wconf 88' lang='lat' dir='ltr'>laude</span> <span class='ocrx_word' id='word_1_196' title='bbox 922 2795 1035 2861; x_wconf 87' lang='lat' dir='ltr'>peracta</span> 
     </span>
     <span class='ocr_line' id='line_1_24' title="bbox 49 2875 239 2941; baseline 0.037 -18"><span class='ocrx_word' id='word_1_197' title='bbox 49 2875 239 2941; x_wconf 80' lang='lat' dir='ltr'>congratulans.</span> 
     </span>
    </p>
   </div>
   <div class='ocr_carea' id='block_1_3' title="bbox 98 2982 874 3057">
    <p class='ocr_par' dir='ltr' id='par_1_3' title="bbox 98 2982 874 3057">
     <span class='ocr_line' id='line_1_25' title="bbox 98 2982 874 3057; baseline 0 -19"><span class='ocrx_word' id='word_1_198' title='bbox 98 2982 261 3042; x_wconf 85' lang='lat' dir='ltr'>Scribebam</span> <span class='ocrx_word' id='word_1_199' title='bbox 280 2985 439 3042; x_wconf 79' lang='lat' dir='ltr'>Suevclurti</span> <span class='ocrx_word' id='word_1_200' title='bbox 455 2984 527 3057; x_wconf 90' lang='lat' dir='ltr'>prid.</span> <span class='ocrx_word' id='word_1_201' title='bbox 544 2985 581 3040; x_wconf 90' lang='lat' dir='ltr'>id.</span> <span class='ocrx_word' id='word_1_202' title='bbox 600 2984 648 3038; x_wconf 91' lang='lat' dir='ltr'>lul.</span> <span class='ocrx_word' id='word_1_203' title='bbox 665 2983 874 3040; x_wconf 81' lang='lat' dir='ltr'>uoccctvltl.</span> 
     </span>
    </p>
   </div>
   <div class='ocr_carea' id='block_1_4' title="bbox 0 0 1208 3909">
    <p class='ocr_par' dir='ltr' id='par_1_4' title="bbox 0 0 1208 3909">
     <span class='ocr_line' id='line_1_26' title="bbox 0 0 1208 3909; baseline 0 0"><span class='ocrx_word' id='word_1_204' title='bbox 0 0 1208 3909; x_wconf 95' lang='lat' dir='ltr'> </span> 
     </span>
    </p>
   </div>
  </div>
 </body>
</html>
