2396 3900
142 223 181 286 58
210 227 213 234 “
482 232 511 281 o.
529 233 624 280 curru
642 231 792 282 sucuuor

141 387 296 464 gallinacei
311 387 447 463 generis,
465 404 549 466 quam
564 389 687 446 minume
702 388 855 460 rimosum,
876 403 912 444 ne
927 392 1093 463 penetrans
1108 383 1164 444 sol

101 483 135 536 it)
147 481 248 532 exurat
263 469 360 532 fibras.
393 471 548 530 intervallo
564 470 770 549 sesquipedum
790 471 867 545 seri,
889 487 953 528 nam
969 470 994 527 si
1013 469 1097 527 inter
1124 487 1163 528 se

143 557 319 632 contingant,
335 563 452 633 praeter
466 554 522 614 alia
537 555 605 614 vitia
623 556 707 614 etiam
721 555 885 614 verminosa
900 553 980 612 liunt.
1012 553 1086 612 ideo
1108 571 1162 612 sa·

141 643 191 700 riri
209 640 344 700 convenit
360 639 477 718 saepius
492 637 657 717 herbasque
671 638 769 713 evelli,
781 647 935 718 praeterea
950 639 1065 696 semina
1084 638 1163 716 ipsa

99 733 130 788 il
145 724 309 784 fruticantia
330 732 486 802 supputare
511 741 545 782 ac
565 722 670 782 falcem
691 724 751 800 pati
772 739 979 782 consuescere.
1015 719 1100 780 Cato
1126 730 1184 784 ets

141 809 231 868 furcis
257 809 343 867 cratis
367 809 464 886 inponi
486 807 565 866 iubet
584 805 732 866 altitudine
754 806 892 882 bominis,
917 803 953 864 ad
977 805 1077 865 solem
1107 825 1163 864 re·

143 890 305 971 cipiendum
321 901 409 972 atque
423 893 513 969 integi
536 890 630 951 culmo
655 890 690 950 ad
709 891 817 967 frigora
834 890 968 950 arcenda.
1003 891 1050 951 sic
1067 891 1163 968 piro·

142 995 203 1036 rum
218 975 414 1054 malorumque
430 977 538 1035 semina
550 975 660 1049 nutriri,
674 975 717 1034 sio
732 976 832 1053 pineas
844 993 945 1050 nuces,
962 975 1005 1034 sic
1019 992 1163 1052 cupres-

143 1079 193 1120 sos
209 1061 318 1119 semine
335 1068 413 1119 satas
429 1069 457 1118 et
472 1060 561 1137 ipsas.
594 1060 723 1118 minumis
737 1057 765 1118 id
780 1059 878 1136 granis
894 1068 1022 1137 constat,
1048 1068 1083 1117 ut
1104 1061 1164 1118 vix

99 1154 134 1209 ta
147 1145 275 1224 perspici
296 1143 436 1221 quaedam
461 1143 583 1221 possint.
620 1141 686 1202 Non
708 1143 892 1202 omittendum
914 1153 1034 1202 natume
1059 1145 1197 1206 mira-tt

143 1229 238 1289 culum
254 1246 270 1286 e
285 1237 341 1286 tarn
358 1243 447 1305 parvo
458 1227 538 1304 gigni
550 1226 672 1286 arbores
684 1235 763 1286 tanto
775 1229 884 1288 maiore
895 1227 982 1286 tritici
995 1236 1024 1285 et
1037 1226 1162 1288 hordei

142 1330 245 1391 grano,
260 1329 297 1370 ue
313 1313 376 1389 quis
392 1311 485 1371 fabam
500 1320 625 1390 reputet.
657 1311 724 1390 quid
743 1311 836 1370 simile
857 1312 979 1389 originis
1002 1329 1079 1370 suae
1101 1311 1162 1372 ba-

143 1397 213 1458 bent
228 1395 365 1455 malorum
380 1397 564 1474 pirorumque
580 1392 710 1455 semina?
736 1395 780 1454 bis
793 1396 941 1473 principiis
953 1405 1163 1472 respuentem

143 1482 255 1542 securis
269 1481 416 1560 materiam
431 1481 527 1556 nasci,
547 1479 683 1540 indomita
699 1478 875 1558 ponderibus
891 1480 1029 1539 inmensis
1046 1481 1161 1558 prela,

144 1565 266 1624 arbores
279 1563 370 1639 velis,
392 1564 517 1624 turribus
541 1565 687 1642 murisque
712 1563 885 1643 inpellendis
905 1559 1038 1624 arietes?
1068 1563 1183 1624 haecr

144 1659 189 1709 est
204 1658 321 1708 naturae
331 1649 386 1722 vis,
402 1647 475 1708 haec
492 1649 629 1725 potentia.
655 1666 744 1727 super
759 1649 853 1708 omnia
865 1649 919 1707 erit
931 1666 947 1706 e
961 1647 1086 1708 lacrima
1101 1667 1160 1709 na·

101 1743 136 1800 73
145 1733 209 1811 {31¹3}
221 1733 264 1792 sci
276 1731 394 1810 aliquid,
408 1740 437 1791 ιιι
449 1749 501 1790 suo
520 1732 588 1791 loco
603 1731 741 1792 dicemus.
757 1731 838 1810 Ergo
851 1751 868 1791 e
879 1750 1022 1810 cupresso
1036 1732 1161 1793 femina

105 1835 233 1884 pr,nq-
246 1834 306 1876 mas
322 1816 406 1890 enim,
429 1824 459 1874 ιιι
474 1815 611 1893 diximus,
626 1833 684 1875 non
700 1817 792 1893 gignit
807 1851 850 1860 ——
866 1817 974 1894 pilulae
993 1816 1161 1878 collectae

111 1899 248 1976 atquibus
270 1900 355 1960 docui
380 1899 526 1958 mensibus
549 1901 693 1960 siccantur
716 1901 796 1976 sole,
826 1909 987 1979 ruptaeque
1010 1903 1161 1963 emittunt

144 2001 243 2042 semen
257 1983 386 2044 formicis
400 1985 471 2042 mire
489 1985 657 2062 expetitum,
671 1985 806 2063 ampliato
824 1986 908 2044 etiam
923 1986 1066 2046 miraculo
1085 1996 1158 2046 tan·

143 2067 194 2127 tuli
210 2067 338 2127 animalis
354 2067 419 2127 cibo
437 2067 547 2127 absumi
562 2068 686 2128 natalem
701 2077 840 2129 tantarum
857 2069 1000 2129 arborum.
1036 2073 1160 2131 seritur

144 2149 237 2229 Aprili
260 2169 377 2227 mense,
399 2169 466 2212 area
491 2161 612 2230 aequata
632 2153 770 2227 cylindris
791 2163 838 2212 aut
853 2153 992 2230 volgiolis
1008 2153 1159 2232 densum,

100 2240 135 2295 74
147 2243 283 2312 terraque
297 2235 398 2296 cribris
411 2237 658 2314 superincernitur
674 2235 789 2316 pollicis
805 2238 1005 2298 crassitudine.
1035 2236 1159 2300 Contra

142 2318 254 2378 inmane
272 2319 384 2398 pondus
401 2320 535 2381 attollere
548 2339 580 2380 se
595 2338 652 2380 non
662 2321 740 2380 valet
759 2330 968 2400 torqueturque
984 2321 1156 2384 subterra.

143 2402 181 2462 ob
197 2403 254 2464 hoo
268 2413 297 2464 et
311 2405 426 2483 pavitur
441 2406 581 2482 vestigiis.
613 2405 717 2466 leviter
737 2407 845 2483 rigatur
865 2406 968 2466 asolis
988 2423 1108 2466 occasu
1127 2409 1158 2466 in

143 2488 223 2547 trinis
241 2488 354 2565 diebus,
367 2497 396 2546 nt
411 2489 572 2566 aequaliter
587 2488 676 2565 bibat,
690 2489 783 2550 donec
795 2499 951 2569 erumpant.
970 2490 1160 2552 differuntur

142 2581 210 2651 post
226 2591 328 2632 aunum
344 2570 504 2632 dodrantali
520 2572 580 2650 frlo,
596 2573 737 2634 custodita
754 2576 895 2653 temperie
913 2584 943 2635 ut
959 2574 1047 2635 viridi
1060 2576 1158 2636 caelo

144 2665 275 2716 serantur
290 2675 325 2716 ac
340 2657 402 2715 sine
422 2674 500 2716 aura.
528 2658 686 2738 mirumque
703 2658 789 2731 dictu,
802 2660 962 2737 periculum
978 2675 1016 2718 eo
1035 2669 1159 2721 tantum

143 2740 189 2800 die
207 2749 266 2815 est,
289 2741 313 2800 si
333 2741 441 2800 roravit
456 2741 744 2821 quantulumcumque
764 2742 892 2817 imbrem,
906 2753 954 2803 aut
970 2744 996 2803 si
1013 2743 1156 2806 adflavit.

144 2824 179 2884 de
205 2823 317 2902 reliquo
338 2833 415 2884 tutae
436 2833 500 2884 sunt
517 2835 659 2905 perpetua
684 2828 839 2887 securitate
861 2845 1011 2906 aquasque
1037 2839 1155 2906 postea
1176 2856 1194 2869 ι·

101 2914 135 2970 tc
148 2907 248 2968 odere.
275 2907 313 2969 m
328 2908 438 2988 zizipha
453 2926 543 2988 grano
558 2920 692 2971 seruntur
705 2910 798 2989 Aprili
813 2929 921 2970 mense.
948 2911 1075 2972 tubures
1089 2932 1156 2973 me·

143 2992 197 3052 lius
213 2993 376 3053 inseruntur
391 2995 419 3053 in
434 3011 526 3072 pruno
542 2995 668 3054 silvestri
685 3005 713 3054 et
728 2995 803 3055 malo
823 3004 948 3055 cotoneo
967 3006 996 3055 et
1019 2997 1049 3055 in
1067 2997 1156 3058 cala-

141 3076 232 3137 brico.
264 3096 299 3138 ea
316 3087 361 3138 est
377 3080 457 3156 spina
476 3079 628 3138 silvestris.
652 3097 850 3157 quaecumque
864 3089 983 3157 optume
997 3089 1028 3141 et
1041 3099 1157 3156 myxas

142 3162 256 3241 recipit,
273 3161 381 3221 utiliter
396 3171 425 3221 et
436 3162 550 3223 sorbos.
574 3165 622 3224 11.
636 3162 751 3222 Plantas
764 3181 800 3222 ex
814 3165 966 3224 seminario
979 3167 1157 3230 transferre

142 3247 170 3303 in
187 3245 263 3306 aliud
279 3246 443 3324 priusquam
460 3265 514 3307 suo
530 3248 599 3308 loco
615 3256 757 3326 ponantur
771 3263 899 3325 operose
914 3249 1051 3328 praecipi
1069 3251 1155 3310 arbi·
1176 3281 1195 3307 κ

142 3339 214 3405 tror,
233 3331 302 3390 lieet
317 3330 504 3392 translatione
519 3331 589 3392 folia
607 3332 710 3391 latiora
726 3330 788 3390 fieri
804 3332 976 3409 spondeant.

100 3418 135 3474 76
208 3415 292 3494 (15.)
313 3414 470 3490 Ulmorum,
489 3417 655 3494 priusquam
670 3414 748 3475 foliis
763 3416 931 3493 vestiantur,
948 3433 1068 3478 samara
1087 3419 1156 3479 col-

143 3494 257 3572 ligenda
268 3508 312 3558 est
321 3501 398 3559 circa
406 3495 522 3558 Martias
535 3499 687 3576 kalendas,
697 3518 760 3558 curn
769 3498 931 3560 flavescere
945 3503 1060 3580 incipit.
1081 3503 1160 3565 dein
