2370 3922
293 264 799 355 unu.u1su.·xx111.t.(oe—71.)
1004 277 1044 336 27
1126 322 1130 326 .

1 515 2 518 Ἴ
48 444 148 508 molet.
180 443 251 504 lolia
277 445 365 524 [eius]
388 447 454 504 trita
480 444 561 505 inlita
589 443 834 520 haemorrhagian
856 441 968 502 sistunt.
997 460 1047 502 nu·

1 525 3 613 (
48 528 105 588 clei
133 529 317 606 persicorum
342 545 406 588 cmn
435 527 503 588 oleo
531 537 561 588 et
586 535 671 588 aceto
694 530 796 605 capitis
817 525 968 586 doloribus
983 525 1046 586 inli·

1 614 2 678 l
48 619 165 670 nuutur.

1 699 2 730 l
109 693 190 772 (68.)
223 693 405 754 silvestrium
421 693 535 772 quidem
547 712 703 773 prunorum
715 695 820 771 bacae,
837 693 884 752 vel
900 693 1027 753 eradice
1039 703 1090 757 133
1114 723 1117 728 ·

25 787 171 854 scortes,
195 779 225 836 in
248 780 316 837 vino
337 787 455 837 austero
473 781 496 837 si
518 779 716 855 decoquantur
736 779 822 853 itaut
838 779 929 836 triens
946 795 984 836 ex
998 776 1048 835 he-

1 936 2 942 *
47 864 123 920 mina
144 863 290 939 supersit,
309 862 404 922 alvom
417 864 529 926 sistunt
543 871 573 922 et
591 865 720 922 tormina.
753 863 823 921 satis
846 869 892 919 est
915 859 1046 935 singulos

1 1011 2 1016 ἵ
48 945 172 1022 cyathos
190 944 305 1004 decocti
320 948 400 1005 sumt,
872 1005 875 1013 ,

109 1028 196 1106 (69.)
226 1027 264 1087 Et
277 1031 307 1088 in
321 1029 365 1088 his
380 1038 410 1089 et
425 1031 525 1090 sativis
539 1033 639 1108 prunis
657 1039 703 1090 est
717 1029 800 1088 limus
813 1027 947 1087 arborum
963 1043 1048 1102 quem

48 1111 154 1172 Graeci
182 1112 295 1172 lichena
322 1113 486 1191 appellant,
512 1113 657 1192 rhagadiis
684 1122 714 1173 et
741 1112 950 1187 condylomatis
975 1111 1046 1169 mire

7 1196 138 1258 inutilis.

110 1278 198 1358 (70.)
232 1277 313 1339 Mora
333 1281 362 1339 in
378 1280 515 1358 Aegypto
531 1288 561 1340 et
582 1279 680 1359 Cypro
696 1283 740 1340 sui
754 1279 891 1358 generis,
913 1284 943 1336 ut
958 1275 1091 1338 dixi-134

1 1379 3 1448 J
46 1382 126 1440 mus,
146 1363 232 1440 largo
247 1379 317 1422 suco
331 1363 472 1424 abundant
490 1382 598 1424 summo
611 1366 720 1424 cortice
736 1364 940 1441 desquamato,
964 1359 1007 1418 al·
1020 1356 1080 1442 ¹2³ld⁶

48 1449 106 1506 tior
131 1448 220 1526 plaga
241 1449 318 1506 sicca
340 1455 386 1507 est
407 1447 530 1506 mirabili
546 1457 653 1507 natura.
680 1466 765 1506 sucus
781 1448 1049 1506 adversaturvene-

48 1534 92 1591 nis
109 1532 314 1608 serpentium,
335 1533 456 1609 prodest
472 1531 674 1606 dysintericis,
699 1531 816 1589 discutit
837 1545 927 1606 panos
945 1528 1049 1585 omnis·
1110 1584 1117 1592 ,

19 1629 107 1692 isque
127 1614 341 1690 collectiones,
356 1613 477 1674 volnera
493 1614 690 1692 conglutinat,
702 1615 805 1692 capitis
819 1612 938 1671 dolores
956 1609 1048 1685 sedat,

1 1715 4 1772 ᾗ
48 1701 121 1757 item
137 1699 256 1757 aurium.
282 1697 421 1774 splenicis
433 1697 542 1757 bibitur
554 1707 639 1775 atque
654 1696 782 1757 inlinitur
794 1704 824 1755 et
836 1702 936 1753 contra
945 1693 1048 1770 perfri-

4 1829 5 1834 ,
48 1784 178 1840 stiones.
211 1779 364 1840 celerrime
377 1781 539 1840 teredinem
562 1783 658 1840 sentit.
679 1798 780 1858 neque
797 1777 871 1856 apud
890 1794 943 1835 nos
958 1793 1028 1834 suco
1040 1787 1089 1840 135

1 1890 3 1941 g
47 1867 147 1922 minor
171 1881 249 1922 usus.
291 1864 461 1924 adversatur
482 1866 597 1924 aconito
620 1873 650 1924 et
674 1866 787 1924 araneis
811 1864 841 1920 in
863 1862 929 1918 vino
951 1867 1047 1938 potus.

49 1947 150 2006 alvom
177 1947 285 2023 solvit,
311 1949 427 2024 pituitas
447 1949 615 2026 taeniasque
631 1957 660 2008 et
676 1946 779 2008 similia
795 1946 904 2004 ventris
920 1941 1050 2001 animalia

17 2031 191 2090 ttextrahit.
221 2028 277 2089 hoc
291 2030 367 2090 idem
388 2039 516 2108 praestat
537 2041 567 2091 et
589 2032 693 2092 cortex
718 2031 810 2090 tritus.
846 2028 915 2088 lolia
937 2027 1049 2100 tingunt

1 2115 3 2192 f
50 2113 191 2191 capillum
207 2131 270 2173 cum
285 2113 331 2172 fici
344 2115 444 2192 nigrae
460 2123 490 2174 et
507 2117 575 2174 uitis
595 2115 752 2175 corticibus
766 2113 849 2172 simul
870 2111 962 2171 coctis
977 2125 1049 2184 aqua

52 2195 187 2257 caelesti.
218 2199 295 2274 pomi
311 2199 402 2275 ipsius
421 2215 505 2263 sucus
520 2198 614 2258 alvom
631 2199 719 2258 solvit
734 2199 874 2276 protinus.
890 2197 954 2272 ipsa
965 2208 1049 2270 poma

1 2295 2 2302 ¹
55 2281 88 2340 ad
102 2299 248 2358 praesens
262 2280 410 2340 stomacho
426 2281 505 2340 utilia
520 2282 712 2358 refrigerant,
728 2282 804 2340 sitim
819 2281 933 2340 iaciunt.
950 2277 975 2334 si
990 2292 1048 2334 non

1 2375 2 2386 ³
55 2365 246 2442 superveniat
266 2364 339 2423 alius
361 2365 460 2441 cibus,
481 2366 681 2424 intumescunt.
716 2383 754 2424 ex
781 2362 930 2437 inmaturis
962 2376 1048 2418 sucus

21 2449 132 2507 assistit
149 2447 261 2525 alvom,
276 2447 366 2507 veluti
381 2449 508 2507 animalis
525 2447 645 2507 alicuius
657 2451 687 2507 in
701 2448 754 2506 hac
769 2447 874 2506 arbore
892 2442 1049 2504 observan-

1 2556 2 2571 2
53 2531 97 2590 dis
115 2531 262 2590 miraculis
277 2548 351 2608 quae
367 2533 395 2590 in
410 2539 508 2590 natura
524 2534 587 2590 eius
602 2532 731 2592 diximus.
1007 2539 1089 2582 1t102·
1121 2571 1122 2578 1

1 2686 2 2690 Ἰ
117 2615 201 2693 (71.)
229 2613 277 2674 Fit
292 2631 330 2673 cx
347 2632 433 2691 pomo
449 2614 638 2693 panchrestos
655 2615 822 2687 stomatice,
838 2609 938 2669 eadem
954 2614 1091 2668 arte-136

1 2719 2 2723 ’
51 2700 134 2758 riace
151 2697 316 2776 appellata,
341 2697 398 2757 hoc
417 2696 517 2757 modo:
538 2700 657 2756 sextarii
679 2705 740 2756 tres
762 2696 822 2755 suoi
843 2711 860 2751 e
879 2708 965 2769 pomo
989 2689 1048 2747 leni
1080 2760 1082 2765 ,

53 2800 167 2860 vapore
183 2782 218 2840 ad
231 2782 451 2841 crassitudinem
461 2781 555 2841 mellis
570 2781 748 2856 rediguntur.
777 2784 846 2855 post
863 2775 974 2834 additur
990 2789 1048 2831 om·

22 2866 139 2944 sophaci
162 2864 233 2924 aridi
256 2864 368 2942 pondus
389 2863 416 2923 X
436 2877 464 2925 11
483 2873 531 2924 aut
551 2881 663 2923 murrae
678 2860 706 2921 X
721 2875 750 2937 1,
773 2860 851 2919 croci
877 2855 905 2916 X
923 2871 944 2916 1.
977 2855 1050 2914 haec

56 2950 141 3008 simul
158 2951 226 3007 trita
241 2950 399 3008 miscentur
416 2948 549 3024 decocto,
561 2965 657 3024 neque
676 2953 721 3005 cst
735 2943 811 3003 aliud
827 2944 898 3017 oris,
913 2942 1050 3014 arteriae,

56 3051 129 3092 urae
139 3055 152 3108 ,·
165 3031 304 3092 stomachi
320 3032 468 3090 iucundius
488 3031 655 3091 remedium.
689 3029 722 3087 fit
744 3037 774 3087 ot
796 3027 854 3086 alio
869 3025 972 3085 modo:
987 3023 1055 3082 suci·

58 3117 179 3176 sextarii
199 3116 272 3193 duo,
288 3115 383 3174 mellis
399 3115 489 3177 Attici
505 3116 648 3174 sextarius
670 3113 846 3172 decocuntur
861 3118 894 3168 ut
908 3126 995 3186 supra
1009 3106 1049 3165 di·

28 3245 31 3250 .
57 3203 159 3260 nimum.
185 3203 255 3259 mira
273 3207 339 3258 sunt
353 3207 507 3277 praeterea
523 3216 596 3277 quae
613 3197 788 3276 produntur:
804 3196 875 3253 mira
888 3193 1029 3270 germina·
1042 3198 1089 3252 137

27 3295 50 3335 ³⁵
59 3287 157 3362 tione,
172 3285 338 3362 priusquam
352 3283 422 3342 lolia
437 3291 559 3359 exeant,
575 3284 692 3342 sinistra
707 3280 825 3357 decerpi
840 3278 933 3338 lutura
955 3290 1061 3352 poma.¹

60 3371 167 3428 ricinos
185 3366 288 3426 Graeci
305 3375 417 3427 vocant.
445 3367 474 3425 hi
493 3375 598 3426 terram
614 3367 638 3423 si
653 3381 712 3424 uon
724 3365 867 3439 attigere,
883 3361 1050 3436 sanguinem

31 3495 35 3500 -
62 3453 165 3511 sistunt
181 3451 345 3528 adalligati,
366 3454 429 3512 sive
451 3469 490 3511 ex
509 3451 631 3515 volnere
649 3448 718 3506 lluat
740 3448 803 3504 sive
818 3463 871 3504 ore
893 3447 957 3504 sive
977 3441 1051 3499 nari-

61 3537 113 3595 bus
136 3539 201 3597 sive
225 3536 473 3613 haemorrhoidis‚
494 3535 529 3594 ad
548 3535 604 3593 hoc
625 3539 777 3592 servantur
791 3529 924 3608 repositi.
954 3526 981 3584 id
