<?xml version="1.0" encoding="UTF-8"?>
<!DOCTYPE html PUBLIC "-//W3C//DTD XHTML 1.0 Transitional//EN"
    "http://www.w3.org/TR/xhtml1/DTD/xhtml1-transitional.dtd">
<html xmlns="http://www.w3.org/1999/xhtml" xml:lang="en" lang="en">
 <head>
  <title>
</title>
<meta http-equiv="Content-Type" content="text/html;charset=utf-8" />
  <meta name='ocr-system' content='tesseract 3.04.00' />
  <meta name='ocr-capabilities' content='ocr_page ocr_carea ocr_par ocr_line ocrx_word'/>
</head>
<body>
  <div class='ocr_page' id='page_1' title='image "./naturalishistor00plingoog_0708.png"; bbox 0 0 2504 3930; ppageno 0'>
   <div class='ocr_carea' id='block_1_1' title="bbox 172 221 825 283">
    <p class='ocr_par' dir='ltr' id='par_1_1' title="bbox 172 221 825 283">
     <span class='ocr_line' id='line_1_1' title="bbox 172 221 825 283; baseline -0.003 -1"><span class='ocrx_word' id='word_1_1' title='bbox 172 221 235 283; x_wconf 79' lang='lat'>296</span> <span class='ocrx_word' id='word_1_2' title='bbox 472 250 475 256; x_wconf 94' lang='lat'>·</span> <span class='ocrx_word' id='word_1_3' title='bbox 515 233 546 280; x_wconf 88' lang='lat' dir='ltr'>c.</span> <span class='ocrx_word' id='word_1_4' title='bbox 562 233 659 280; x_wconf 77' lang='lat' dir='ltr'>emm</span> <span class='ocrx_word' id='word_1_5' title='bbox 675 231 825 280; x_wconf 76' lang='lat' dir='ltr'>secunus</span> 
     </span>
    </p>
   </div>
   <div class='ocr_carea' id='block_1_2' title="bbox 167 299 1235 554">
    <p class='ocr_par' dir='ltr' id='par_1_2' title="bbox 167 299 1235 554">
     <span class='ocr_line' id='line_1_2' title="bbox 168 299 1235 467; baseline -0.007 -19"><span class='ocrx_word' id='word_1_6' title='bbox 168 395 363 466; x_wconf 84' lang='lat' dir='ltr'>terpretantur</span> <span class='ocrx_word' id='word_1_7' title='bbox 378 387 617 467; x_wconf 66' lang='lat' dir='ltr'>calliblepharum</span> <span class='ocrx_word' id='word_1_8' title='bbox 632 385 824 464; x_wconf 71' lang='lat' dir='ltr'>appellantes.</span> <span class='ocrx_word' id='word_1_9' title='bbox 852 385 977 462; x_wconf 78' lang='lat' dir='ltr'>gaudent</span> <span class='ocrx_word' id='word_1_10' title='bbox 991 339 1021 442; x_wconf 84' lang='lat' dir='ltr'>et</span> <span class='ocrx_word' id='word_1_11' title='bbox 1036 386 1168 460; x_wconf 76' lang='lat' dir='ltr'>peregri·</span> <span class='ocrx_word' id='word_1_12' title='bbox 1231 299 1235 442; x_wconf 86' lang='lat' dir='ltr'>l</span> 
     </span>
     <span class='ocr_line' id='line_1_3' title="bbox 167 461 1235 554; baseline -0.007 -22"><span class='ocrx_word' id='word_1_13' title='bbox 167 473 285 532; x_wconf 88' lang='lat' dir='ltr'>natione</span> <span class='ocrx_word' id='word_1_14' title='bbox 307 473 515 550; x_wconf 78' lang='lat' dir='ltr'>transferrique</span> <span class='ocrx_word' id='word_1_15' title='bbox 545 473 573 530; x_wconf 93' lang='lat' dir='ltr'>in</span> <span class='ocrx_word' id='word_1_16' title='bbox 600 473 716 548; x_wconf 84' lang='lat' dir='ltr'>ignotas</span> <span class='ocrx_word' id='word_1_17' title='bbox 742 487 842 546; x_wconf 88' lang='lat' dir='ltr'>aquas.</span> <span class='ocrx_word' id='word_1_18' title='bbox 880 471 924 528; x_wconf 93' lang='lat' dir='ltr'>sic</span> <span class='ocrx_word' id='word_1_19' title='bbox 946 467 1118 528; x_wconf 89' lang='lat' dir='ltr'>Brundisina</span> <span class='ocrx_word' id='word_1_20' title='bbox 1141 471 1194 526; x_wconf 76' lang='lat' dir='ltr'>in&#39;</span> <span class='ocrx_word' id='word_1_21' title='bbox 1226 461 1235 554; x_wconf 67' lang='lat' dir='ltr'>l</span> 
     </span>
    </p>
   </div>
   <div class='ocr_carea' id='block_1_3' title="bbox 13 551 1237 3555">
    <p class='ocr_par' dir='ltr' id='par_1_3' title="bbox 13 551 1237 1719">
     <span class='ocr_line' id='line_1_4' title="bbox 167 551 1235 634; baseline -0.005 -20"><span class='ocrx_word' id='word_1_22' title='bbox 167 556 289 614; x_wconf 78' lang='lat' dir='ltr'>Averno</span> <span class='ocrx_word' id='word_1_23' title='bbox 311 564 451 634; x_wconf 87' lang='lat' dir='ltr'>conpasta</span> <span class='ocrx_word' id='word_1_24' title='bbox 466 565 496 614; x_wconf 87' lang='lat' dir='ltr'>et</span> <span class='ocrx_word' id='word_1_25' title='bbox 517 573 600 616; x_wconf 92' lang='lat' dir='ltr'>snum</span> <span class='ocrx_word' id='word_1_26' title='bbox 613 554 741 614; x_wconf 86' lang='lat' dir='ltr'>retinere</span> <span class='ocrx_word' id='word_1_27' title='bbox 756 571 855 612; x_wconf 89' lang='lat' dir='ltr'>sucum</span> <span class='ocrx_word' id='word_1_28' title='bbox 876 562 906 611; x_wconf 86' lang='lat' dir='ltr'>et</span> <span class='ocrx_word' id='word_1_29' title='bbox 927 551 1084 612; x_wconf 82' lang='lat' dir='ltr'>abuerino</span> <span class='ocrx_word' id='word_1_30' title='bbox 1102 551 1166 612; x_wconf 88' lang='lat' dir='ltr'>ado·</span> <span class='ocrx_word' id='word_1_31' title='bbox 1233 595 1235 630; x_wconf 34' lang='grc' dir='ltr'><strong><em>ὲ</em></strong></span> 
     </span>
     <span class='ocr_line' id='line_1_5' title="bbox 126 636 1169 718; baseline -0.011 -15"><span class='ocrx_word' id='word_1_32' title='bbox 126 648 253 718; x_wconf 75' lang='lat' dir='ltr'>captare</span> <span class='ocrx_word' id='word_1_33' title='bbox 271 640 435 699; x_wconf 86' lang='lat' dir='ltr'>ereduntur.</span> <span class='ocrx_word' id='word_1_34' title='bbox 465 639 546 700; x_wconf 86' lang='lat' dir='ltr'>llaec</span> <span class='ocrx_word' id='word_1_35' title='bbox 568 641 624 698; x_wconf 88' lang='lat' dir='ltr'>sint</span> <span class='ocrx_word' id='word_1_36' title='bbox 639 637 715 697; x_wconf 89' lang='lat' dir='ltr'>dicta</span> <span class='ocrx_word' id='word_1_37' title='bbox 727 636 764 696; x_wconf 88' lang='lat' dir='ltr'>de</span> <span class='ocrx_word' id='word_1_38' title='bbox 778 655 915 715; x_wconf 88' lang='lat' dir='ltr'>corpore,</span> <span class='ocrx_word' id='word_1_39' title='bbox 937 637 1065 696; x_wconf 80' lang='lat' dir='ltr'>dicemus</span> <span class='ocrx_word' id='word_1_40' title='bbox 1082 644 1114 694; x_wconf 91' lang='lat' dir='ltr'>et</span> <span class='ocrx_word' id='word_1_41' title='bbox 1135 636 1169 694; x_wconf 89' lang='lat' dir='ltr'>de</span> 
     </span>
     <span class='ocr_line' id='line_1_6' title="bbox 167 718 1236 800; baseline -0.007 -17"><span class='ocrx_word' id='word_1_42' title='bbox 167 723 340 798; x_wconf 76' lang='lat' dir='ltr'>nationibus,</span> <span class='ocrx_word' id='word_1_43' title='bbox 356 741 393 782; x_wconf 89' lang='lat' dir='ltr'>ne</span> <span class='ocrx_word' id='word_1_44' title='bbox 404 723 572 783; x_wconf 80' lang='lat' dir='ltr'>fraudentur</span> <span class='ocrx_word' id='word_1_45' title='bbox 584 721 678 798; x_wconf 83' lang='lat' dir='ltr'>gloria</span> <span class='ocrx_word' id='word_1_46' title='bbox 694 739 746 780; x_wconf 89' lang='lat' dir='ltr'>sua</span> <span class='ocrx_word' id='word_1_47' title='bbox 758 720 855 796; x_wconf 84' lang='lat' dir='ltr'>litora,</span> <span class='ocrx_word' id='word_1_48' title='bbox 869 721 922 780; x_wconf 91' lang='lat' dir='ltr'>sed</span> <span class='ocrx_word' id='word_1_49' title='bbox 931 719 1062 779; x_wconf 87' lang='lat' dir='ltr'>dicemus</span> <span class='ocrx_word' id='word_1_50' title='bbox 1074 718 1190 777; x_wconf 81' lang='lat' dir='ltr'>alienas</span> <span class='ocrx_word' id='word_1_51' title='bbox 1235 785 1236 800; x_wconf 12' lang='grc' dir='ltr'>χ</span> 
     </span>
     <span class='ocr_line' id='line_1_7' title="bbox 168 803 1236 890; baseline -0.005 -24"><span class='ocrx_word' id='word_1_52' title='bbox 168 807 264 883; x_wconf 81' lang='lat' dir='ltr'>lingua</span> <span class='ocrx_word' id='word_1_53' title='bbox 279 825 411 884; x_wconf 89' lang='lat' dir='ltr'>quaeque</span> <span class='ocrx_word' id='word_1_54' title='bbox 424 808 597 884; x_wconf 86' lang='lat' dir='ltr'>peritissima</span> <span class='ocrx_word' id='word_1_55' title='bbox 609 805 691 864; x_wconf 93' lang='lat' dir='ltr'>buius</span> <span class='ocrx_word' id='word_1_56' title='bbox 702 823 842 864; x_wconf 87' lang='lat' dir='ltr'>censurae</span> <span class='ocrx_word' id='word_1_57' title='bbox 855 806 883 862; x_wconf 93' lang='lat' dir='ltr'>in</span> <span class='ocrx_word' id='word_1_58' title='bbox 899 813 1000 863; x_wconf 90' lang='lat' dir='ltr'>nostro</span> <span class='ocrx_word' id='word_1_59' title='bbox 1016 819 1093 861; x_wconf 86' lang='lat' dir='ltr'>aevo</span> <span class='ocrx_word' id='word_1_60' title='bbox 1110 803 1172 861; x_wconf 86' lang='lat' dir='ltr'>init.</span> <span class='ocrx_word' id='word_1_61' title='bbox 1234 863 1236 890; x_wconf 43' lang='grc' dir='ltr'>ι</span> 
     </span>
     <span class='ocr_line' id='line_1_8' title="bbox 169 886 1237 966; baseline -0.008 -17"><span class='ocrx_word' id='word_1_62' title='bbox 169 899 234 949; x_wconf 91' lang='lat' dir='ltr'>sunt</span> <span class='ocrx_word' id='word_1_63' title='bbox 245 908 318 966; x_wconf 79' lang='lat' dir='ltr'>ergo</span> <span class='ocrx_word' id='word_1_64' title='bbox 326 891 449 950; x_wconf 86' lang='lat' dir='ltr'>bluciani</span> <span class='ocrx_word' id='word_1_65' title='bbox 460 890 559 966; x_wconf 81' lang='lat' dir='ltr'>rerba,</span> <span class='ocrx_word' id='word_1_66' title='bbox 572 907 646 966; x_wconf 89' lang='lat' dir='ltr'>quae</span> <span class='ocrx_word' id='word_1_67' title='bbox 658 888 813 948; x_wconf 79' lang='lat' dir='ltr'>subiciam:</span> <span class='ocrx_word' id='word_1_68' title='bbox 831 886 1013 962; x_wconf 80' lang='lat' dir='ltr'>Cyzicena</span> <span class='ocrx_word' id='word_1_69' title='bbox 1030 887 1173 944; x_wconf 85' lang='lat' dir='ltr'>maiora</span> <span class='ocrx_word' id='word_1_70' title='bbox 1236 937 1237 940; x_wconf 74' lang='grc'>,</span> 
     </span>
     <span class='ocr_line' id='line_1_9' title="bbox 167 969 1172 1047; baseline -0.007 -13"><span class='ocrx_word' id='word_1_71' title='bbox 167 973 357 1047; x_wconf 85' lang='lat' dir='ltr'>Lucrinis,</span> <span class='ocrx_word' id='word_1_72' title='bbox 383 974 550 1033; x_wconf 88' lang='lat' dir='ltr'>dulciora</span> <span class='ocrx_word' id='word_1_73' title='bbox 576 973 823 1047; x_wconf 84' lang='lat' dir='ltr'>Britannicis,</span> <span class='ocrx_word' id='word_1_74' title='bbox 851 971 1025 1030; x_wconf 83' lang='lat' dir='ltr'>suaviora</span> <span class='ocrx_word' id='word_1_75' title='bbox 1046 969 1172 1029; x_wconf 81' lang='lat' dir='ltr'>bledo-</span> 
     </span>
     <span class='ocr_line' id='line_1_10' title="bbox 168 1052 1174 1135; baseline -0.006 -19"><span class='ocrx_word' id='word_1_76' title='bbox 168 1057 249 1132; x_wconf 85' lang='lat' dir='ltr'>liis‚</span> <span class='ocrx_word' id='word_1_77' title='bbox 286 1059 434 1116; x_wconf 88' lang='lat' dir='ltr'>acriora</span> <span class='ocrx_word' id='word_1_78' title='bbox 465 1056 662 1135; x_wconf 84' lang='lat' dir='ltr'>Ephesiis,</span> <span class='ocrx_word' id='word_1_79' title='bbox 706 1056 874 1134; x_wconf 88' lang='lat' dir='ltr'>plenoria</span> <span class='ocrx_word' id='word_1_80' title='bbox 905 1052 1174 1126; x_wconf 89' lang='lat' dir='ltr'>lliciensibns‚</span> 
     </span>
     <span class='ocr_line' id='line_1_11' title="bbox 169 1137 1208 1219; baseline -0.007 -21"><span class='ocrx_word' id='word_1_81' title='bbox 169 1137 1208 1219; x_wconf 75' lang='lat' dir='ltr'>siccioraCoryphantenis,teneriornHistricis,can-to</span> 
     </span>
     <span class='ocr_line' id='line_1_12' title="bbox 13 1221 1175 1300; baseline -0.009 -11"><span class='ocrx_word' id='word_1_82' title='bbox 13 1221 18 1226; x_wconf 73' lang='grc'><strong>’</strong></span> <span class='ocrx_word' id='word_1_83' title='bbox 125 1221 1175 1300; x_wconf 78' lang='lat' dir='ltr'>63didiora0irceiensibus.sedbisuequedulciorane·</span> 
     </span>
     <span class='ocr_line' id='line_1_13' title="bbox 169 1303 1175 1385; baseline -0.004 -19"><span class='ocrx_word' id='word_1_84' title='bbox 169 1307 873 1385; x_wconf 88' lang='lat' dir='ltr'>quetenerioraesseollaconpertnm</span> <span class='ocrx_word' id='word_1_85' title='bbox 891 1314 959 1364; x_wconf 88' lang='lat' dir='ltr'>est.</span> <span class='ocrx_word' id='word_1_86' title='bbox 986 1308 1020 1363; x_wconf 91' lang='lat' dir='ltr'>in</span> <span class='ocrx_word' id='word_1_87' title='bbox 1038 1303 1175 1363; x_wconf 89' lang='lat' dir='ltr'>indico</span> 
     </span>
     <span class='ocr_line' id='line_1_14' title="bbox 168 1387 1177 1466; baseline -0.003 -18"><span class='ocrx_word' id='word_1_88' title='bbox 168 1392 257 1449; x_wconf 91' lang='lat' dir='ltr'>mari</span> <span class='ocrx_word' id='word_1_89' title='bbox 273 1391 482 1450; x_wconf 79' lang='lat' dir='ltr'>Alexandri</span> <span class='ocrx_word' id='word_1_90' title='bbox 504 1409 622 1450; x_wconf 86' lang='lat' dir='ltr'>rerum</span> <span class='ocrx_word' id='word_1_91' title='bbox 645 1399 822 1450; x_wconf 86' lang='lat' dir='ltr'>auctores</span> <span class='ocrx_word' id='word_1_92' title='bbox 839 1387 985 1466; x_wconf 89' lang='lat' dir='ltr'>pedalia</span> <span class='ocrx_word' id='word_1_93' title='bbox 1007 1388 1177 1446; x_wconf 86' lang='lat' dir='ltr'>inveniri</span> 
     </span>
     <span class='ocr_line' id='line_1_15' title="bbox 169 1471 1177 1552; baseline -0.004 -19"><span class='ocrx_word' id='word_1_94' title='bbox 169 1474 389 1552; x_wconf 88' lang='lat' dir='ltr'>prodidere,</span> <span class='ocrx_word' id='word_1_95' title='bbox 415 1491 572 1534; x_wconf 90' lang='lat' dir='ltr'>necnon</span> <span class='ocrx_word' id='word_1_96' title='bbox 595 1475 691 1533; x_wconf 86' lang='lat' dir='ltr'>inter</span> <span class='ocrx_word' id='word_1_97' title='bbox 718 1491 785 1532; x_wconf 90' lang='lat' dir='ltr'>nos</span> <span class='ocrx_word' id='word_1_98' title='bbox 810 1473 961 1551; x_wconf 90' lang='lat' dir='ltr'>nepotis</span> <span class='ocrx_word' id='word_1_99' title='bbox 984 1471 1177 1531; x_wconf 87' lang='lat' dir='ltr'>cniusdam</span> 
     </span>
     <span class='ocr_line' id='line_1_16' title="bbox 168 1556 1209 1636; baseline -0.006 -20"><span class='ocrx_word' id='word_1_100' title='bbox 168 1556 1209 1636; x_wconf 80' lang='lat' dir='ltr'>nomenclatortridacnaappellavit‚tantaeamplituns</span> 
     </span>
     <span class='ocr_line' id='line_1_17' title="bbox 168 1634 1176 1719; baseline -0.005 -19"><span class='ocrx_word' id='word_1_101' title='bbox 168 1641 266 1700; x_wconf 88' lang='lat' dir='ltr'>diuis</span> <span class='ocrx_word' id='word_1_102' title='bbox 289 1641 468 1718; x_wconf 78' lang='lat' dir='ltr'>intellegi</span> <span class='ocrx_word' id='word_1_103' title='bbox 496 1642 651 1719; x_wconf 89' lang='lat' dir='ltr'>cupiens</span> <span class='ocrx_word' id='word_1_104' title='bbox 676 1650 712 1700; x_wconf 88' lang='lat' dir='ltr'>ut</span> <span class='ocrx_word' id='word_1_105' title='bbox 734 1649 791 1699; x_wconf 88' lang='lat' dir='ltr'>ter</span> <span class='ocrx_word' id='word_1_106' title='bbox 812 1639 1009 1700; x_wconf 89' lang='lat' dir='ltr'>mordenda</span> <span class='ocrx_word' id='word_1_107' title='bbox 1032 1634 1176 1698; x_wconf 84' lang='lat' dir='ltr'>essent.</span> 
     </span>
    </p>

    <p class='ocr_par' dir='ltr' id='par_1_4' title="bbox 127 1722 1208 2202">
     <span class='ocr_line' id='line_1_18' title="bbox 127 1722 1177 1796; baseline -0.006 -9"><span class='ocrx_word' id='word_1_108' title='bbox 127 1734 163 1790; x_wconf 81' lang='lat'>64</span> <span class='ocrx_word' id='word_1_109' title='bbox 173 1723 234 1784; x_wconf 90' lang='lat' dir='ltr'>Dos</span> <span class='ocrx_word' id='word_1_110' title='bbox 244 1742 344 1784; x_wconf 88' lang='lat' dir='ltr'>eorum</span> <span class='ocrx_word' id='word_1_111' title='bbox 356 1724 468 1784; x_wconf 86' lang='lat' dir='ltr'>medica</span> <span class='ocrx_word' id='word_1_112' title='bbox 479 1725 536 1796; x_wconf 87' lang='lat' dir='ltr'>hoc</span> <span class='ocrx_word' id='word_1_113' title='bbox 552 1727 580 1784; x_wconf 91' lang='lat' dir='ltr'>in</span> <span class='ocrx_word' id='word_1_114' title='bbox 596 1725 664 1784; x_wconf 92' lang='lat' dir='ltr'>loco</span> <span class='ocrx_word' id='word_1_115' title='bbox 677 1733 738 1785; x_wconf 88' lang='lat' dir='ltr'>tota</span> <span class='ocrx_word' id='word_1_116' title='bbox 752 1725 879 1783; x_wconf 89' lang='lat' dir='ltr'>dicetur:</span> <span class='ocrx_word' id='word_1_117' title='bbox 896 1722 1075 1783; x_wconf 87' lang='lat' dir='ltr'>stomachum</span> <span class='ocrx_word' id='word_1_118' title='bbox 1090 1726 1177 1782; x_wconf 87' lang='lat' dir='ltr'>unice</span> 
     </span>
     <span class='ocr_line' id='line_1_19' title="bbox 168 1806 1178 1886; baseline -0.003 -19"><span class='ocrx_word' id='word_1_119' title='bbox 168 1809 313 1882; x_wconf 85' lang='lat' dir='ltr'>reficiunt,</span> <span class='ocrx_word' id='word_1_120' title='bbox 329 1809 451 1868; x_wconf 74' lang='lat' dir='ltr'>fastidiis</span> <span class='ocrx_word' id='word_1_121' title='bbox 466 1809 626 1882; x_wconf 86' lang='lat' dir='ltr'>medentur,</span> <span class='ocrx_word' id='word_1_122' title='bbox 648 1807 812 1886; x_wconf 86' lang='lat' dir='ltr'>addiditque</span> <span class='ocrx_word' id='word_1_123' title='bbox 827 1807 938 1868; x_wconf 84' lang='lat' dir='ltr'>luxuria</span> <span class='ocrx_word' id='word_1_124' title='bbox 952 1807 1046 1884; x_wconf 81' lang='lat' dir='ltr'>frigus</span> <span class='ocrx_word' id='word_1_125' title='bbox 1062 1806 1178 1866; x_wconf 90' lang='lat' dir='ltr'>obrutis</span> 
     </span>
     <span class='ocr_line' id='line_1_20' title="bbox 168 1890 1177 1968; baseline -0.002 -18"><span class='ocrx_word' id='word_1_126' title='bbox 168 1894 248 1967; x_wconf 85' lang='lat' dir='ltr'>nive,</span> <span class='ocrx_word' id='word_1_127' title='bbox 267 1909 375 1952; x_wconf 88' lang='lat' dir='ltr'>summa</span> <span class='ocrx_word' id='word_1_128' title='bbox 391 1895 528 1952; x_wconf 89' lang='lat' dir='ltr'>montium</span> <span class='ocrx_word' id='word_1_129' title='bbox 541 1900 571 1951; x_wconf 87' lang='lat' dir='ltr'>et</span> <span class='ocrx_word' id='word_1_130' title='bbox 584 1891 671 1950; x_wconf 89' lang='lat' dir='ltr'>maris</span> <span class='ocrx_word' id='word_1_131' title='bbox 685 1893 740 1952; x_wconf 89' lang='lat' dir='ltr'>ima</span> <span class='ocrx_word' id='word_1_132' title='bbox 754 1893 888 1950; x_wconf 87' lang='lat' dir='ltr'>miscens.</span> <span class='ocrx_word' id='word_1_133' title='bbox 910 1890 1062 1968; x_wconf 88' lang='lat' dir='ltr'>emolliunt</span> <span class='ocrx_word' id='word_1_134' title='bbox 1077 1891 1177 1949; x_wconf 87' lang='lat' dir='ltr'>alvom</span> 
     </span>
     <span class='ocr_line' id='line_1_21' title="bbox 168 1973 1208 2053; baseline -0.001 -18"><span class='ocrx_word' id='word_1_135' title='bbox 168 1975 283 2035; x_wconf 88' lang='lat' dir='ltr'>leniter.</span> <span class='ocrx_word' id='word_1_136' title='bbox 317 1975 477 2053; x_wconf 87' lang='lat' dir='ltr'>eademque</span> <span class='ocrx_word' id='word_1_137' title='bbox 499 1984 583 2035; x_wconf 90' lang='lat' dir='ltr'>cocta</span> <span class='ocrx_word' id='word_1_138' title='bbox 601 1993 664 2034; x_wconf 85' lang='lat' dir='ltr'>cum</span> <span class='ocrx_word' id='word_1_139' title='bbox 684 1975 777 2034; x_wconf 90' lang='lat' dir='ltr'>mulso</span> <span class='ocrx_word' id='word_1_140' title='bbox 793 1985 924 2034; x_wconf 86' lang='lat' dir='ltr'>tenesmo</span> <span class='ocrx_word' id='word_1_141' title='bbox 940 1974 989 2052; x_wconf 90' lang='lat' dir='ltr'>qui</span> <span class='ocrx_word' id='word_1_142' title='bbox 1006 1975 1071 2033; x_wconf 89' lang='lat' dir='ltr'>sine</span> <span class='ocrx_word' id='word_1_143' title='bbox 1093 1973 1208 2034; x_wconf 77' lang='lat' dir='ltr'>exul-ao</span> 
     </span>
     <span class='ocr_line' id='line_1_22' title="bbox 170 2059 1176 2136; baseline -0.004 -18"><span class='ocrx_word' id='word_1_144' title='bbox 170 2060 318 2118; x_wconf 86' lang='lat' dir='ltr'>ceratione</span> <span class='ocrx_word' id='word_1_145' title='bbox 341 2060 377 2117; x_wconf 91' lang='lat' dir='ltr'>sit</span> <span class='ocrx_word' id='word_1_146' title='bbox 399 2059 531 2118; x_wconf 86' lang='lat' dir='ltr'>liberant.</span> <span class='ocrx_word' id='word_1_147' title='bbox 560 2060 721 2119; x_wconf 82' lang='lat' dir='ltr'>vesicarum</span> <span class='ocrx_word' id='word_1_148' title='bbox 743 2059 841 2118; x_wconf 90' lang='lat' dir='ltr'>ulcera</span> <span class='ocrx_word' id='word_1_149' title='bbox 863 2074 979 2136; x_wconf 89' lang='lat' dir='ltr'>quoqne</span> <span class='ocrx_word' id='word_1_150' title='bbox 1001 2066 1176 2136; x_wconf 81' lang='lat' dir='ltr'>repurgant.</span> 
     </span>
     <span class='ocr_line' id='line_1_23' title="bbox 170 2140 1177 2202; baseline -0.001 -3"><span class='ocrx_word' id='word_1_151' title='bbox 170 2149 255 2200; x_wconf 88' lang='lat' dir='ltr'>cocta</span> <span class='ocrx_word' id='word_1_152' title='bbox 268 2142 298 2200; x_wconf 91' lang='lat' dir='ltr'>in</span> <span class='ocrx_word' id='word_1_153' title='bbox 313 2140 432 2200; x_wconf 83' lang='lat' dir='ltr'>conchis</span> <span class='ocrx_word' id='word_1_154' title='bbox 449 2143 507 2200; x_wconf 92' lang='lat' dir='ltr'>suis</span> <span class='ocrx_word' id='word_1_155' title='bbox 529 2143 571 2202; x_wconf 88' lang='lat' dir='ltr'>uti</span> <span class='ocrx_word' id='word_1_156' title='bbox 592 2142 673 2202; x_wconf 87' lang='lat' dir='ltr'>clusa</span> <span class='ocrx_word' id='word_1_157' title='bbox 687 2145 819 2202; x_wconf 82' lang='lat' dir='ltr'>venerint</span> <span class='ocrx_word' id='word_1_158' title='bbox 839 2144 911 2200; x_wconf 85' lang='lat' dir='ltr'>mire</span> <span class='ocrx_word' id='word_1_159' title='bbox 926 2140 1177 2201; x_wconf 87' lang='lat' dir='ltr'>destillationibus</span> 
     </span>
    </p>

    <p class='ocr_par' dir='ltr' id='par_1_5' title="bbox 127 2224 1208 2723">
     <span class='ocr_line' id='line_1_24' title="bbox 127 2224 1177 2301; baseline -0.004 -15"><span class='ocrx_word' id='word_1_160' title='bbox 127 2232 299 2301; x_wconf 77' lang='lat' dir='ltr'>ddprosunt.</span> <span class='ocrx_word' id='word_1_161' title='bbox 329 2224 437 2284; x_wconf 82' lang='lat' dir='ltr'>Testae</span> <span class='ocrx_word' id='word_1_162' title='bbox 458 2235 622 2285; x_wconf 88' lang='lat' dir='ltr'>ostreorum</span> <span class='ocrx_word' id='word_1_163' title='bbox 643 2226 714 2285; x_wconf 90' lang='lat' dir='ltr'>cinis</span> <span class='ocrx_word' id='word_1_164' title='bbox 735 2243 819 2286; x_wconf 84' lang='lat' dir='ltr'>uvam</span> <span class='ocrx_word' id='word_1_165' title='bbox 833 2225 916 2285; x_wconf 84' lang='lat' dir='ltr'>sedat</span> <span class='ocrx_word' id='word_1_166' title='bbox 931 2234 960 2284; x_wconf 91' lang='lat' dir='ltr'>et</span> <span class='ocrx_word' id='word_1_167' title='bbox 974 2225 1114 2284; x_wconf 85' lang='lat' dir='ltr'>tonsillas</span> <span class='ocrx_word' id='word_1_168' title='bbox 1129 2225 1177 2284; x_wconf 92' lang='lat' dir='ltr'>ad·</span> 
     </span>
     <span class='ocr_line' id='line_1_25' title="bbox 169 2307 1177 2388; baseline 0.001 -23"><span class='ocrx_word' id='word_1_169' title='bbox 169 2309 258 2366; x_wconf 88' lang='lat' dir='ltr'>mixto</span> <span class='ocrx_word' id='word_1_170' title='bbox 273 2307 378 2383; x_wconf 84' lang='lat' dir='ltr'>melle,</span> <span class='ocrx_word' id='word_1_171' title='bbox 400 2308 504 2368; x_wconf 88' lang='lat' dir='ltr'>eodem</span> <span class='ocrx_word' id='word_1_172' title='bbox 524 2309 611 2368; x_wconf 90' lang='lat' dir='ltr'>modo</span> <span class='ocrx_word' id='word_1_173' title='bbox 632 2309 795 2386; x_wconf 84' lang='lat' dir='ltr'>parotidas,</span> <span class='ocrx_word' id='word_1_174' title='bbox 817 2325 909 2387; x_wconf 88' lang='lat' dir='ltr'>panos</span> <span class='ocrx_word' id='word_1_175' title='bbox 929 2312 1177 2388; x_wconf 86' lang='lat' dir='ltr'>mammarumque</span> 
     </span>
     <span class='ocr_line' id='line_1_26' title="bbox 169 2391 1208 2473; baseline -0.004 -23"><span class='ocrx_word' id='word_1_176' title='bbox 169 2391 303 2467; x_wconf 86' lang='lat' dir='ltr'>duritias,</span> <span class='ocrx_word' id='word_1_177' title='bbox 320 2392 446 2469; x_wconf 88' lang='lat' dir='ltr'>capitum</span> <span class='ocrx_word' id='word_1_178' title='bbox 461 2392 560 2453; x_wconf 88' lang='lat' dir='ltr'>ulcera</span> <span class='ocrx_word' id='word_1_179' title='bbox 575 2411 613 2452; x_wconf 83' lang='lat' dir='ltr'>ex</span> <span class='ocrx_word' id='word_1_180' title='bbox 629 2411 718 2473; x_wconf 81' lang='lat' dir='ltr'>aqua,</span> <span class='ocrx_word' id='word_1_181' title='bbox 735 2401 887 2469; x_wconf 90' lang='lat' dir='ltr'>cutemque</span> <span class='ocrx_word' id='word_1_182' title='bbox 901 2393 1174 2452; x_wconf 36' lang='lat' dir='ltr'>mulierumssexten-</span> <span class='ocrx_word' id='word_1_183' title='bbox 1184 2407 1208 2448; x_wconf 83' lang='lat' dir='ltr'>as</span> 
     </span>
     <span class='ocr_line' id='line_1_27' title="bbox 169 2474 1176 2554; baseline -0.001 -20"><span class='ocrx_word' id='word_1_184' title='bbox 169 2474 219 2534; x_wconf 91' lang='lat' dir='ltr'>dit.</span> <span class='ocrx_word' id='word_1_185' title='bbox 249 2475 426 2552; x_wconf 77' lang='lat' dir='ltr'>inspergitur</span> <span class='ocrx_word' id='word_1_186' title='bbox 449 2486 479 2535; x_wconf 87' lang='lat' dir='ltr'>et</span> <span class='ocrx_word' id='word_1_187' title='bbox 495 2475 643 2554; x_wconf 63' lang='lat' dir='ltr'>ambustis,</span> <span class='ocrx_word' id='word_1_188' title='bbox 660 2484 690 2536; x_wconf 84' lang='lat' dir='ltr'>et</span> <span class='ocrx_word' id='word_1_189' title='bbox 705 2476 866 2536; x_wconf 86' lang='lat' dir='ltr'>dentifricio</span> <span class='ocrx_word' id='word_1_190' title='bbox 884 2476 990 2554; x_wconf 86' lang='lat' dir='ltr'>placet.</span> <span class='ocrx_word' id='word_1_191' title='bbox 1014 2476 1176 2554; x_wconf 85' lang='lat' dir='ltr'>pruritibus</span> 
     </span>
     <span class='ocr_line' id='line_1_28' title="bbox 171 2558 1176 2638; baseline -0.002 -22"><span class='ocrx_word' id='word_1_192' title='bbox 171 2575 288 2635; x_wconf 86' lang='lat' dir='ltr'>quoque</span> <span class='ocrx_word' id='word_1_193' title='bbox 306 2568 335 2618; x_wconf 83' lang='lat' dir='ltr'>et</span> <span class='ocrx_word' id='word_1_194' title='bbox 349 2560 548 2636; x_wconf 90' lang='lat' dir='ltr'>eruptionibus</span> <span class='ocrx_word' id='word_1_195' title='bbox 565 2559 683 2638; x_wconf 87' lang='lat' dir='ltr'>pituitae</span> <span class='ocrx_word' id='word_1_196' title='bbox 700 2579 738 2620; x_wconf 87' lang='lat' dir='ltr'>ex</span> <span class='ocrx_word' id='word_1_197' title='bbox 752 2568 839 2622; x_wconf 89' lang='lat' dir='ltr'>aceto</span> <span class='ocrx_word' id='word_1_198' title='bbox 852 2559 993 2618; x_wconf 86' lang='lat' dir='ltr'>medetur.</span> <span class='ocrx_word' id='word_1_199' title='bbox 1023 2559 1135 2619; x_wconf 90' lang='lat' dir='ltr'>crudae</span> <span class='ocrx_word' id='word_1_200' title='bbox 1152 2558 1176 2616; x_wconf 91' lang='lat' dir='ltr'>si</span> 
     </span>
     <span class='ocr_line' id='line_1_29' title="bbox 169 2639 1175 2723; baseline 0.002 -24"><span class='ocrx_word' id='word_1_201' title='bbox 169 2639 332 2718; x_wconf 87' lang='lat' dir='ltr'>tundantur,</span> <span class='ocrx_word' id='word_1_202' title='bbox 343 2651 465 2702; x_wconf 89' lang='lat' dir='ltr'>strumas</span> <span class='ocrx_word' id='word_1_203' title='bbox 478 2653 579 2704; x_wconf 84' lang='lat' dir='ltr'>sanant</span> <span class='ocrx_word' id='word_1_204' title='bbox 590 2652 620 2704; x_wconf 86' lang='lat' dir='ltr'>et</span> <span class='ocrx_word' id='word_1_205' title='bbox 631 2645 788 2723; x_wconf 89' lang='lat' dir='ltr'>perniones</span> <span class='ocrx_word' id='word_1_206' title='bbox 801 2642 915 2722; x_wconf 88' lang='lat' dir='ltr'>pedum.</span> <span class='ocrx_word' id='word_1_207' title='bbox 937 2642 1089 2720; x_wconf 88' lang='lat' dir='ltr'>Purpurae</span> <span class='ocrx_word' id='word_1_208' title='bbox 1102 2659 1175 2720; x_wconf 93' lang='lat' dir='ltr'>quo-</span> 
     </span>
    </p>

    <p class='ocr_par' dir='ltr' id='par_1_6' title="bbox 59 2729 617 2804">
     <span class='ocr_line' id='line_1_30' title="bbox 59 2729 617 2804; baseline 0.005 -22"><span class='ocrx_word' id='word_1_209' title='bbox 59 2729 67 2754; x_wconf 66' lang='lat'><strong>*</strong></span> <span class='ocrx_word' id='word_1_210' title='bbox 170 2741 228 2801; x_wconf 91' lang='lat' dir='ltr'>que</span> <span class='ocrx_word' id='word_1_211' title='bbox 242 2735 342 2785; x_wconf 85' lang='lat' dir='ltr'>contra</span> <span class='ocrx_word' id='word_1_212' title='bbox 357 2743 469 2786; x_wconf 91' lang='lat' dir='ltr'>venena</span> <span class='ocrx_word' id='word_1_213' title='bbox 487 2736 617 2804; x_wconf 89' lang='lat' dir='ltr'>prosunt.</span> 
     </span>
    </p>

    <p class='ocr_par' dir='ltr' id='par_1_7' title="bbox 127 2806 1205 2886">
     <span class='ocr_line' id='line_1_31' title="bbox 127 2806 1205 2886; baseline 0.001 -17"><span class='ocrx_word' id='word_1_214' title='bbox 127 2813 163 2869; x_wconf 79' lang='grc'>66</span> <span class='ocrx_word' id='word_1_215' title='bbox 235 2806 318 2886; x_wconf 88' lang='grc'>(22.)</span> <span class='ocrx_word' id='word_1_216' title='bbox 348 2807 386 2868; x_wconf 85' lang='lat' dir='ltr'>Et</span> <span class='ocrx_word' id='word_1_217' title='bbox 408 2809 504 2886; x_wconf 81' lang='lat' dir='ltr'>algam</span> <span class='ocrx_word' id='word_1_218' title='bbox 527 2812 613 2870; x_wconf 89' lang='lat' dir='ltr'>maris</span> <span class='ocrx_word' id='word_1_219' title='bbox 637 2810 784 2870; x_wconf 90' lang='lat' dir='ltr'>tberiaoen</span> <span class='ocrx_word' id='word_1_220' title='bbox 812 2828 879 2870; x_wconf 88' lang='lat' dir='ltr'>esse</span> <span class='ocrx_word' id='word_1_221' title='bbox 904 2808 1051 2868; x_wconf 84' lang='lat' dir='ltr'>Nicander</span> <span class='ocrx_word' id='word_1_222' title='bbox 1076 2807 1205 2870; x_wconf 76' lang='lat' dir='ltr'>traditan</span> 
     </span>
    </p>

    <p class='ocr_par' dir='ltr' id='par_1_8' title="bbox 128 2890 1190 3220">
     <span class='ocr_line' id='line_1_32' title="bbox 128 2890 1173 2970; baseline 0.009 -29"><span class='ocrx_word' id='word_1_223' title='bbox 128 2890 284 2967; x_wconf 66' lang='lat' dir='ltr'>anaplum</span> <span class='ocrx_word' id='word_1_224' title='bbox 301 2893 362 2951; x_wconf 89' lang='lat' dir='ltr'>eius</span> <span class='ocrx_word' id='word_1_225' title='bbox 375 2909 502 2968; x_wconf 80' lang='lat' dir='ltr'>genera,</span> <span class='ocrx_word' id='word_1_226' title='bbox 524 2894 565 2954; x_wconf 90' lang='lat' dir='ltr'>uti</span> <span class='ocrx_word' id='word_1_227' title='bbox 580 2893 715 2953; x_wconf 84' lang='lat' dir='ltr'>diximus:</span> <span class='ocrx_word' id='word_1_228' title='bbox 739 2893 829 2970; x_wconf 79' lang='lat' dir='ltr'>longo</span> <span class='ocrx_word' id='word_1_229' title='bbox 843 2893 915 2954; x_wconf 89' lang='lat' dir='ltr'>folio</span> <span class='ocrx_word' id='word_1_230' title='bbox 931 2902 961 2952; x_wconf 87' lang='lat' dir='ltr'>et</span> <span class='ocrx_word' id='word_1_231' title='bbox 975 2893 1117 2969; x_wconf 82' lang='lat' dir='ltr'>rubente,</span> <span class='ocrx_word' id='word_1_232' title='bbox 1134 2891 1173 2951; x_wconf 92' lang='lat' dir='ltr'>la·</span> 
     </span>
     <span class='ocr_line' id='line_1_33' title="bbox 169 2973 1173 3054; baseline 0.002 -24"><span class='ocrx_word' id='word_1_233' title='bbox 169 2973 246 3031; x_wconf 88' lang='lat' dir='ltr'>tiore</span> <span class='ocrx_word' id='word_1_234' title='bbox 262 2973 317 3033; x_wconf 91' lang='lat' dir='ltr'>alia</span> <span class='ocrx_word' id='word_1_235' title='bbox 329 2975 377 3034; x_wconf 87' lang='lat' dir='ltr'>vel</span> <span class='ocrx_word' id='word_1_236' title='bbox 395 2977 503 3054; x_wconf 89' lang='lat' dir='ltr'>crispo.</span> <span class='ocrx_word' id='word_1_237' title='bbox 532 2976 727 3037; x_wconf 87' lang='lat' dir='ltr'>laudatissima</span> <span class='ocrx_word' id='word_1_238' title='bbox 745 2995 818 3054; x_wconf 88' lang='lat' dir='ltr'>quae</span> <span class='ocrx_word' id='word_1_239' title='bbox 835 2979 863 3036; x_wconf 93' lang='lat' dir='ltr'>in</span> <span class='ocrx_word' id='word_1_240' title='bbox 881 2976 968 3037; x_wconf 84' lang='lat' dir='ltr'>Creta</span> <span class='ocrx_word' id='word_1_241' title='bbox 983 2976 1079 3036; x_wconf 86' lang='lat' dir='ltr'>insula</span> <span class='ocrx_word' id='word_1_242' title='bbox 1095 2977 1173 3034; x_wconf 85' lang='lat' dir='ltr'>iuxta</span> 
     </span>
     <span class='ocr_line' id='line_1_34' title="bbox 170 3057 1190 3136; baseline 0.002 -23"><span class='ocrx_word' id='word_1_243' title='bbox 170 3063 277 3116; x_wconf 88' lang='lat' dir='ltr'>terram</span> <span class='ocrx_word' id='word_1_244' title='bbox 295 3058 322 3116; x_wconf 92' lang='lat' dir='ltr'>io</span> <span class='ocrx_word' id='word_1_245' title='bbox 344 3060 435 3136; x_wconf 88' lang='lat' dir='ltr'>petris</span> <span class='ocrx_word' id='word_1_246' title='bbox 457 3061 585 3120; x_wconf 87' lang='lat' dir='ltr'>nascitur</span> <span class='ocrx_word' id='word_1_247' title='bbox 605 3060 768 3136; x_wconf 83' lang='lat' dir='ltr'>tinguendis</span> <span class='ocrx_word' id='word_1_248' title='bbox 783 3061 868 3120; x_wconf 88' lang='lat' dir='ltr'>etiam</span> <span class='ocrx_word' id='word_1_249' title='bbox 889 3061 961 3119; x_wconf 90' lang='lat' dir='ltr'>lanis</span> <span class='ocrx_word' id='word_1_250' title='bbox 977 3061 1017 3119; x_wconf 93' lang='lat' dir='ltr'>ita</span> <span class='ocrx_word' id='word_1_251' title='bbox 1039 3057 1190 3118; x_wconf 86' lang='lat' dir='ltr'>colorem</span> 
     </span>
     <span class='ocr_line' id='line_1_35' title="bbox 171 3138 1121 3220; baseline 0.002 -22"><span class='ocrx_word' id='word_1_252' title='bbox 171 3138 303 3216; x_wconf 83' lang='lat' dir='ltr'>adligaus</span> <span class='ocrx_word' id='word_1_253' title='bbox 317 3149 347 3198; x_wconf 91' lang='lat' dir='ltr'>ut</span> <span class='ocrx_word' id='word_1_254' title='bbox 363 3141 419 3199; x_wconf 93' lang='lat' dir='ltr'>elui</span> <span class='ocrx_word' id='word_1_255' title='bbox 435 3152 540 3220; x_wconf 86' lang='lat' dir='ltr'>postea</span> <span class='ocrx_word' id='word_1_256' title='bbox 554 3160 612 3202; x_wconf 88' lang='lat' dir='ltr'>non</span> <span class='ocrx_word' id='word_1_257' title='bbox 628 3145 730 3219; x_wconf 88' lang='lat' dir='ltr'>possit.</span> <span class='ocrx_word' id='word_1_258' title='bbox 759 3161 775 3202; x_wconf 90' lang='lat' dir='ltr'>e</span> <span class='ocrx_word' id='word_1_259' title='bbox 791 3145 858 3202; x_wconf 87' lang='lat' dir='ltr'>vino</span> <span class='ocrx_word' id='word_1_260' title='bbox 876 3142 955 3202; x_wconf 88' lang='lat' dir='ltr'>iubet</span> <span class='ocrx_word' id='word_1_261' title='bbox 969 3160 1033 3202; x_wconf 84' lang='lat' dir='ltr'>cam</span> <span class='ocrx_word' id='word_1_262' title='bbox 1049 3142 1121 3202; x_wconf 89' lang='lat' dir='ltr'>dari.</span> 
     </span>
    </p>

    <p class='ocr_par' dir='ltr' id='par_1_9' title="bbox 127 3223 1230 3555">
     <span class='ocr_line' id='line_1_36' title="bbox 127 3223 1202 3305; baseline -0.001 -23"><span class='ocrx_word' id='word_1_263' title='bbox 127 3227 161 3282; x_wconf 82' lang='lat' dir='ltr'>ot</span> <span class='ocrx_word' id='word_1_264' title='bbox 235 3226 264 3282; x_wconf 89' lang='lat'>7.</span> <span class='ocrx_word' id='word_1_265' title='bbox 290 3223 374 3300; x_wconf 83' lang='lat'>(23.)</span> <span class='ocrx_word' id='word_1_266' title='bbox 397 3225 557 3303; x_wconf 85' lang='lat' dir='ltr'>Alopecias</span> <span class='ocrx_word' id='word_1_267' title='bbox 568 3225 663 3303; x_wconf 85' lang='lat' dir='ltr'>replet</span> <span class='ocrx_word' id='word_1_268' title='bbox 674 3225 859 3305; x_wconf 87' lang='lat' dir='ltr'>hippocampi</span> <span class='ocrx_word' id='word_1_269' title='bbox 872 3228 944 3286; x_wconf 90' lang='lat' dir='ltr'>cinis</span> <span class='ocrx_word' id='word_1_270' title='bbox 954 3227 1030 3286; x_wconf 88' lang='lat' dir='ltr'>nitro</span> <span class='ocrx_word' id='word_1_271' title='bbox 1044 3235 1075 3285; x_wconf 88' lang='lat' dir='ltr'>et</span> <span class='ocrx_word' id='word_1_272' title='bbox 1086 3226 1169 3302; x_wconf 89' lang='lat' dir='ltr'>adipe</span> <span class='ocrx_word' id='word_1_273' title='bbox 1178 3240 1202 3283; x_wconf 82' lang='lat' dir='ltr'>as</span> 
     </span>
     <span class='ocr_line' id='line_1_37' title="bbox 170 3303 1170 3388; baseline 0.006 -27"><span class='ocrx_word' id='word_1_274' title='bbox 170 3303 256 3363; x_wconf 89' lang='lat' dir='ltr'>suillo</span> <span class='ocrx_word' id='word_1_275' title='bbox 269 3308 373 3366; x_wconf 80' lang='lat' dir='ltr'>mixtus</span> <span class='ocrx_word' id='word_1_276' title='bbox 382 3317 431 3366; x_wconf 89' lang='lat' dir='ltr'>aut</span> <span class='ocrx_word' id='word_1_277' title='bbox 440 3310 572 3368; x_wconf 88' lang='lat' dir='ltr'>sincerus</span> <span class='ocrx_word' id='word_1_278' title='bbox 584 3318 725 3386; x_wconf 78' lang='lat' dir='ltr'>euocato,</span> <span class='ocrx_word' id='word_1_279' title='bbox 735 3319 890 3388; x_wconf 87' lang='lat' dir='ltr'>praeparat</span> <span class='ocrx_word' id='word_1_280' title='bbox 900 3319 995 3372; x_wconf 88' lang='lat' dir='ltr'>autern</span> <span class='ocrx_word' id='word_1_281' title='bbox 1007 3311 1170 3388; x_wconf 87' lang='lat' dir='ltr'>saepiarum</span> 
     </span>
     <span class='ocr_line' id='line_1_38' title="bbox 171 3389 1168 3472; baseline 0.008 -29"><span class='ocrx_word' id='word_1_282' title='bbox 171 3395 284 3448; x_wconf 79' lang='lat' dir='ltr'>onustae</span> <span class='ocrx_word' id='word_1_283' title='bbox 299 3389 391 3448; x_wconf 83' lang='lat' dir='ltr'>farina</span> <span class='ocrx_word' id='word_1_284' title='bbox 405 3391 621 3451; x_wconf 88' lang='lat' dir='ltr'>medicamentis</span> <span class='ocrx_word' id='word_1_285' title='bbox 637 3402 741 3468; x_wconf 83' lang='lat' dir='ltr'>autent,</span> <span class='ocrx_word' id='word_1_286' title='bbox 756 3393 853 3472; x_wconf 89' lang='lat' dir='ltr'>replet</span> <span class='ocrx_word' id='word_1_287' title='bbox 866 3403 896 3454; x_wconf 88' lang='lat' dir='ltr'>et</span> <span class='ocrx_word' id='word_1_288' title='bbox 911 3396 997 3453; x_wconf 87' lang='lat' dir='ltr'>muris</span> <span class='ocrx_word' id='word_1_289' title='bbox 1014 3395 1115 3454; x_wconf 90' lang='lat' dir='ltr'>marini</span> <span class='ocrx_word' id='word_1_290' title='bbox 1131 3392 1168 3452; x_wconf 88' lang='lat' dir='ltr'>ci·</span> 
     </span>
     <span class='ocr_line' id='line_1_39' title="bbox 169 3465 1230 3555; baseline 0.008 -29"><span class='ocrx_word' id='word_1_291' title='bbox 169 3465 214 3526; x_wconf 85' lang='lat' dir='ltr'>nis</span> <span class='ocrx_word' id='word_1_292' title='bbox 225 3485 288 3528; x_wconf 90' lang='lat' dir='ltr'>cum</span> <span class='ocrx_word' id='word_1_293' title='bbox 298 3471 377 3548; x_wconf 83' lang='lat' dir='ltr'>oleo,</span> <span class='ocrx_word' id='word_1_294' title='bbox 393 3475 459 3532; x_wconf 87' lang='lat' dir='ltr'>item</span> <span class='ocrx_word' id='word_1_295' title='bbox 477 3475 572 3533; x_wconf 87' lang='lat' dir='ltr'>echini</span> <span class='ocrx_word' id='word_1_296' title='bbox 586 3493 648 3536; x_wconf 87' lang='lat' dir='ltr'>oum</span> <span class='ocrx_word' id='word_1_297' title='bbox 661 3477 795 3537; x_wconf 90' lang='lat' dir='ltr'>carnibus</span> <span class='ocrx_word' id='word_1_298' title='bbox 810 3479 869 3537; x_wconf 91' lang='lat' dir='ltr'>suis</span> <span class='ocrx_word' id='word_1_299' title='bbox 885 3480 1013 3555; x_wconf 83' lang='lat' dir='ltr'>cremati,</span> <span class='ocrx_word' id='word_1_300' title='bbox 1031 3477 1073 3538; x_wconf 87' lang='lat' dir='ltr'>iel</span> <span class='ocrx_word' id='word_1_301' title='bbox 1088 3491 1166 3536; x_wconf 89' lang='lat' dir='ltr'>soor·</span> <span class='ocrx_word' id='word_1_302' title='bbox 1227 3523 1230 3530; x_wconf 90' lang='lat'>.</span> 
     </span>
    </p>
   </div>
   <div class='ocr_carea' id='block_1_4' title="bbox 0 0 1287 3930">
    <p class='ocr_par' dir='ltr' id='par_1_10' title="bbox 0 0 1287 3930">
     <span class='ocr_line' id='line_1_40' title="bbox 0 0 1287 3930; baseline 0 0"><span class='ocrx_word' id='word_1_303' title='bbox 0 0 1287 3930; x_wconf 95' lang='lat' dir='ltr'> </span> 
     </span>
    </p>
   </div>
  </div>
 </body>
</html>
