2458 3906
266 267 347 314 unu.
364 257 456 315 rirsr.
472 266 586 314 xvnu.
599 263 685 318 7—8.
701 255 852 338 (au-39.)
996 258 1056 318 177

74 429 205 503 practerea
229 419 308 498 longi
330 430 359 480 et
373 424 505 500 angusti,
523 422 628 482 intubis
644 423 753 482 similis.
779 441 943 502 pessumum
959 434 1055 487 autem

71 523 145 584 genus
166 524 229 566 cum
245 505 472 585 exprobratione
487 507 681 569 amaritudinis
698 507 890 586 appellavere
906 509 1053 591 πικρίδα.

72 600 105 652 est
122 591 266 650 etiamnum
289 589 345 650 alia
361 590 505 654 distinctio
526 591 611 652 albae
638 609 712 669 quae
732 584 878 671 μηκωνὶς
901 605 1056 657 vocatura

72 676 137 754 copia
149 675 230 736 lactis
246 674 416 753 soporiferi,
433 694 603 756 quamquam
617 693 717 736 omncs
730 693 859 735 somnum
871 695 977 755 parere
991 698 1054 740 cre·

57 761 161 824 aluntur.
188 758 265 839 apud
281 759 415 838 antiquos
427 760 528 821 ltaliae
542 761 599 821 hoc
612 759 705 821 solum
717 778 808 838 genus
821 778 919 821 earum
930 762 1001 840 fuit,
1025 773 1055 824 et

70 845 119 905 idco
137 843 256 904 lactucis
278 860 419 904 nomena
440 845 526 905 lactc.
562 863 736 924 purpuream
756 862 906 906 maxumae
927 846 1034 908 radicis
1046 859 1096 916 117

72 927 242 988 Caecilianam
260 937 383 1006 vocant,
406 929 557 990 rotundam
574 947 644 988 vero
662 947 696 989 ac
715 929 836 989 minuma
854 929 970 1008 radice,
988 932 1053 993 latis

71 1012 144 1090 foliis,
158 1001 329 1086 aaronica,
346 1013 518 1093 quidamque
535 1001 742 1093 εὖνουχεϊον,
757 1015 890 1092 quoniam
905 1013 979 1076 lraec
995 1034 1052 1076 ma·

70 1115 135 1168 runc
153 1097 320 1176 refragetur
335 1101 445 1158 veneri.
470 1099 645 1178 estquidam
663 1107 763 1158 natura
782 1097 913 1158 omnibus
929 1099 1053 1179 refrige-

49 1183 140 1242 uratrix
153 1191 180 1241 et
194 1183 265 1242 ideo
287 1190 399 1242 aestate
414 1184 517 1261 gratia.
540 1182 690 1244 stomacho
705 1181 849 1243 fastidium
866 1183 999 1245 auferunt
1014 1187 1054 1245 ci·

70 1263 137 1344 bique
160 1266 357 1346 adpetentiam
384 1268 501 1329 faciunt.
534 1267 617 1329 divos
642 1277 724 1328 certe
748 1266 897 1346 Augustus
920 1269 1033 1330 lactuca
1046 1277 1097 1335 128

73 1359 235 1411 conservatus
259 1353 288 1410 in
314 1351 495 1429 aegritudine
518 1353 610 1413 fertur
635 1352 786 1431 prudentia
809 1351 910 1414 Musae
936 1353 1053 1431 medici,

73 1452 118 1494 cun
134 1436 236 1514 prioris
254 1434 289 1497 c,
307 1435 414 1496 Aemili
433 1437 538 1515 religio
558 1438 642 1497 nimia
660 1456 723 1497 eum
740 1447 877 1514 necaret,
903 1439 1055 1500 intantum

71 1528 166 1598 recepta
186 1519 454 1597 commendatione,
482 1530 512 1580 ut
533 1522 644 1582 servari
662 1522 790 1582 etiamid
808 1522 919 1582 alienos
937 1541 1054 1584 menses

50 1621 108 1666 treas
120 1605 240 1680 oxymeli
254 1613 313 1666 tum
328 1605 534 1684 repertumsit.
554 1606 722 1684 sanguinem
735 1622 852 1686 quoque
863 1624 973 1684 augere
989 1625 1053 1668 cre·

71 1687 158 1748 duntur.
193 1687 248 1748 Est
265 1690 417 1750 etiamnum
440 1706 515 1768 quac
530 1699 650 1750 vocatur
667 1691 784 1770 caprina
798 1691 930 1768 lactuca,
948 1690 984 1752 de
999 1710 1054 1772 qua

71 1769 173 1832 dicemus
184 1775 262 1833 inter
274 1773 413 1833 medicas.
426 1783 455 1833 et
468 1789 540 1833 ecce
554 1793 616 1834 cum
631 1792 761 1835 maxume
772 1776 870 1855 coepit
881 1776 1018 1854 inrepere
1035 1797 1063 1841 ιο,
1074 1797 1097 1832 ss

70 1857 147 1916 sadus
167 1856 322 1918 admodum
338 1857 461 1936 probata
477 1875 551 1937 quae
567 1857 669 1919 Cilicia
686 1869 823 1935 vocatur,
849 1858 921 1920 folio
940 1855 1053 1939 Cappa·

71 1938 161 2016 dociae,
176 1943 204 2001 ni
224 1943 356 2022 crispum
371 1942 516 2022 latiusque
534 1952 622 2003 esset.

49 2045 66 2087 u
117 2024 193 2106 (39.)
216 2021 324 2105 Nequc'
347 2045 384 2086 ex
406 2026 510 2087 eodem
531 2045 643 2104 genere
667 2036 788 2104 possunt
808 2028 865 2089 dici
886 2045 982 2109 neque
998 2047 1035 2088 ex
1047 2037 1098 2093 119

70 2107 112 2168 allo
125 2112 223 2190 intubi,
242 2111 348 2172 hiemis
364 2111 383 2170 ii
399 2112 590 2190 patientiores
607 2111 744 2189 virusque
760 2112 980 2191 praeferentes,
1000 2112 1053 2173 sed

70 2193 132 2254 caule
144 2213 198 2256 nou
212 2197 308 2256 minus
324 2199 408 2274 grati.
431 2205 566 2257 seruntur
582 2211 672 2256 verno
689 2195 805 2274 plantae
821 2209 939 2274 eorum,
955 2197 1054 2257 ultimo

68 2293 121 2338 rere
132 2280 350 2342 transferuntur.
372 2291 416 2341 est
432 2289 461 2340 et
476 2282 629 2341 erraticum
645 2279 771 2340 intubum
785 2280 862 2359 quod
876 2281 904 2340 iu
915 2281 1054 2360 Aegypto

69 2361 200 2426 cichorium
228 2375 355 2442 vocant,
383 2365 419 2426 de
444 2382 501 2444 quo
525 2365 607 2445 plura
631 2363 712 2425 alias.
765 2363 913 2424 Inventum
935 2367 1026 2426 omnis
1036 2363 1097 2450 323}

44 2445 162 2522 ctlyrsos
184 2451 235 2510 vel
262 2450 332 2511 folia
357 2449 534 2511 lactucarum
560 2466 724 2530 prorogare
749 2449 847 2510 urceis
870 2448 1003 2511 conditos
1026 2459 1056 2510 et

67 2535 172 2602 recentis
191 2535 220 2595 iu
241 2535 349 2614 patinis
373 2551 513 2615 coquere.
559 2536 700 2596 seruntur
723 2534 855 2595 lactucae
877 2549 951 2592 auno
969 2542 1030 2593 toto
1045 2542 1097 2598 130

67 2610 133 2677 lactis
153 2629 180 2681 et
200 2621 297 2698 riguis
321 2621 567 2698 stercoratisque,
597 2619 672 2680 binis
694 2617 842 2679 mensibus
865 2618 940 2677 inter
954 2633 1056 2678 semen

67 2699 229 2785 plantamque
250 2713 280 2765 et
294 2704 497 2764 maturitatem.
521 2703 680 2781 legitimum
694 2713 790 2764 tamen
807 2721 823 2762 a
839 2701 938 2762 bruma
956 2720 1056 2762 semen

20 2777 22 2866 ξ
67 2782 156 2863 iacere,
169 2789 298 2868 plantam
310 2788 428 2850 favonio
439 2789 610 2865 transferre,
626 2787 1057 2865 autscmenfavonio,'plantam

20 2871 22 2934 f
44 2872 231 2947 uaequinoctio
246 2890 350 2934 veruo.
374 2872 458 2934 albae
474 2890 606 2934 maxume
624 2872 746 2933 hiemem
765 2871 899 2933 tolerant.
927 2871 1036 2932 Umore
1048 2883 1095 2937 131

69 2955 143 3016 onnia
160 2957 312 3018 hortensia
335 2957 478 3035 gaudent,
507 2967 536 3018 ct
550 2967 683 3018 stercore
702 2956 861 3036 praecipue
878 2957 1011 3018 lactucae
1028 2965 1057 3018 et

20 3041 21 3090 l
68 3041 140 3116 uagis
158 3041 259 3103 intubi.
305 3044 364 3103 scri
386 3045 473 3104 ctiam
497 3042 613 3104 radices
637 3041 732 3103 inlitas
749 3041 815 3101 fimo
830 3043 951 3102 interest
967 3051 995 3102 et
1010 3061 1056 3102 re·

20 3115 22 3240 p
69 3121 128 3198 pleri
140 3126 313 3207 ablaqueata
329 3126 424 3188 humo.
447 3128 561 3207 quidam
574 3135 603 3187 et
615 3127 699 3187 aliter
710 3125 925 3206 amplitudinem
939 3135 1055 3203 augent,

20 3247 22 3296 ,
68 3209 168 3288 recisis,
191 3231 256 3273 cum
281 3211 317 3273 ad
339 3213 517 3291 semipedem
533 3221 743 3285 excreverunt,
765 3213 890 3290 limoque
907 3210 993 3270 suillo
1011 3228 1056 3269 re·

20 3315 21 3324 ¹
44 3294 131 3352 acenti
150 3295 247 3357 inlitis.
278 3297 435 3358 candorem
455 3316 527 3358 vero
550 3305 649 3377 putant
668 3298 838 3376 contingere
858 3296 893 3355 iis
911 3295 1057 3355 dumtaxat

20 3371 22 3458 ζ
72 3391 132 3453 quae
151 3381 204 3440 sint
226 3381 346 3442 seminis
370 3381 444 3460 albi,
473 3383 497 3444 si
523 3383 631 3444 barcua
655 3382 691 3443 de
706 3383 791 3443 litore
814 3399 830 3441 a
854 3382 945 3461 primo
962 3379 1056 3438 incre-

20 3487 21 3490 *
72 3471 150 3522 mento
170 3475 345 3545 congeratur
367 3467 395 3528 in
417 3467 528 3530 medias
550 3477 638 3546 atque
658 3468 852 3529 increscentia
868 3463 938 3525 folia
957 3472 1057 3523 contra

20 3589 22 3626 ,
72 3543 137 3622 ipsas
149 3549 316 3628 religentur.

106 3650 164 3692 auru.
177 3656 240 3694 uun.
255 3657 322 3698 rusn.
341 3641 384 3698 lll.
858 3633 896 3694 12
