2396 3922
163 207 224 270 144
451 211 459 223 ‘
511 217 815 270 cremnensium

154 374 212 438 ,lita
239 375 268 434 in
296 372 418 436 clibanis
445 371 613 450 calfaciunt,
648 372 753 433 deinde
775 379 913 452 exempto
936 389 1037 432 sucum
1057 373 1152 450 expri-

161 467 239 516 munt
253 457 381 516 eiusdem
402 458 534 518 nondinis.
565 473 633 516 usus
653 466 683 516 et
704 456 766 515 suoi
789 465 818 514 et
838 455 992 532 loliorum,
1016 458 1040 514 si
1060 465 1143 514 temo

162 550 224 616 tur,
248 540 387 600 adversus
410 540 567 619 epiphoras
590 557 664 617 quae
678 541 830 598 universae
845 557 901 598 uno
917 540 1026 616 impetn
1043 538 1156 598 cadunt.

163 625 229 684 binc
250 633 424 703 temperatur
440 625 591 698 collyrium
611 622 689 701 quod
711 620 815 681 medici
834 622 1019 698 diaglaucion
1040 630 1156 680 vocant.

163 707 245 766 lactis
261 724 375 786 quoque
389 707 506 768 ubertas
520 707 681 766 intermisse
695 707 861 766 restituitur.
884 707 1003 765 sumitur
1017 705 1104 764 huius
1117 707 1179 764 reis

164 808 250 850 consa
268 809 404 869 exaqua.
441 807 450 826 ·

125 885 161 938 84
234 874 317 954 (60.)
341 874 513 949 Glycyside,
537 891 620 950 qnam
635 875 721 951 aliqui
737 874 890 933 Paeoniam
906 882 955 932 ant
974 870 1158 950 pentorobon

162 966 283 1032 vocant,
306 957 417 1018 caulem
431 957 517 1017 habet
531 957 615 1016 duum
631 957 807 1032 cubitorum,
829 955 1032 1016 comitantibus
1050 955 1158 1014 duobus

163 1051 211 1100 aut
233 1003 340 1124 tribps,
367 1041 548 1116 subrutilum,
573 1049 639 1100 cute
659 1041 747 1118 lauri,
770 1040 840 1100 folia
861 1039 958 1138 qualia
979 1041 1082 1114 isatis,
1101 1040 1157 1116 pin·

163 1127 266 1200 guiora
286 1099 511 1201 rotundioraque
534 1132 564 1184 et
584 1125 710 1199 minora,
741 1141 838 1182 semen
867 1126 895 1182 in
921 1123 1055 1200 siliquis,
1088 1121 1191 1180 aliudue

121 1217 257 1284 ffigrano
272 1207 402 1284 rubente,
419 1207 493 1266 aliud
510 1209 603 1283 nigro.
636 1207 691 1266 duo
714 1217 808 1266 autem
822 1225 933 1284 genera
950 1215 1031 1266 sunt:
1058 1204 1159 1264 lemine

165 1293 341 1350 existimatur
358 1293 438 1350 cuius
455 1291 601 1350 radicibus
617 1308 671 1350 ceu
687 1291 780 1350 balani
793 1291 943 1368 longiores
958 1292 1082 1348 circiter
1095 1299 1160 1348 octo

164 1383 211 1434 aut
227 1393 280 1433 sex
301 1373 468 1434 adhaerent.
497 1392 557 1434 mas
580 1374 670 1453 pluris
688 1374 863 1451 nonhabet,
885 1375 1020 1450 quoniam
1046 1391 1104 1432 una
1120 1391 1161 1431 ra·

163 1457 229 1517 dice
240 1459 322 1516 nixus
335 1467 379 1516 est
392 1458 477 1536 palmi
497 1458 661 1533 altitudine,
682 1457 817 1533 candida,
842 1475 914 1534 qnae
933 1465 1021 1534 gustu
1041 1457 1161 1516 adstrin-

162 1542 214 1617 git.
245 1542 368 1601 feminae
383 1542 453 1602 iolia
468 1559 589 1601 murram
600 1541 735 1600 redolent
747 1549 776 1600 et
789 1541 924 1601 densiora
940 1549 1015 1599 sunt.
1037 1554 1187 1599 nasoon-us

163 1634 208 1684 tur
224 1627 252 1683 in
267 1625 356 1684 silvis.
386 1625 499 1686 tradunt
513 1633 599 1684 nocte
615 1625 805 1700 effodiendas,
820 1626 954 1701 quoniam
967 1623 1098 1682 interdiu
1113 1641 1161 1702 pe

163 1708 319 1768 riculosunr
335 1710 372 1768 sit
386 1711 453 1787 pico
469 1710 571 1770 hiartio
588 1711 722 1787 impetum
736 1709 764 1766 in
781 1709 882 1767 oculos
905 1708 1050 1782 iaciente,
1084 1707 1163 1766 radix

163 1809 234 1851 vero
248 1811 310 1852 eum
326 1793 487 1868 effodiatur,
503 1793 662 1871 periculum
676 1809 742 1850 esse
753 1809 789 1850 ne
802 1790 888 1850 sedes
899 1789 1044 1869 procidat,
1061 1806 1163 1865 magna

121 1885 156 1940 86
167 1877 292 1936 vanitate
310 1877 346 1934 ad
363 1879 583 1936 ostentationem
597 1877 641 1934 rei
656 1876 751 1934 lictum
766 1873 897 1934 arbitror.
927 1891 996 1933 usus
1013 1873 1045 1931 in
1062 1873 1109 1933 bis
1125 1873 1164 1932 di

164 1977 276 2018 versus.
306 1958 393 2020 rubra
413 1978 504 2036 grana
526 1959 654 2019 rubentis
675 1975 791 2018 menses
813 1960 915 2017 sistunt
928 1957 984 2017 XV
1006 1955 1075 2016 fere
1096 1964 1189 2035 potas

163 2044 191 2101 in
205 2045 271 2102 vino
283 2045 376 2118 nigro.
402 2045 484 2120 nigra
500 2061 589 2120 grana
603 2043 699 2102 volvis
713 2041 862 2100 medentur
874 2059 912 2099 ex
928 2057 1018 2118 passo
1035 2050 1087 2100 aut
1097 2041 1161 2098 vino

164 2126 283 2186 totidem
299 2135 377 2203 pota.
407 2127 490 2186 radix
505 2127 596 2187 omnis
614 2127 722 2186 ventris
745 2125 862 2184 dolores
878 2125 962 2184 sedet
982 2125 1014 2182 in
1033 2127 1105 2183 vino
1124 2122 1161 2180 al·

163 2225 288 2287 remque
300 2219 420 2287 purgat,
441 2221 523 2270 sanat
537 2210 766 2288 opisthotonum,
784 2207 913 2268 morbum
930 2209 1059 2284 regium,
1076 2207 1159 2280 renis,

164 2293 308 2369 vesicam,
329 2295 462 2354 arteriam
484 2303 577 2354 autem
591 2302 620 2352 et
639 2292 814 2352 stomachum
830 2291 955 2351 decocta
978 2293 1010 2350 in
1025 2294 1108 2366 vino,
1123 2289 1159 2348 al·

163 2393 288 2454 nomque
299 2377 383 2436 sistit.
407 2386 487 2438 estur
503 2379 587 2436 etiam
601 2378 630 2436 in
641 2376 793 2452 alimentis,
811 2375 863 2434 sed
878 2377 907 2434 in
918 2375 1067 2436 medendo
1084 2382 1184 2454 quatis

122 2468 155 2523 87
166 2469 231 2521 tuor
246 2460 399 2520 drachmae
415 2463 484 2521 satis
500 2469 573 2520 sunt.
594 2477 684 2537 grana
699 2459 779 2536 nigra
790 2458 961 2518 auxiliantur
977 2467 1008 2517 et
1023 2473 1156 2538 suppres-

164 2543 294 2604 sionibus
323 2546 470 2604 nocturnis
498 2545 526 2602 in
555 2544 622 2602 rino
651 2551 720 2620 pota
752 2559 808 2619 quo
831 2541 936 2601 dictum
957 2541 1013 2600 'est
1032 2557 1156 2616 numero,

166 2627 348 2688 stomachicis
364 2644 435 2687 vero
451 2637 481 2686 et
498 2626 661 2686 rosionibus
677 2634 706 2685 et
718 2643 784 2685 esse
798 2642 833 2684 eu
849 2634 877 2684 et
889 2625 1015 2684 inlinere
1031 2626 1155 2704 prodest.

165 2712 390 2789 suppurationes
411 2727 527 2790 quoque
549 2709 751 2783 discutiuntur,
777 2716 913 2767 recentes
935 2711 1023 2785 nigro
1040 2710 1157 2782 semine,

164 2802 281 2854 veteres
297 2795 396 2856 rubro.
427 2803 574 2872 utrumque
594 2792 747 2852 auxiliatur
765 2808 780 2848 a
799 2801 937 2868 serpente
959 2795 1111 2869 percussis
1132 2799 1184 2850 eta

166 2877 265 2954 pueris
280 2889 379 2938 contm
392 2878 522 2939 calculos
538 2877 694 2954 incipiente
710 2876 881 2951 stranguria.

124 2969 159 3022 88
231 2959 314 3037 (61.)
339 2961 524 3038 Graphalinm
539 2960 625 3038 aliqui
638 2957 841 3019 chamaezelon
852 2967 971 3038 vocant,
986 2959 1069 3018 cuius
1085 2957 1158 3016 foliis

167 3040 240 3100 albis
261 3041 453 3138 mollibusque
471 3061 525 3122 pro
540 3053 667 3103 tomento
681 3050 811 3116 utuntur,
829 3059 898 3101 sane
920 3051 950 3103 et
968 3041 1075 3100 similia
1090 3049 1156 3100 snnt

167 3123 290 3183 daturin
305 3124 370 3182 vino
387 3135 503 3187 austero
519 3126 554 3186 ed
571 3126 766 3202 dysinteriam,
784 3127 892 3184 ventris
906 3125 1073 3185 solutiones
1087 3141 1156 3183 men·

166 3221 272 3282 sesque
287 3204 434 3266 mulierum
450 3211 532 3270 sistit.
552 3210 705 3270 iniunditnr
720 3217 815 3269 autem
828 3218 970 3317 tenesmo.
991 3208 1118 3268 inlinitur
1131 3215 1181 3266 eta

166 3286 396 3365 putrescentibus
411 3290 547 3352 ulcerum.

123 3379 158 3433 89
230 3367 313 3445 (62)
335 3368 525 3448 Gallrdrngam
533 3384 620 3435 vocat
628 3375 808 3436 Xenocrates
820 3374 1012 3436 leucacantho
1029 3374 1153 3447 similem,

166 3450 322 3527 palustrem
349 3461 378 3510 et
398 3456 557 3534 spinosam,
585 3458 668 3520 caule
688 3458 838 3520 ierulaeeo
864 3459 942 3537 alto,
972 3459 1020 3518 cui
1051 3472 1152 3519 summo
