2396 3900
292 279 374 326 unu.
392 278 482 327 ursa.
499 281 584 328 xvrr.
597 277 683 331 4-5.
699 269 758 348 (t.)
999 269 1036 328 51

55 435 218 509 Syracusano
235 449 309 511 agro
323 433 434 494 advena
449 434 544 495 cultor
559 433 704 512 elapidato
721 435 786 495 solo
803 433 927 514 perdidit
938 435 1039 514 iruges
1054 507 1058 514 ,

55 519 112 592 luto,
123 516 213 577 donec
224 519 356 595 regessit
368 517 490 596 lapides.
520 519 643 594 insyria
656 517 751 578 levem
763 521 840 579 tenui
857 519 939 579 sulco
952 520 1038 599 inpri-

54 610 115 662 munt
127 618 293 679 vomerem,
317 603 384 680 ιιιιι
399 603 501 662 subest
522 620 623 663 saxum
645 621 770 664 exurens
792 612 903 664 aestate
919 606 1037 664 semina.

54 685 135 747 lamia
149 686 325 764 quibusdam
346 686 420 748 locis
443 687 543 747 similis
566 697 664 747 aestus
684 688 819 748 inmodici
843 697 872 748 et
894 689 1035 766 frigorum
1045 699 1079 754 31

37 771 164 831 aelectus.
197 779 246 830 est
269 770 373 831 lertilis
388 769 512 832 Thracia
528 771 642 850 frugum
666 773 776 850 rigore,
792 771 921 834 aestibus
938 772 1037 834 Africa

52 863 74 915 et
83 854 239 932 Aegyptus.
267 856 295 914 in
308 853 427 916 Chalcia
438 854 616 916 Rhodiorum
628 857 721 916 insula
733 857 815 916 locus
828 855 941 934 quidam
954 859 1039 916 estin

52 947 137 1000 tautum
158 939 306 1000 iecundus
330 948 359 999 ut
379 957 433 1001 suo
457 948 590 1019 tempore
617 949 710 1000 satum
730 940 876 1000 demetant
897 940 1037 1002 hordeum

50 1023 233 1102 sublatumque
245 1025 379 1102 protinus
391 1034 489 1086 serant
502 1033 531 1084 et
543 1043 606 1085 oum
619 1024 682 1084 aliis
694 1024 825 1102 frugibus
837 1033 952 1084 metant.
973 1025 1036 1102 gla·

8 1157 10 1162 ,
50 1122 147 1167 reosum
161 1108 240 1168 oleis
258 1108 352 1168 solum
362 1110 538 1187 aptissimum
547 1110 575 1168 in
587 1109 765 1183 Venafrano,
779 1110 995 1187 pinguissimum
1009 1112 1037 1170 iu

29 1191 155 1252 athaetioa.
184 1192 297 1253 Pucina
317 1194 384 1252 vina
404 1194 432 1253 in
454 1211 527 1254 saxo
553 1202 710 1268 cocuntur,
737 1191 892 1253 caecubae
914 1195 990 1254 vites
1009 1196 1037 1254 in

50 1275 185 1354 Pomptinis
202 1276 363 1356 paludibus
378 1277 503 1338 madent.
534 1287 611 1338 tanta
628 1286 673 1337 est
684 1287 917 1355 argumentorum
929 1296 963 1339 ao
980 1278 1036 1338 soli

8 1431 9 1438 ι
50 1360 153 1421 uarietas
169 1379 204 1421 ac
227 1361 404 1422 differentia
438 1360 549 1422 Caesar
564 1362 727 1440 Vopiscus,
747 1379 810 1422 cum
826 1380 942 1422 oausam
957 1363 1031 1441 apud
1044 1371 1078 1428 aa

8 1461 170 1512 temores
185 1454 311 1523 ageret,
334 1464 452 1524 campos
465 1445 574 1506 Rosiae
590 1445 661 1505 dixit
675 1446 779 1508 Italiae
795 1463 894 1507 sumen
911 1464 990 1522 esse,
1008 1447 1037 1506 in

8 1513 134 1606 qulbus
152 1532 284 1608 perticas
301 1531 395 1608 pridie
411 1531 530 1591 relictas
545 1548 664 1608 gramen
683 1531 823 1608 operiret,
840 1530 892 1590 sed
909 1548 966 1590 non
981 1531 1036 1589 nisi

8 1613 75 1672 uad
90 1615 220 1690 pabulum
240 1613 409 1692 probantur.
440 1624 606 1674 nontamen
622 1614 755 1675 indocilis
772 1623 870 1674 natura
897 1633 950 1674 nos
967 1633 1035 1674 esse

8 1733 10 1764 ι
8 1695 171 1774 saltitat
183 1699 256 1758 vitia
270 1698 407 1759 contessa
419 1699 490 1759 lecit
502 1701 588 1759 etiam
600 1698 649 1759 ubi
662 1698 739 1759 bona
751 1707 830 1758 certa
843 1714 900 1757 non
912 1698 1034 1759 iecerat.

8 1769 10 1830 l
50 1782 217 1858 quamobrem
229 1785 354 1862 primum
372 1784 488 1843 erimina
505 1784 635 1843 dicimus.

8 1831 10 1930 l
95 1867 120 1926 5.
139 1866 262 1927 Terram
274 1884 400 1927 amaram
411 1867 601 1947 probaverint
617 1868 849 1928 demonstrantes
866 1872 939 1926 sota
952 1874 1032 1926 atrae
1042 1875 1077 1929 33

8 1949 245 2031 degenerisque
262 1950 389 2027 herbae,
412 1952 545 2029 frigidam
568 1962 662 2012 autem
686 1950 831 2012 retorride
856 1961 938 2026 ιιιι,
966 1951 1035 2010 item

9 2033 200 2112 caliginosam
216 2037 323 2112 tristia,
337 1997 480 2096 rubricam
496 2037 589 2096 oculis
606 2036 807 2113 argillamque,
824 2037 907 2113 operi
921 2034 1034 2095 ditucu-

9 2119 11 2158 ι
51 2117 113 2179 linas
133 2138 272 2200 quaeque
295 2129 406 2180 rastros
427 2130 474 2180 aut
495 2138 631 2181 vomeres
651 2118 815 2197 ingentibus
836 2118 951 2196 glaebis
966 2135 1035 2178 one·

10 2217 11 2220 ’
10 2211 98 2268 ιιιι
99 2222 296 2304 ,quamquam
324 2221 382 2263 non
406 2205 485 2284 quod
506 2207 589 2283 operi
612 2205 669 2265 hoc
694 2213 723 2264 et
744 2203 849 2263 fructui
871 2203 1033 2263 adversum.

10 2293 11 2360 ι
51 2286 130 2348 itane
146 2291 296 2349 contrario
314 2290 495 2349 cineraceam
510 2299 539 2348 et
555 2288 687 2349 sabulum
708 2287 813 2348 album.
846 2305 910 2347 narn
925 2286 1034 2347 sterilis

50 2368 121 2432 densa
135 2373 211 2453 oallo
227 2373 318 2432 iacile
334 2372 561 2451 deprehenditur
576 2374 624 2433 vel
640 2391 696 2433 uno
716 2374 774 2432 ictu
791 2371 928 2449 cuspidis.
959 2369 1076 2433 Gatoat

30 2451 159 2518 abreviter
176 2447 268 2537 atque
287 2475 326 2517 ex
341 2474 394 2517 suo
415 2474 497 2517 more
514 2459 582 2518 vitia
600 2458 786 2518 determinat:
812 2454 958 2515 Terram
980 2473 1033 2514 oa·

51 2540 164 2602 riosam
191 2560 302 2617 cave,
329 2559 420 2601 neve
442 2542 612 2621 plaustro
639 2560 729 2601 neve
750 2556 889 2619 pecore
911 2538 1033 2616 inpel-

52 2621 99 2683 las.
123 2627 189 2704 qaid
202 2634 337 2706 ιιιιιιιιι
352 2625 407 2686 hac
425 2625 623 2705 appellatione
637 2626 722 2686 abeo
738 2632 890 2702 tantopere
902 2623 1033 2682 reformi-

12 2699 98 2768 lari
108 2720 136 2770 ιι
149 2729 247 2810 paene
263 2711 396 2789 vestigiis
414 2727 531 2789 quoque
546 2707 719 2771 interdicatl
735 2709 900 2785 redigamus
915 2705 950 2767 ad
964 2707 1034 2785 ligni

12 2795 154 2871 teriora,
184 2805 215 2856 ct
233 2796 412 2855 inveniemus
428 2795 478 2855 illa
498 2813 573 2874 quae
594 2796 746 2855 intantum
765 2791 946 2853 abominatur
965 2793 1033 2850 vitia

31 2877 142 2956 taridac,
154 2880 319 2954 listulosae,
331 2879 464 2955 scabrae,
478 2880 617 2955 canentis,
630 2896 751 2953 exesae,
764 2875 942 2954 pumicosae.
965 2876 1030 2954 plus
1042 2884 1076 2937 35

54 2957 108 3021 dhrit
119 2981 171 3024 uua
186 2963 401 3043 significatione
418 2981 502 3044 quam
514 2965 607 3042 possit
623 2962 681 3022 ulla
694 2961 779 3039 copia
795 2960 937 3019 sermonis
952 2976 1033 3018 enar·

54 3046 104 3104 rari.
121 3058 163 3108 est
174 3051 251 3109 enim
264 3050 504 3126 intrepretatione
517 3049 649 3107 vitiorum
662 3045 915 3124 quaedam-non
927 3050 1033 3116 aetate,

55 3143 113 3203 ιιιι
125 3133 200 3194 nulla
215 3135 245 3193 in
256 3151 292 3192 ea
303 3132 434 3210 intellegi
447 3140 554 3210 potest,
571 3131 624 3192 sed
636 3139 736 3190 natura
747 3145 799 3188 sua
810 3160 852 3176 -
863 3147 933 3188 anus
945 3136 1033 3201 terra,

14 3263 16 3282 .
56 3215 150 3276 ttideo
171 3216 327 3279 infecunda
350 3217 386 3277 ad
411 3217 504 3276 omnia
528 3225 614 3294 atque
636 3213 783 3274 inbecilla.
827 3210 908 3273 ldem
931 3220 1076 3287 agrum36

31 3295 178 3372 alpanum
198 3302 306 3362 iudicat
330 3300 366 3361 ad
386 3301 513 3361 radicem
539 3301 673 3360 montium
695 3298 814 3378 planitie
834 3297 863 3355 in
886 3295 1032 3356 meridiem

15 3395 224 3464 ercuneute,
238 3387 287 3465 qui
303 3394 349 3446 est
363 3387 450 3445 totius
465 3383 565 3444 ltaliae
582 3384 670 3459 situs,
695 3392 802 3443 terram
817 3398 888 3440 vero
904 3388 1034 3438 teneram

15 3479 116 3560 ιιιι
127 3481 244 3533 ιιιιιιι
257 3469 347 3550 ιιιιιι.
379 3470 433 3530 ιιιι
445 3469 531 3547 igitur
546 3468 620 3528 haec
632 3476 749 3547 optuma
766 3475 796 3525 et
812 3465 894 3543 operi
914 3472 943 3522 et
958 3471 1032 3521 sato.

58 3547 210 3634 intellegere
233 3556 322 3618 modo
337 3553 427 3617 libeat
449 3554 554 3614 dictam
572 3553 644 3613 mira
661 3549 875 3690 significatiopp
893 3557 1032 3619 teneram,
