2508 3924
172 236 233 300 218
505 248 534 296 c.
550 245 644 301 emur
662 248 811 296 sacuam

172 419 256 482 quam
272 419 328 461 oro
350 411 397 460 aut
418 419 485 462 cera
505 411 553 462 aut
572 399 639 460 faba
660 401 788 462 inclusos
809 410 945 462 censeant
962 400 1157 475 devorandos,

170 486 243 546 falsa
259 505 312 546 nec
328 485 480 545 referenda
494 486 626 545 arbitror.
663 485 786 562 lethargi
797 495 901 544 tantum
917 485 1076 544 medicinae
1093 502 1154 544 cum

171 578 339 646 argumento
366 568 517 643 adhibent,
548 570 679 646 quoniam
704 571 833 628 vincatur
856 569 983 646 aspidum
1010 569 1153 626 somnifica

171 649 225 730 fis,
241 662 380 730 septenos
395 654 423 710 in
438 653 541 726 cyatho
560 670 650 729 aquae
672 653 786 728 dantes,
812 652 969 730 puerilibus
991 652 1072 710 anuis
1087 669 1152 729 qua·

129 745 283 802 aeternos.
327 745 356 794 et
378 737 405 794 iu
428 737 587 811 stranguria
608 735 720 794 fistulae
736 737 901 812 inposuere.
931 735 1004 794 adeo
1022 734 1090 792 nihil
1108 751 1175 810 pa=s

170 838 239 880 reus
254 819 303 879 illa
322 838 417 878 rerum
432 823 552 878 omnium
573 821 635 877 sinc
656 820 818 895 ingentibus
836 819 930 878 causis
946 820 1053 894 genuit.
1089 820 1155 894 quin

172 913 201 963 et
224 903 365 980 adligatos
385 903 469 961 laevo
494 901 629 962 bracchio
646 902 728 961 binos
749 903 812 962 lana
828 903 970 980 'subrepta
991 901 1155 979 pastoribus

170 989 307 1047 resistere
335 975 481 1045 nbcturnis
503 985 631 1045 febribus
654 985 855 1063 prodiderunt,
884 981 989 1044 diurnis
1004 986 1032 1043 in
1052 1001 1154 1043 russeo

171 1088 276 1149 panno.
317 1087 415 1128 rursus
432 1071 466 1129 iis
482 1069 648 1128 adversatur
664 1069 856 1147 scolopendra
874 1071 1026 1145 suffituque
1042 1075 1155 1126 enecat.

129 1165 163 1220 65
226 1155 308 1232 (18.)
332 1152 457 1230 Aspides
472 1170 628 1231 percussos
642 1161 761 1230 torpore
777 1163 806 1211 et
826 1169 924 1214 somno
941 1161 1044 1210 necant
1067 1151 1155 1209 omni·
1167 1163 1190 1203 ao

171 1257 217 1298 um
242 1241 423 1315 serpentium·
436 1239 556 1296 minume
576 1235 728 1295 sanabiles.
756 1236 809 1295 sed
830 1253 968 1294 venenum
989 1252 1104 1307 earum,
1132 1235 1158 1292 si

173 1322 339 1398 sauguinem
357 1321 468 1396 attingit
483 1329 529 1378 aut
544 1337 647 1378 recens
662 1320 775 1394 volnus,
793 1322 885 1378 statim
900 1320 1058 1394 interemit,
1074 1318 1098 1376 si
1115 1318 1156 1374 in·

171 1413 327 1464 veteratum
344 1403 438 1478 ulcuS,
456 1404 571 1463 tardius.
599 1402 635 1460 dc
651 1412 751 1460 cetero
766 1413 863 1479 potum
879 1401 1055 1479 quantalibet
1071 1402 1157 1478 copia

171 1507 227 1548 non
245 1496 347 1561 nocet,
373 1494 492 1545 nonest
516 1488 589 1544 enim
606 1484 720 1544 tabifica
741 1488 801 1561 vis,
820 1487 915 1562 itaque
940 1486 1036 1546 occisa
1058 1500 1156 1542 morsu

173 1589 269 1632 earum
287 1571 416 1630 animalia
438 1569 509 1628 cibis
523 1569 636 1629 innoxia
652 1578 724 1628 sunt.
758 1578 908 1627 cunctarer
929 1571 957 1627 in
978 1567 1154 1646 proferendo
1168 1577 1191 1623 rs

173 1673 210 1714 ex
226 1655 270 1713 his
285 1653 430 1729 remedio,
452 1655 480 1711 ni
499 1652 536 1712 bl.
553 1655 645 1712 Varro
660 1651 813 1712 LXXXlll.
831 1655 905 1710 vitae
923 1669 996 1711 anno
1016 1650 1157 1727 prodidis-

172 1748 217 1798 set
228 1738 356 1815 aspidum
371 1739 443 1797 ictus
456 1737 655 1796 efficacissime
668 1738 761 1795 sanari
775 1736 875 1795 bausta
890 1753 905 1794 a
919 1735 1064 1813 percussis
1078 1735 1156 1811 ipso·

172 1840 232 1881 rum
249 1823 339 1880 urina.

131 1917 165 1971 66
226 1905 307 1982 (19.)
330 1903 471 1979 Basilisci,
488 1921 570 1980 quem
586 1905 669 1962 etiam
687 1910 836 1980 serpentes
853 1902 934 1980 ipsae
950 1900 1070 1976 fugiunt,
1085 1899 1157 1958 alias

173 1988 280 2049 olfactu
293 1997 452 2062 necantem,
472 1988 519 2064 qui
536 1987 686 2062 hominem,
701 1986 748 2045 vel
766 1988 788 2043 si
805 1984 943 2063 adspiciat
957 1993 1072 2058 tantum,
1087 1983 1155 2064 dici·
1165 1997 1192 2038 ao

173 2082 218 2130 tur
241 2071 428 2145 interemere,
459 2071 625 2146 sanguinem
644 2070 721 2146 Magi
743 2070 821 2127 miris
850 2067 980 2126 laudibus
1008 2067 1157 2127 celebrant

175 2162 324 2213 coeuntem
342 2153 415 2229 picis
430 2153 515 2212 modo
533 2163 561 2211 et
576 2154 690 2228 colore,
707 2153 823 2211 dilatum
841 2150 985 2210 cinnabari
1004 2150 1157 2209 clariorem

138 2258 140 2263 ·
174 2238 245 2296 fieri.
276 2234 427 2294 attribuunt
449 2236 475 2293 ei
496 2245 525 2294 et
539 2253 692 2294 successus
708 2237 872 2312 petitionum
887 2252 902 2293 a
920 2233 1110 2311 potestatibus
1127 2241 1157 2291 et

173 2319 245 2380 adis
261 2321 343 2377 etiam
358 2336 489 2395 precum,
513 2319 675 2378 morborum
691 2320 834 2392 remedia,
854 2317 1057 2378 veneficiorum
1079 2333 1155 2374 amu·

168 2404 241 2463 leta.
271 2402 383 2478 quidam
402 2403 430 2461 id
449 2404 560 2462 Saturni
577 2404 742 2477 sanguinem
757 2401 912 2480 appellant.
1165 2413 1191 2453 aa

132 2498 164 2554 67
231 2486 313 2563 (20.)
336 2485 432 2560 Draco
448 2503 504 2544 non
520 2485 605 2544 habet
621 2503 742 2544 venena.
773 2494 856 2562 caput
877 2486 937 2542 eius
958 2483 1045 2541 limini
1061 2484 1157 2541 ianua·

83 2606 85 2613 ι
173 2589 234 2630 rum
256 2568 394 2628 subditum
414 2570 573 2646 propitiatis
594 2568 760 2628 adoratione
782 2570 825 2626 dis
852 2568 1020 2627 fortunatam
1044 2565 1158 2624 domum

174 2652 470 2729 facerepromittitur.
506 2651 673 2711 oculis‘eius
687 2653 851 2710 inveteratis
874 2659 901 2710 et
924 2669 986 2710 cum
1001 2649 1089 2708 melle
1108 2650 1157 2707 tri·
1200 2689 1202 2694 -

174 2739 210 2796 tis
233 2738 364 2794 inunctos
386 2753 442 2794 non
464 2737 662 2812 expavescere
684 2735 887 2794 adnectamus
909 2734 1048 2810 imagines
1071 2734 1158 2791 etiam
1195 2763 1216 2772 ·-

176 2818 306 2899 pavidos.
343 2819 437 2878 cordis
461 2821 565 2896 pingue
586 2820 613 2876 in
637 2818 714 2895 pelle
736 2817 887 2877 dorcadum
909 2819 1004 2876 nervis
1031 2817 1191 2875 cerviniscc

175 2902 358 2977 adalligatum
376 2903 402 2960 in
420 2903 527 2962 lacerto
541 2901 674 2960 conferre
689 2901 853 2960 iudiciorum
866 2902 1016 2958 victoriae.
1039 2900 1159 2976 primum
1210 2943 1213 2947 .

176 2985 345 3064 spondylum
363 2985 453 3044 aditus
471 2987 652 3063 potestatium
670 2985 806 3044 mulcere.
836 2985 927 3043 dentis
942 2985 1004 3042 eius
1021 2983 1157 3058 inligatos
1192 2983 1201 3058 ἰ

175 3068 298 3148 pellibus
321 3087 487 3145 caprearum
509 3069 631 3136 cervinis
647 3069 743 3126 nervis
763 3068 837 3126 mitis
857 3076 1004 3144 praestare
1025 3066 1158 3125 dominos

94 3224 100 3236 x
153 3154 392 3232 spotestatisque
421 3151 586 3211 exorabilis.
623 3150 675 3209 sed
699 3152 898 3228 superomnia
924 3159 968 3208 est
992 3149 1157 3226 conpositio

178 3253 232 3313 qua
252 3237 374 3293 invictos
390 3235 495 3294 faciunt
510 3233 657 3310 Magorum
672 3235 834 3294 mendacia:
864 3234 951 3292 cauda
974 3227 1108 3291 draconis
1129 3239 1193 3290 etas

139 3316 148 3326 '
179 3319 282 3394 capite,
297 3318 364 3395 pills
379 3317 472 3376 leonis
487 3336 502 3375 e
518 3317 611 3377 fronte
624 3326 652 3375 et
667 3313 791 3376 medulla
804 3317 939 3390 eiusdem,
956 3317 1023 3396 equi
1035 3315 1157 3374 victoris

177 3418 286 3477 spuma,
303 3402 380 3460 canis
399 3418 492 3476 ungue
509 3399 668 3476 adalligatis
683 3402 799 3460 cervino
816 3400 895 3460 corio
907 3401 1060 3478 nervisque
1076 3400 1158 3456 cerri

178 3484 323 3544 alternatis
344 3493 374 3544 et
402 3484 550 3559 dorcadis,
580 3502 653 3562 qnae
676 3485 851 3560 coarguisse·
869 3500 926 3542 noa
952 3483 1042 3562 minus
1064 3482 1158 3542 refert
