2430 3896
275 231 357 278 usu.
373 227 466 278 uisu.
483 229 554 277 xvi.
573 226 693 282 14-18.
720 219 874 298 (as—31.)
1011 221 1048 281 15

48 388 357 467 densitateparietum,
379 385 478 446 uirens
500 403 619 464 semper
639 403 675 447 ac
697 387 814 450 tonsile.
846 387 1045 466 buxusPyre·
1058 401 1091 457 71

47 474 116 534 meis
139 490 173 532 ac
200 469 334 548 Cytoriis
363 470 508 531 montibus
535 471 667 550 pluruma
694 479 724 532 et
746 471 924 548 berecyntio
943 483 1050 554 tractu,

47 558 212 618 crassissima
239 558 269 616 iu
296 553 437 632 Cornea,
458 555 539 615 ¹flore
565 573 624 616 non
649 557 833 635 spernendo,
861 573 936 637 quae
960 575 1050 622 causa

8 705 9 720 ,
47 641 228 704 amaritudinis
258 641 373 701 ruellis.¹
414 658 514 702 seuseu
542 640 621 704 illius
644 643 756 702 cunctis
786 642 978 704 animantibus
1004 645 1048 704 iu·

8 721 131 786 ³srisum.
160 745 221 786 nec
250 727 280 785 iu
304 723 429 804 Olympo
453 723 646 788 blacedcs'siae
672 726 829 804 gracilior,
856 727 909 788 sed
935 727 1048 790 breuis.

8 793 11 894 ξ
46 819 107 873 amat
119 810 367 889 frigida,.aprica.
388 811 418 869 in
426 811 485 887 igni
502 827 621 890 quoquo
636 810 741 871 duritia
757 811 839 888 ferri,
851 830 908 874 nec
921 812 1045 890 flamma,

8 903 10 916 '
45 914 89 956 nac
104 895 237 956 carbone
255 895 345 956 utilis.

8 923 10 1068 l
94 981 138 1039 17.
163 979 256 1060 (29.)
281 979 363 1040 luter
378 980 433 1042 bas
448 991 535 1060 atquc
559 979 720 1058 frugiferas
739 982 861 1042 materie
885 982 1089 1060 vitiumqueit

8 1071 11 1110 l
44 1065 151 1125 amicitia
173 1067 325 1143 accipitur
348 1063 452 1128 ulmus.
485 1064 592 1131 Graeci
610 1065 668 1124 duo
692 1081 804 1141 genera
827 1067 890 1127 eius
916 1083 1044 1128 novere:

8 1158 212 1210 'onunuosam
241 1167 318 1230 quae
347 1150 385 1210 sit
404 1150 546 1230 amplior,
575 1157 770 1230 campestrem
793 1168 868 1229 quae
894 1151 1045 1212 fruticosa.

8 1229 10 1286 l
44 1233 110 1296 ltalia
124 1234 245 1296 Atinias
262 1242 354 1294 vocat
368 1235 588 1296 excelsissimus
603 1243 634 1294 et
649 1251 689 1294 ex
699 1231 744 1294 his
763 1235 897 1296 siccans
914 1236 1047 1314 praefert
1074 1251 1079 1258 ·

45 1337 104 1398 quse
114 1336 172 1378 nou
186 1321 370 1397 sintriguac,
383 1320 506 1380 alterurn
518 1337 612 1397 genus
620 1317 759 1394 Gallicas,
768 1321 883 1381 tertium
896 1323 1045 1397 nostratis,

45 1403 163 1464 densiore
182 1405 260 1466 folio
281 1413 312 1464 et
328 1403 364 1464 ab
382 1405 489 1465 eodem
509 1404 647 1486 pediculo
669 1406 891 1482 numerosiore,
914 1415 1046 1484 quartum

8 1505 10 1572 l
44 1487 174 1549 cicestre.
207 1489 327 1549 Atiniae
349 1505 408 1549 nou
428 1489 525 1550 ferunt
547 1507 689 1550 samaram
710 1523 752 1534 -·-
774 1491 813 1550 ita
835 1500 956 1552 vocatur
977 1490 1046 1552 ulmi

8 1575 126 1634 luscum
146 1609 203 1652 —,
228 1591 389 1652 omnesque
412 1574 540 1636 radicum
561 1574 667 1654 plantis
694 1575 886 1654 proveniunt,
913 1575 1046 1654 reliquae

44 1675 147 1717 senune.
726 1701 729 1710 ,

93 1740 140 1802 18.
169 1743 258 1822 (30.)
283 1741 369 1803 Nunc
384 1743 585 1804 celeberrimis
602 1744 739 1804 arborum
755 1743 839 1804 dictis
856 1743 999 1823 quaedam
1014 1745 1043 1804 iu
1054 1752 1088 1810 tc

43 1825 195 1887 uuiversum
213 1827 251 1888 de
271 1829 383 1888 cunctis
400 1827 553 1890 indicanda
574 1837 649 1888 suut.
680 1827 787 1888 liloutis
811 1839 905 1889 amant
926 1828 1043 1906 cedrus,

42 1907 112 1987 larix,
128 1912 219 1972 taeda
236 1920 266 1972 et
284 1921 404 1973 ceterae
420 1931 437 1972 e
453 1913 557 1993 quibus
573 1914 671 1972 resina
688 1914 828 1991 gignitur,
847 1915 917 1974 iterra
931 1914 1044 1992 aquilo·

19 1991 84 2069 cia,
108 1994 223 2072 buxus,
252 1996 332 2073 ilex,
361 1999 518 2077 iunipirus,
546 1997 745 2074 terebinthus,
774 1998 918 2078 populus,
943 2015 1043 2074 ornus,

44 2081 173 2158 carpinus.
209 2089 256 2141 est
271 2084 345 2142 etin
360 2081 534 2162 Appennino
547 2083 645 2143 frutex
659 2084 708 2162 qui
723 2092 845 2144 vocatur
862 2085 987 2159 catinus,
1008 2083 1044 2144 ad

43 2160 181 2226 linamenta
197 2165 286 2226 modo
301 2167 438 2242 conchyli
451 2167 553 2228 colore
563 2169 697 2244 insignis.
719 2169 825 2228 montis
841 2178 869 2229 et
880 2167 967 2229 uallis
979 2167 1042 2228 dili·
1052 2176 1087 2232 74

41 2248 75 2328 git
88 2249 179 2330 abies,
195 2249 298 2329 robur,
317 2261 485 2330 castaneae,
500 2251 572 2328 tilia,
588 2252 659 2328 ilex,
677 2269 793 2313 cornus.
826 2255 945 2332 aquosis
961 2271 1041 2314 mou-

42 2335 105 2397 tibus
116 2338 248 2417 gaudent
260 2355 341 2414 acer,
354 2336 619 2415 fraxinus,sorbus,
628 2337 701 2413 tilia,
712 2355 842 2404 cerasus.
860 2355 919 2398 nou
930 2348 1042 2399 temere

19 2421 305 2484 suncnubnsvine
317 2431 384 2483 sunt
396 2441 516 2502 prunus,
530 2423 664 2502 punicae,
672 2422 804 2499 oleastri,
817 2424 942 2502 iuglans,
956 2423 1040 2498 mori,

43 2507 139 2569 sabuci.
177 2507 362 2569 descendunt
383 2517 412 2568 et
431 2509 461 2567 in
480 2507 568 2586 plana
589 2523 711 2586 cornus,
740 2509 877 2586 corylus,
903 2525 1040 2586 quercus,

43 2609 133 2672 ornus,
152 2611 239 2668 acer,
257 2593 406 2669 basinus,
422 2593 524 2672 fagus,
541 2594 688 2672 carpinus.
722 2592 845 2653 subeunt
868 2602 898 2653 et
918 2595 947 2652 in
960 2607 1040 2652 ruen-

43 2684 113 2740 tuosa
126 2678 232 2755 ulmus,
248 2678 354 2756 malus,
370 2679 462 2757 pirus,
477 2678 586 2754 laurus,
601 2686 724 2756 myrtus,
741 2679 892 2755 sanguinei
906 2677 1040 2752 frutices,

8 2719 10 2814 l
43 2760 91 2822 iles
105 2763 332 2842 tinguendisque
348 2763 480 2824 vestibus
498 2771 654 2825 nascentes
670 2764 815 2841 genistae.
838 2763 946 2842 gaudet
959 2762 1040 2840 frigi-

8 2845 79 2905 ictis
92 2847 205 2925 sorbus,
221 2848 275 2908 sed
287 2850 380 2927 magis
394 2849 481 2910 etiam
498 2848 617 2908 betulia.
645 2846 757 2910 Gallica
768 2848 843 2908 haec
856 2847 944 2909 arbor
954 2848 1038 2908 mira·
1049 2855 1082 2910 ts

43 2927 85 2991 brli
105 2933 229 2994 candore
248 2942 337 3014 atque
357 2934 514 3010 tenuitate,
538 2933 679 2994 terribilis
702 2935 918 3011 magistratuum
938 2933 1038 3010 uirgis.

45 3015 132 3078 eadem
148 3018 265 3080 circulis
282 3017 408 3096 llexrlis,
429 3020 499 3082 item
519 3017 649 3079 corbium
672 3019 772 3078 costis.
805 3017 933 3079 bitumen
950 3036 989 3078 ex
1004 3034 1040 3076 ea

45 3097 141 3163 Galliae
162 3112 319 3165 excocunt.
358 3101 391 3164 ln
413 3105 535 3165 eusdem
550 3105 622 3164 situs
643 3105 797 3163 comitatur
812 3112 841 3164 et
863 3105 964 3182 spina,
988 3119 1038 3160 nu·

45 3185 151 3260 piarum
160 3189 274 3250 facibus
284 3189 526 3268 auspicatissima,
535 3189 670 3270 quoniam
681 3189 749 3249 iude
765 3189 891 3250 iecerint
903 3196 1038 3266 pastores

19 3271 85 3346 aqui
96 3282 250 3352 rapuerunt
266 3272 401 3352 Sabinas,
418 3282 448 3334 ut
465 3284 567 3335 auctor
585 3281 631 3332 est
647 3271 800 3334 Masurius.
832 3291 908 3334 nunc
924 3270 1037 3332 facibus

46 3357 173 3436 carpinus,
191 3359 314 3436 corylus
330 3358 580 3420 familiarissimae.

96 3442 174 3524 (31.)
199 3443 303 3523 Aquas
320 3443 410 3505 odere
423 3445 569 3524 cupressi,
581 3443 746 3522 iuglandes,
762 3452 927 3514 castaneae,
940 3439 1036 3502 labur-
1046 3449 1081 3506 76

45 3537 104 3589 tum.
129 3527 237 3609 Alpina
256 3528 375 3590 ethaeo
391 3529 490 3605 arbor,
507 3547 564 3589 uec
577 3530 668 3607 volgo
683 3538 763 3605 nota,
780 3529 850 3589 dura
866 3545 901 3588 ac
917 3524 1038 3586 candida
