2508 3924
10 221 16 234 “
85 295 90 310 ,
153 229 215 316 220
484 241 799 292 o.ru1u1ssouno1

74 423 76 430 2
152 395 246 456 berint
260 394 396 470 lentigine
413 393 538 455 obducit.
564 393 601 454 ob
618 393 674 454 hoc
688 393 716 456 in
732 401 877 470 unguento
891 402 994 454 necant
1011 413 1075 454 eum
1089 395 1126 454 in·

154 479 291 539 sidiantes
305 479 439 557 pellicum
457 479 575 538 formae.
605 477 759 537 remedium
776 485 821 536 est
836 478 882 534 ovi
899 477 1005 536 luteum
1025 488 1054 536 et
1074 477 1128 538 mel

154 580 188 622 ac
203 564 313 621 nitrum.
339 562 380 622 iel
395 562 545 622 stelionum
559 562 652 620 tritum
668 562 696 620 in
713 578 786 639 aqua
800 560 936 619 mustelas
950 577 1129 637 congregare

153 644 265 704 dicitur.

111 737 146 792 ts
207 727 290 806 (23.)
312 726 389 786 Inter
402 727 494 786 omnia
505 735 645 787 venenata
660 726 853 786 salamandrae
863 725 960 786 scelus
974 746 1127 787 maxumum
1140 753 1151 791 s

153 820 206 871 est.
247 818 349 869 cetera
359 811 431 869 enim
446 810 575 886 singulos
589 808 708 884 feriunt,
731 827 785 868 nec
799 810 890 887 pluris
905 814 1014 888 pariter
1028 813 1129 870 intere·

152 902 302 969 munt‚'ut
316 895 440 952 omittam
459 892 534 970 quod
556 894 651 970 perire
674 893 848 952 conscientia
872 893 1001 953 dicuntur
1019 894 1131 954 homine

152 993 292 1056 percusso
307 995 399 1054 neque
415 976 535 1054 amplius
551 975 657 1035 admitti
671 975 705 1033 ad
718 984 826 1050 terras,
849 971 1026 1036 salamaridra
1043 996 1129 1055 popu·
1195 977 1201 985 '

152 1061 197 1120 los
211 1062 319 1138 pariter
333 1079 438 1120 necare
452 1059 619 1136 inprovidos
634 1067 739 1136 potest.
774 1077 836 1118 nam
853 1061 877 1118 si
892 1060 988 1119 arbori
1004 1062 1130 1138 inrepsit,

152 1144 244 1204 omnia
259 1160 342 1218 poma
357 1144 444 1204 inficit
465 1161 591 1219 veneno,
610 1151 638 1200 et
651 1159 702 1200 eos
723 1145 769 1219 qui
795 1143 905 1202 ederint
925 1153 1010 1203 necat
1030 1143 1133 1221 frigida
1141 1163 1166 1204 ro

10 1239 12 1274 ὲ
111 1237 144 1291 75
156 1229 182 1285 νῑ
201 1226 269 1284 nihil
284 1229 396 1286 aconito
413 1226 527 1285 distans.
561 1227 724 1304 quinimmo
740 1235 871 1285 contacto
886 1226 920 1286 ab
936 1246 971 1287 ea
985 1226 1064 1304 ligno
1086 1227 1134 1286 vel

153 1309 239 1388 lapidi
255 1311 278 1368 si
291 1319 385 1368 crusta
398 1316 478 1387 panis
493 1311 671 1387 insequatur,
685 1309 758 1368 idem
770 1311 948 1386 veneficium,
965 1320 994 1370 et
1003 1314 1028 1369 si
1043 1313 1071 1369 in
1083 1329 1132 1388 pu·

154 1403 229 1453 teum
246 1392 337 1466 cadat,
356 1395 462 1472 quippe
479 1411 541 1453 cum
557 1394 648 1451 saliva
663 1395 724 1451 eius
741 1411 917 1470 quacumque
932 1404 1014 1472 parte
1029 1410 1132 1471 corpo·

151 1478 192 1536 ris
206 1476 254 1535 vel
275 1477 302 1534 in
324 1476 398 1552 pede
418 1477 474 1535 imo
496 1494 631 1554 respersa
647 1477 737 1542 omnis
752 1478 780 1534 in
803 1485 865 1535 toto
886 1494 1010 1554 corpore
1029 1476 1134 1535 delloat

152 1559 237 1638 pilus.
267 1567 359 1618 tamen
381 1558 444 1619 talis
467 1577 501 1618 ac
519 1561 587 1618 tanti
610 1561 711 1618 veneni
736 1577 751 1618 a
774 1558 941 1636 quibusdam
964 1559 1132 1635 animalium,
1144 1577 1168 1618 rs

153 1652 184 1702 ut
197 1641 301 1716 subus,
324 1642 461 1701 manditur
479 1643 639 1701 dominante
662 1642 761 1700 eadem
777 1643 825 1701 illa
846 1661 940 1700 rernm
956 1643 1133 1701 dissidentia.

112 1735 146 1790 76
158 1743 294 1784 uenenum
310 1725 371 1783 eius
385 1728 523 1802 restingui
541 1728 658 1803 primum
674 1728 795 1786 omniurn
813 1725 848 1784 ah
864 1725 908 1784 his
925 1743 997 1802 quae
1014 1743 1134 1782 vescan-

153 1818 197 1868 tur
211 1808 260 1867 itta
271 1808 425 1868 verisimile
437 1819 489 1884 est,
502 1827 539 1868 en
552 1809 595 1868 his
607 1826 679 1868 vero
693 1826 765 1885 qnae
777 1810 932 1886 produntur
944 1806 1136 1866 cantharidum

154 1899 224 1970 potu
239 1900 286 1949 aut
303 1891 412 1951 lacerta
428 1895 456 1951 in
474 1892 538 1951 cibo
554 1900 674 1971 sumpta.
703 1901 799 1950 cetera
820 1891 998 1952 adversantia
1014 1890 1136 1949 diximus

154 1975 337 2050 dicemusque
350 1975 498 2034 suislocis.
518 1993 555 2034 ex
567 1975 629 2052 ipsa
637 1975 793 2052 qnaelllagi
800 1974 910 2034 tradunt
925 1982 1023 2034 contra
1036 1975 1134 2032 incen·
1143 1993 1172 2033 ao

154 2056 209 2131 dia,
225 2059 356 2133 quoniam
374 2060 448 2134 ignis
464 2058 526 2118 sola
541 2058 699 2117 animalium
717 2061 890 2133 exstinguat,
907 2057 930 2116 si
944 2057 1038 2117 forent
1053 2073 1134 2132 vera,

153 2140 208 2198 iam
224 2149 303 2198 esset
319 2151 438 2218 experta
452 2143 551 2202 Roma.
581 2141 697 2200 Sextius
714 2158 848 2199 venerem
862 2139 980 2199 accendi
1004 2139 1068 2198 ciho
1084 2155 1134 2196 ea·
1241 2141 1243 2154 '

153 2240 224 2298 rum,
241 2224 265 2280 si
281 2222 417 2284 detractis
432 2224 586 2284 interaneis
602 2232 631 2282 et
647 2223 768 2301 pedihus
781 2225 914 2301 &capite
928 2224 954 2281 in
968 2222 1054 2281 melle
1069 2239 1135 2280 ser·

153 2313 265 2380 ventur,
282 2307 367 2366 tradit
381 2317 523 2384 negatque
543 2307 681 2382 restingui
698 2309 791 2382 ignem
803 2307 838 2365 ah
854 2308 897 2364 iis.

112 2398 144 2454 77
208 2387 291 2465 (24.)
313 2390 358 2448 Ex
379 2391 542 2449 volueribus
566 2391 595 2449 in
617 2389 749 2449 auxilium
769 2398 868 2449 contra
888 2389 1030 2466 serpentis
1051 2388 1139 2466 primi
1148 2405 1177 2445 25

153 2470 291 2530 vultures.
328 2473 487 2532 adnotatum
502 2490 617 2551 quoque
634 2474 725 2532 minus
737 2473 837 2530 virium
853 2489 919 2532 esse
936 2473 1032 2547 nigris.
1071 2473 1139 2548 pin·

153 2572 250 2613 narum
266 2574 302 2614 ex
316 2557 360 2614 his
374 2555 485 2630 nidore,
503 2557 531 2614 si
550 2565 674 2629 urantur,
689 2557 783 2636 iugari
798 2573 847 2614 eas
859 2555 971 2630 dicunt,
992 2555 1058 2612 item
1082 2571 1141 2614 cor

155 2639 216 2696 eius
231 2638 305 2697 alitis
324 2637 453 2698 habentis
468 2648 544 2700 tutos
559 2657 625 2698 esse
646 2639 681 2699 ah
702 2641 807 2718 impetu
829 2656 885 2698 non
905 2637 996 2696 solum
1014 2655 1140 2716 serpen·

153 2723 220 2780 tium
239 2723 290 2781 sed
307 2724 389 2780 etiam
404 2722 527 2782 ferarum
543 2723 739 2799 latronumque
754 2731 783 2780 ct
797 2741 896 2798 regum
910 2723 960 2779 ira.

112 2815 147 2869 te
208 2803 291 2883 (25.)
312 2803 450 2864 Carnibus
465 2806 689 2884 gallinaceorum
704 2807 784 2864 itaut
799 2805 935 2881 tepebunt
949 2802 1067 2861 avolsae
1086 2803 1140 2862 ad·
1151 2821 1178 2862 ao

154 2889 257 2965 positis
278 2907 388 2948 venena
408 2890 582 2966 serpentium
602 2889 763 2962 domantur,
790 2891 856 2946 item
876 2885 996 2946 cerebro
1016 2886 1046 2943 in
1066 2888 1141 2946 vino

156 2979 237 3047 poto.
274 2970 369 3030 Parthi
387 2971 511 3048 gallinae
525 2971 631 3031 malunt
646 2970 794 3030 cerebrum
810 2971 903 3047 plagis
919 2972 1069 3046 inponere.
1092 2971 1142 3028 ius

156 3070 270 3130 quoque
294 3071 331 3110 ex
354 3052 398 3113 his
418 3065 514 3132 potum
535 3055 686 3132 praeclare
708 3055 836 3114 medetur
856 3061 885 3111 et
905 3053 933 3110 in
952 3051 1048 3110 multis
1071 3051 1144 3111 aliis

154 3134 251 3192 usibus
265 3136 404 3196 mirabile.
433 3137 605 3212 Pantherae‚
627 3137 730 3196 leones
749 3155 805 3196 non
821 3138 958 3211 attingunt
977 3143 1143 3210 perunctos

113 3226 204 3292 ilico,
222 3221 377 3296 praecipue
395 3221 418 3278 si
435 3229 463 3278 et
480 3221 563 3279 alium
578 3221 663 3280 luerit
678 3221 828 3279 incoctum.
855 3219 948 3278 alvom
964 3217 1049 3276 solvit
1064 3218 1141 3277 vali·
1153 3230 1182 3271 as

155 3298 217 3358 dius
233 3317 250 3357 e
266 3311 365 3360 vetere
381 3302 553 3377 gallinaceo,
568 3303 688 3380 prodest
701 3313 728 3363 et
747 3312 844 3362 contra
856 3302 1026 3382 longinquas
1044 3299 1143 3358 febris

156 3389 186 3439 ct
205 3384 383 3459 torpentibus
398 3384 532 3444 memhris
547 3386 730 3464 tremulisque
749 3395 777 3444 et
792 3383 958 3445 articulariis
973 3381 1092 3456 morbis,
1110 3383 1145 3440 in

156 3463 258 3539 capitis
274 3465 432 3542 doloribus,
447 3467 606 3544 epiphoris,
620 3468 821 3544 inflationibus,
836 3465 969 3540 fastidiis
980 3465 1145 3560 inff‘oiente
