2406 3914
152 229 214 290 296
524 247 554 294 o.
571 249 667 296 nunni
683 248 832 296 suenum
1151 11 1201 300 1

151 397 193 456 cis
209 399 368 475 purulentis
383 401 643 462 exscreationibus.
684 402 767 462 datur
781 411 811 462 et
824 405 907 482 regio
922 403 1025 464 morbo
1041 413 1070 464 et
1084 403 1152 462 lum·

149 479 250 540 borum
261 484 352 559 vitiis,
368 484 545 563 pleuriticis,
562 486 747 561 torminibus,
763 487 913 547 coeliacis.
941 488 1068 547 inlinitur
1081 503 1153 546 vero

151 566 312 642 parotidum
327 576 356 626 et
372 570 593 628 carcinomatum
608 569 703 645 malis,
719 571 833 630 testium
847 570 1001 631 ardoribus
1017 589 1054 630 ex
1069 587 1153 648 aqna,

151 647 222 708 alias
243 668 305 709 cum
320 651 424 726 melle,
444 651 598 713 infantibus
618 670 735 732 quoque
755 653 951 731 utilissimum,
978 655 1054 715 idem
1076 652 1155 713 sedis

149 733 226 791 vitiis
242 742 271 792 et
287 735 458 795 articulariis
479 734 588 796 morbis
605 755 669 796 cum
687 737 774 796 melle
789 747 819 796 et
833 737 906 814 lico,
926 746 1028 798 contra
1041 753 1179 800 venenas

150 816 234 875 etiam
252 817 360 878 ellicax
375 829 454 897 potu.
485 819 617 880 medetur
631 829 660 880 et
673 822 858 898 suspiriosis,
882 824 950 882 item
972 821 1074 881 tistulis
1090 838 1156 879 cum

150 901 273 977 axungia
284 904 379 961 veteri
391 905 431 963 ita
446 921 482 962 ne
496 905 572 962 intus
587 903 716 964 addatur.
1200 925 1201 928 ’

109 991 159 1046 169
212 983 296 1062 (76.)
319 984 484 1046 llorminum
505 989 630 1063 semine,
653 996 684 1047 ut
699 987 837 1063 diximus,
859 989 973 1050 cumino
988 987 1081 1048 simile
1097 996 1156 1060 est,

108 1063 142 1104 ¹⁸·
158 1066 181 1100 ⁹⁸
193 1077 292 1127 cetero
303 1086 409 1146 porro,
428 1070 581 1130 dotrantali
596 1069 755 1147 altitudine,
772 1070 891 1132 duorum
903 1089 1054 1148 generum,
1071 1070 1158 1131 alteri
1199 1113 1201 1136 2

150 1166 250 1210 semen
264 1152 373 1228 nigrius
388 1163 418 1213 et
433 1152 605 1231 oblongum,
621 1155 734 1215 -hoc
751 1154 787 1215 ad
805 1172 942 1214 venerem
957 1155 1158 1214 stimulandam
1168 1155 1201 1216 u*

151 1235 229 1294 etad
245 1234 395 1297 oculorum
409 1255 537 1315 argema,
553 1237 707 1316 albugines
724 1272 775 1313 -,
792 1237 876 1299 alteri
892 1238 1040 1298 candidius
1055 1254 1159 1298 semen
1199 1269 1200 1276 1

151 1325 180 1375 et
202 1318 363 1379 rotundius.
393 1331 518 1400 utroque
541 1331 625 1382 tunso
648 1322 836 1383 extrahuntur
856 1323 951 1382 aculei
975 1340 1013 1381 ex
1029 1337 1158 1399 corpore

150 1418 205 1479 per
219 1419 252 1461 se
267 1402 348 1463 inlito
366 1423 403 1464 ex
417 1423 507 1484 aqua,
532 1404 603 1465 lolia
627 1424 664 1466 ex
684 1414 770 1465 aceto
793 1405 919 1485 inposita
939 1423 1032 1486 panos
1055 1424 1110 1484 per
1124 1422 1159 1463 se

151 1484 200 1544 vel
216 1502 279 1544 cum
293 1488 381 1549 melle
398 1489 567 1566 discutiunt,
583 1492 651 1549 item
665 1488 849 1566 furunculos,
872 1491 1039 1568 priusquam
1061 1489 1159 1566 capita

152 1568 274 1643 iaciant,
292 1574 441 1650 omnisque
457 1573 639 1633 acrimonias.
1167 1593 1197 1653 ru¹

110 1661 161 1715 160
215 1653 300 1731 (77.)
324 1654 399 1729 Quin
414 1665 444 1716 et
456 1658 538 1734 ipsae
550 1657 663 1734 frugum
675 1665 775 1735 pestes
790 1658 818 1716 in
833 1657 932 1736 aliquo
947 1666 1014 1716 sunt
1028 1675 1089 1717 usu.
1116 1657 1158 1714 in·
1196 1661 1197 1724 ἴ

151 1734 223 1794 lelix
238 1736 345 1798 dictum
365 1749 411 1799 est
431 1739 595 1817 aVergilio
617 1741 732 1816 lolium,
756 1740 814 1800 hoc
835 1748 931 1801 61111111
952 1739 1098 1815 molitum,
1122 1755 1160 1798 ex
1195 1782 1196 1800 .

151 1827 236 1878 aceto
265 1830 379 1882 coctum
408 1825 620 1904 inpositumque
644 1833 725 1884 sanat
750 1824 926 1903 inpetigines
951 1823 1077 1884 celerius
1100 1840 1158 1900 quo
1192 1819 1196 1875 l

152 1905 267 1980 saepius
278 1915 413 1967 mutatum
428 1917 482 1969 est.
511 1907 641 1968 medetur
655 1917 686 1967 et
704 1908 852 1986 podagrae
869 1907 991 1987 aliisque
1007 1905 1158 1968 doloribus

152 2003 216 2045 cum
228 1990 395 2064 oxymelite.
419 1993 494 2053 ratio
505 1991 594 2052 baec:
607 1993 698 2053 acetis
710 1993 821 2051 extario
834 2009 890 2051 uno
902 1991 1048 2051 diluuntur
1058 1989 1156 2050 mellis

151 2073 254 2132 unciae
277 2073 361 2133 duae.
398 2076 502 2135 iustum
524 2084 568 2135 est
587 2076 626 2135 ita
649 2076 817 2153 temperatis
837 2076 972 2134 sextariis
993 2073 1084 2133 tribus
1108 2073 1158 2134 de·

153 2164 256 2216 coctae
273 2156 383 2217 ianuae
398 2159 449 2218 loli
464 2161 608 2219 sextarios
631 2158 670 2198 **
683 2175 775 2237 usque
790 2159 826 2218 ad
842 2158 1070 2235 crassitudinem,
1086 2156 1158 2216 cali·

152 2234 275 2318 dumque
297 2242 395 2320 inponi
418 2242 583 2303 dolentibus
605 2242 750 2302 membris.
799 2242 900 2302 eadem
920 2241 1011 2302 latina
1034 2240 1159 2300 extrahit

152 2336 220 2383 ossa
235 2323 336 2385 iracta.

111 2411 159 2468 161
215 2409 299 2487 (78.)
322 2408 443 2469 Miliaria
457 2409 621 2489 appellatur
636 2409 727 2469 herba
741 2426 816 2487 qnae
832 2417 918 2468 necat
935 2408 1052 2467 milium.
1082 2407 1157 2466 baec

152 2492 217 2553 trita
239 2501 268 2552 et
289 2510 379 2552 cornu
398 2511 461 2552 cum
476 2494 543 2552 vino
565 2493 659 2553 inlusa
674 2493 822 2572 podagras
842 2493 1033 2552 iumentorum
1053 2489 1159 2550 dicitur

152 2593 265 2636 sanare.

217 2660 301 2738 (79.)
324 2659 446 2720 Bromos
460 2677 559 2720 semen
575 2669 620 2719 est
630 2661 740 2738 spicam
751 2660 872 2719 ferentis
884 2658 1005 2718 herbae.
1031 2658 1157 2718 nascitur

153 2745 227 2803 inter
247 2745 315 2804 vitia
335 2745 448 2822 segetis
469 2759 579 2804 avenae
600 2761 728 2820 genere,
760 2742 831 2804 lolia
855 2751 885 2801 et
906 2742 1012 2821 stipula
1032 2741 1157 2800 triticum

152 2827 303 2887 imitantur.
327 2828 356 2886 in
369 2826 562 2888 cacuminibus
573 2826 764 2906 dependentis
777 2826 913 2904 parvolas
924 2825 1016 2886 veluti
1027 2824 1155 2884 locustas

151 2909 249 2969 babet.
280 2928 380 2971 semen
394 2912 465 2984 utile
484 2911 520 2971 ad
536 2911 740 2990 cataplasmata
750 2911 786 2972 ad
799 2926 873 2987 quae
886 2915 916 2966 ut
927 2905 1068 2967 hordeum
1077 2916 1107 2966 et
1120 2909 1156 2966 si-

152 2993 238 3053 milia.
268 2995 390 3072 prodest
404 2993 591 3056 tussientibus
607 3012 705 3055 sucus.

111 3089 161 3146 toa
215 3077 303 3156 (80.)¹
323 3077 517 3140 Orobanchen
540 3078 749 3159 appellavimus
772 3086 924 3139 necantem
947 3093 1049 3136 ervom
1070 3083 1099 3134 et
1115 3074 1154 3133 le·

152 3163 280 3241 gumiae,
302 3162 352 3222 alii
374 3163 561 3237 cynomorion
582 3180 645 3223 eam
664 3161 844 3240 appellante
866 3159 1048 3220 similitudine
1064 3156 1154 3220 canini

152 3245 297 3324 genitalis.
331 3246 490 3308 cauliculus
510 3255 555 3306 est
575 3248 638 3306 sine
660 3245 751 3322 loliis,
775 3246 907 3324 pinguis,
929 3242 1048 3303 rubens.
1078 3250 1154 3301 estur

154 3339 184 3390 et
197 3348 251 3408 per
270 3348 303 3390 se
320 3339 349 3389 et
364 3332 392 3390 in
407 3331 528 3408 patinis,
547 3348 610 3390 cum
623 3339 725 3389 tenera
744 3338 807 3405 est,
825 3327 959 3388 decocta.

112 3419 162 3474 163
216 3413 298 3492 (81.)
331 3413 369 3472 Et
392 3413 584 3490 leguminibus
610 3413 795 3473 innascuntur
821 3410 965 3472 bestiolae
994 3415 1152 3469 venenatae

154 3513 227 3573 quae
243 3513 342 3557 manus
357 3504 486 3575 pungunt
498 3505 527 3558 et
537 3497 697 3575 periculum
708 3497 784 3556 vitae
797 3494 943 3570 adierunt,
961 3492 1151 3572 solipugarum
