2396 3922
277 244 793 337 nnn.uusnssxxv1.a.(35—uo.)
971 259 1026 318 111
1054 213 1058 221 ¹
1120 280 1124 289 ·

37 421 158 484 diluatur
180 424 347 488 albescens.
388 425 451 486 hoc
471 427 567 486 euenit
588 433 617 485 et
637 425 798 488 adulterino
819 423 895 502 quod
916 425 946 484 lit
967 425 1029 484 ervi

35 508 121 568 ianua
149 515 181 568 et
201 508 341 583 tithymali
357 511 458 572 marini
479 527 550 570 suco
572 509 636 570 iere
656 511 684 569 in
700 509 824 583 iudaea,
846 507 924 586 quod
944 509 1029 568 etiam

35 591 193 668 strangulat
210 602 361 671 sumptum.
392 593 616 672 deprehanditur
636 601 739 670 gustu,
766 591 930 666 tithymalus
953 593 1027 650 enim
1037 601 1069 656 61

34 673 158 750 hagnam
179 677 345 736 excalfacit.
393 695 461 739 usus
484 675 577 751 bimo,
593 694 650 736 nac
669 686 736 736 ante
757 695 813 736 nec
834 685 936 753 postea
959 675 1029 734 utile

6 757 140 836 adedere
158 767 189 818 et
203 776 259 838 per
277 777 310 820 se
326 777 363 820 en
375 779 448 840 aqua
464 760 511 820 vel
527 760 618 826 mulsa
633 769 663 820 et
678 760 740 820 sale
759 759 906 837 quaternis
922 757 1028 834 obolis,

35 841 81 902 sed
97 841 252 903 utilissime
270 861 334 904 curn
356 845 423 905 aloe
437 847 476 904 ita
492 853 522 902 ιι
542 845 699 921 incipiente
715 843 889 920 purgatione
906 841 1029 900 mulsum

35 925 152 985 bibatur.
198 926 230 986 ht
248 937 278 986 et
291 927 443 988 decoctum
464 927 570 988 radicis
592 929 622 986 in
647 935 732 986 aceto
756 925 791 986 ad
812 923 1029 985 crassitudinem

34 1009 140 1151 nullisi
173 1027 232 1089 quo
252 1009 354 1090 leprae
374 1011 528 1072 inlinuntur
550 1019 580 1070 et
605 1020 691 1090 caput
717 1011 850 1087 unguitur
868 1011 898 1068 in
926 1007 1029 1068 dolore

36 1109 92 1152 cum
107 1111 125 1152 o
141 1111 192 1154 eo.
1114 1140 1117 1148 ,

6 1191 30 1258 pt
90 1177 180 1254 (39.)
202 1176 390 1251 Tithymalum
411 1179 502 1237 nostri
522 1177 641 1257 herbam
664 1177 811 1236 laetaniam
832 1185 953 1251 vocant,
978 1175 1072 1238 cliton

34 1259 173 1320 lactucam
189 1263 352 1338 caprinam,
372 1270 543 1339 narrantque
560 1262 635 1322 lacte
650 1263 712 1320 eius
732 1261 872 1338 inscripto
889 1277 1027 1337 corpore,

35 1362 91 1403 aum
106 1345 260 1418 inaruerit,
278 1345 387 1404 uicinis
404 1345 769 1423 inspargatur,.adparere
791 1344 915 1420 litteras,
938 1352 969 1402 et
990 1344 1028 1402 ita

6 1501 7 1504 Ἴ
33 1427 143 1505 quidam
161 1427 309 1488 adulteras
330 1428 447 1506 adloqui
470 1429 598 1488 maluere
614 1445 698 1506 quarn
715 1427 869 1491 codicillis
918 1443 1028 1503 genera

6 1565 7 1582 2
33 1513 88 1570 eius
103 1511 211 1570 multa:
235 1514 342 1588 primus
357 1513 577 1588 cognominatur
592 1511 753 1586 characias,
770 1512 818 1588 qui
838 1519 867 1570 et
884 1509 1028 1569 masculus

6 1593 222 1688 peristimatur,
237 1596 324 1656 ramis
337 1595 447 1672 digitali
463 1595 663 1671 crassitudine,
680 1593 785 1668 rubris,
802 1595 932 1680 sucosis,
947 1592 1026 1671 quin·

6 1697 83 1776 que
99 1687 150 1738 aut
173 1696 238 1754 sen,
257 1679 374 1738 cubitali
389 1678 577 1754 longitudine,
590 1696 607 1738 a
621 1677 719 1738 radice
734 1677 813 1737 loliis
817 1694 918 1776 paene
933 1675 1027 1751 oleae,

6 1763 57 1820 in
72 1761 273 1822 cacuminibus
296 1779 378 1827 coma
399 1763 484 1821 iunci.
532 1763 658 1824 nascitur
681 1764 711 1820 iu
738 1762 851 1840 asperis
870 1760 1024 1836 maritumis,
1035 1769 1072 1823 63

6 1819 9 1908 l
32 1844 135 1922 legitur
151 1863 255 1905 semen
270 1855 402 1906 autumno
421 1863 484 1905 cum
501 1861 599 1920 corna,
620 1847 759 1906 siccatum
779 1842 842 1903 sole
859 1843 983 1902 tunditur
999 1851 1028 1902 ct

6 1915 191 2007 reponitur.
230 1946 316 1988 sucus
336 1946 408 1988 vero
433 1930 589 2006 incipiente
609 1945 760 2007 pomorum
775 1927 910 2026 lanugine
932 1924 1026 1984 deira·

6 1987 82 2110 botis
102 2013 194 2072 ramis
218 2013 362 2090 excipitur
377 2013 468 2072 farina
492 2014 555 2074 ervi
572 2023 620 2072 aut
640 2013 702 2072 licis
723 2020 753 2071 ut
768 2029 830 2070 cum
853 2011 887 2069 iis
903 2017 1026 2070 arescat.

34 2096 131 2194 quinas
149 2105 247 2156 autern
262 2105 358 2172 guttas
374 2097 494 2172 siugulis
513 2097 609 2174 excipi
627 2095 695 2154 satis
711 2103 773 2169 cst,
796 2093 965 2172 traduntque
984 2101 1027 2150 to·

33 2179 102 2238 heus
127 2181 250 2258 purgari
271 2179 448 2257 hydropicos
469 2180 526 2238 hoo
546 2189 659 2257 sumpta
684 2186 754 2255 quot
771 2186 867 2254 guttas
889 2193 923 2234 ea
944 2175 1028 2234 lactis

35 2265 195 2342 exceperit
243 2264 335 2321 Sucus
359 2281 422 2322 cum
436 2263 597 2338 colligitur,
613 2281 650 2322 ne
666 2264 786 2338 attingat
801 2261 903 2320 oculos
920 2276 1023 2318 caven
1036 2268 1072 2322 64

37 2346 167 2406 domest.
202 2347 277 2406 litet
294 2365 309 2406 e
328 2345 406 2427 iuliis
420 2348 511 2406 tunsis
527 2349 624 2442 priore
640 2346 732 2404 minus
745 2344 860 2404 efficax.
890 2343 921 2402 iit
936 2351 964 2402 et
980 2341 1027 2400 de·

6 2439 146 2489 tttoctum
164 2447 181 2488 e
197 2431 310 2488 ramim
338 2439 383 2488 ast
402 2438 432 2488 ct
455 2447 554 2488 semen
573 2431 602 2487 in
621 2447 674 2488 usu
695 2447 758 2488 cum
774 2427 860 2487 melle
877 2425 1029 2486 decoctum

35 2513 67 2571 ad
79 2515 227 2592 catapotia
245 2513 404 2572 solvendae
424 2511 481 2572 alvi
497 2514 599 2589 gratia.
637 2531 737 2572 semen
759 2520 788 2570 et
803 2511 927 2570 dentium
948 2509 1028 2568 cavis

36 2613 98 2656 cera
116 2597 283 2657 includitur.
326 2596 495 2656 conluantur
521 2605 549 2655 et
575 2596 678 2654 radicis
702 2595 825 2654 decocto
853 2593 958 2652 ovino
981 2597 1029 2650 ιιι

37 2679 108 2738 oleo.
141 2680 264 2740 inlinunt
277 2689 306 2740 et
321 2679 450 2740 lichenas
467 2697 548 2755 suco,
561 2679 717 2756 bibuntque
733 2695 797 2737 eum
811 2685 841 2736 ut
855 2683 960 2754 purget
974 2691 1027 2732 vo-

36 2764 150 2823 mitione
165 2772 195 2822 et
210 2764 276 2822 aluo
293 2763 396 2839 soluta,
412 2763 484 2824 alias
500 2763 650 2822 stomacho
667 2761 803 2821 inutilem.
840 2758 925 2819 trahit
940 2757 1023 2836 pitui·
1035 2767 1069 2822 65

6 2853 86 2905 abur
101 2847 168 2907 sale
183 2846 279 2907 addito
296 2849 324 2906 in
340 2856 419 2924 potu,
438 2845 524 2907 bilem
536 2846 714 2924 aphronitro.
746 2846 771 2904 si
787 2861 840 2921 per
852 2841 949 2902 alvom
962 2859 1026 2920 pur·
1093 2870 1095 2876 ·

36 2932 92 3003 gari
106 2929 215 3004 libeat,
233 2932 261 2989 in
276 2947 382 3008 posca,
401 2932 425 2988 si
441 2931 613 3003 vomitione,
629 2931 657 2988 in
672 2945 760 3006 passo
775 2936 822 2986 ant
836 2943 911 3004 aqua
926 2925 1027 2984 mulsa.

36 3013 124 3073 nediu
141 3015 223 3092 potio
238 3013 329 3073 trihus
344 3013 440 3073 obolis
464 3013 554 3074 datur.
590 3015 662 3072 ticos
676 3030 693 3071 a
710 3011 776 3070 cibo
791 3011 951 3087 sumpsisse
968 3027 1026 3068 mc·

37 3094 86 3154 lius
102 3105 159 3156 est.
201 3096 292 3156 laucis
313 3099 369 3157 urit
383 3097 511 3170 leniter,
533 3107 577 3156 est
591 3097 666 3156 enim
677 3105 736 3154 tarn
752 3095 892 3156 ferventis
907 3103 1026 3152 naturae

38 3186 67 3236 ut
83 3197 138 3258 per
160 3197 193 3240 se
207 3190 289 3240 entra
312 3181 428 3259 corpori
443 3182 595 3259 inpositum
610 3179 728 3258 pusulas
751 3179 857 3256 ignium
878 3177 963 3236 modo
986 3176 1026 3236 ia·

10 3261 91 3320 aciat
106 3272 138 3322 et
154 3281 206 3341 pro
226 3265 352 3324 caustico
368 3265 396 3322 in
411 3281 462 3322 usu
479 3265 525 3322 sit.

97 3347 184 3424 (40.)
212 3346 344 3406 Alterum
374 3365 465 3424 genus
494 3346 634 3420 tithymali
661 3347 795 3420 myrtiten
825 3353 946 3425 vocant,
975 3341 1024 3401 alii
1035 3350 1069 3406 66

39 3431 175 3506 caryiten,
191 3430 269 3490 loliis
282 3431 366 3504 myrti
381 3432 471 3491 acutis
488 3440 517 3490 et
536 3429 747 3508 pungentibus,
769 3427 821 3488 sed
834 3425 1026 3502 mollioribus,

40 3517 69 3568 ct
81 3512 173 3590 ipsum
185 3513 215 3574 iu
231 3516 342 3594 asperis
363 3532 496 3608 nascens.
532 3515 707 3592 colliguntur
721 3531 770 3574 con
913 3511 1026 3570 hordeo
