2504 3930
181 229 243 293 att
518 245 548 293 c.
560 247 660 301 ¹namu
677 245 826 295 secunus

179 397 215 459 ad
234 399 397 458 cicatricem
412 397 580 477 perducunt.
617 399 694 460 lacte
709 409 831 459 evocant
852 401 912 478 poti
928 417 991 458 cunr
1005 399 1109 458 mulso.
1132 399 1173 458 in·
1237 431 1245 462 a

179 484 329 542 veniuntur
345 489 375 541 et
389 481 537 541 vermiculi
559 484 606 560 qui
627 483 771 560 adalligati
789 483 867 543 collo
887 484 1033 542 contiueat
1048 491 1172 562 partum,
1240 477 1245 489 '

179 565 363 625 detrahuntur
378 574 470 626 autem
483 565 535 624 sub
548 576 641 644 partu,
658 567 729 627 alias
741 567 810 626 caiti
821 585 878 626 non
891 567 1042 644 patiuntur.
1066 581 1172 626 caveu-
1239 594 1245 616 ι

178 648 243 708 duna
259 657 289 708 et
303 667 341 708 ne
355 651 383 708 iu
397 659 474 709 terra
485 659 637 727 ponantur,
654 658 815 728 conceptus
834 668 950 728 quoque
966 667 1053 710 causa
1068 650 1174 709 dautur

137 742 187 796 126
196 733 223 790 in
243 742 311 811 potu
336 733 412 811 quini
428 742 475 792 aut
490 735 614 811 septeni.
648 734 768 794 cocleae
788 736 816 792 iu
830 732 895 794 cibo
910 740 1040 813 sumptae
1056 732 1196 792 aeccle-a

178 824 240 876 rant
255 825 376 896 partum,
389 815 456 876 item
468 826 639 894 conceptum
648 819 790 896 inpositae
805 835 867 876 cum
880 835 978 886 croco.
1002 817 1126 878 eaedem
1138 834 1175 878 ex

178 899 272 974 amylo
289 908 317 959 et
331 899 516 976 tragacantha
533 901 629 960 ialitae
643 901 783 979 profluvia
795 903 906 961 sistunt.
927 910 1047 979 prosunt
1062 909 1092 960 et
1108 919 1174 980 pur·

178 983 341 1059 gatioulbus
355 991 485 1060 sumptae
499 985 528 1041 iu
543 983 607 1042 cibo
623 993 651 1044 et
664 985 780 1044 volvam
795 1000 928 1043 aversam
945 987 1094 1061 corrigunt
1111 1002 1174 1043 cun

176 1065 300 1129 medulla
318 1068 435 1148 ceruina
449 1068 488 1126 ita
509 1075 538 1125 ut
553 1069 599 1126 uni
623 1068 742 1126 cocleae
764 1067 861 1128 denari
877 1066 990 1145 pondus
1007 1068 1129 1128 addatur
1147 1075 1176 1126 et

177 1150 270 1228 cypri.
301 1149 463 1209 inflationes
479 1167 595 1228 quoque
617 1151 766 1210 volvarum
784 1150 938 1211 discutiunt
954 1160 1110 1231 exemptae
1130 1160 1205 1210 *tc-n

158 1309 160 1313 Ι
179 1235 232 1292 stis
246 1235 330 1292 tritae
348 1249 411 1292 cum
428 1248 565 1294 rosaceo.
594 1234 629 1294 ad
641 1234 714 1293 baec
731 1233 957 1312 Astypalaeicae
971 1251 1103 1294 maxume
1122 1232 1175 1293 eli·

136 1325 312 1394 adiguntur.
344 1316 403 1375 alio
425 1318 509 1377 modo
527 1317 682 1378 Africanae
702 1317 786 1377 binae
806 1320 889 1378 tritae
911 1335 973 1377 cum
993 1317 1053 1377 leni
1068 1317 1175 1378 Graeci

178 1398 256 1478 quod
269 1399 359 1458 trihus
367 1399 463 1475 digitis
477 1402 614 1479 capiatur,
627 1401 723 1460 addito
735 1401 821 1461 melle
834 1399 1017 1461 coclearibus
1025 1409 1173 1479 quattuor,

178 1482 331 1552 inlinuntur
350 1481 417 1542 alvo
434 1485 513 1563 prius
528 1485 601 1543 irino
619 1501 689 1544 suco
706 1494 874 1562 perunctae.
906 1493 971 1544 sunt
987 1492 1016 1542 et
1030 1485 1173 1543 minumae

177 1565 366 1644 lubricaeque
391 1566 529 1627 candidae
544 1567 670 1628 'cocleae
688 1571 795 1646 passim
816 1567 995 1627 oberrantes.
1028 1567 1085 1627 bae
1109 1581 1206 1627 are-rs

176 1651 272 1710 iactae
285 1650 347 1710 sole
360 1651 388 1708 iu
402 1651 509 1728 tegulis
524 1659 682 1728 tunsasque
695 1653 722 1710 iu
737 1651 855 1711 larinum
868 1652 1025 1710 miscentur
1043 1651 1173 1711 lomento

175 1734 278 1810 aequis
298 1731 426 1810 partibus
447 1733 660 1813 candoremque
677 1743 706 1794 et
725 1735 873 1794 laevorem
894 1735 1012 1813 corpori
1029 1735 1174 1795 adierunt.

136 1828 188 1883 las
196 1815 334 1877 scabendi
349 1815 492 1877 desideria
507 1817 611 1877 tollunt
624 1819 747 1877 minutae
764 1828 793 1879 ct
808 1817 885 1878 latae
896 1835 959 1877 cum
975 1817 1107 1896 polenta.
1124 1819 1174 1878 Vi·

178 1917 277 1980 peram
292 1899 395 1958 mulier
410 1917 553 1979 praegnas
569 1903 593 1959 si
608 1902 827 1979 mauscenderit‚
844 1901 976 1962 abortum
990 1902 1092 1976 faciet,
1106 1903 1174 1962 item
1243 1925 1244 1930 ¹

178 1983 427 2062 amphisbaenam,
442 1992 579 2042 mortuam
598 1983 758 2062 dumtaxat,
778 2003 843 2044 uam
864 1987 958 2044 vivam
978 1983 1123 2046 babentes
1147 1987 1207 2048 iuro

177 2067 286 2146 pyxide
310 2071 415 2144 inpune
436 2075 599 2143 transeunt,
622 2069 706 2127 etiam
728 2069 753 2128 si
774 2077 886 2128 mortua
908 2069 1052 2147 citatque
1074 2069 1175 2129 adser-

137 2197 138 2200 ,
178 2158 252 2209 vata.
285 2159 382 2228 partus
396 2149 491 2208 lacilis
514 2149 643 2229 praestat
662 2151 710 2210 rel
725 2160 846 2212 mortua.
874 2153 988 2227 mirum,
1011 2154 1036 2211 si
1050 2169 1110 2212 nou
1127 2151 1176 2212 ad·

177 2241 321 2292 servatam
340 2231 552 2292 transcenderit
573 2233 707 2312 gravida,
730 2236 876 2296 innoxium
890 2237 970 2309 lieri,
996 2236 1020 2294 si
1042 2237 1176 2313 protinus

176 2314 360 2376 transcendat
385 2315 574 2377 adservatam.
601 2316 715 2394 Anguis
734 2317 1004 2380 inveteratisuilitu
1025 2327 1176 2381 meusmua

177 2399 320 2460 adiuvant.
1184 2419 1207 2464 a

135 2493 186 2549 120
246 2483 329 2562 (44.)
346 2481 488 2558 Anguiunr
501 2493 639 2543 senectus
653 2485 809 2561 adalligata
826 2484 928 2548 lumbis
943 2485 1093 2546 faciliores
1108 2490 1174 2564 p'ar·

176 2577 223 2628 tus
236 2566 324 2642 iacit,
341 2569 471 2644 protinus
490 2571 678 2645 apuerperio
695 2569 881 2629 removenda.
911 2568 979 2628 daut
1001 2577 1030 2627 et
1051 2569 1082 2628 iu
1104 2571 1175 2630 vino

176 2649 330 2710 bibendam
345 2667 408 2710 cum
419 2659 489 2728 turc,
506 2651 590 2711 aliter
604 2662 715 2730 sumpta
730 2652 861 2712 abortum
872 2653 951 2712 lacit.
969 2650 1103 2712 baculum
1115 2670 1176 2732 quo

174 2735 262 2810 angui
276 2751 346 2793 rana
360 2749 483 2795 excussa
499 2736 536 2794 sit
551 2738 736 2813 parturientia
750 2735 880 2813 adiuvat,
906 2733 1080 2796 trixallidum
1100 2737 1175 2798 ciuis

176 2817 271 2876 inlitas
287 2835 350 2878 curn
365 2817 452 2878 melle
463 2819 663 2895 purgationes,
678 2821 746 2881 item
762 2837 883 2880 araneus
898 2819 947 2897 qui
962 2818 1039 2880 iilum
1054 2819 1207 2880 deducitur

174 2920 216 2960 ex
233 2900 302 2960 alto.
335 2902 400 2980 capi
415 2901 503 2961 debet
518 2920 601 2964 maru
617 2921 689 2965 cara
704 2905 844 2980 tritusque
866 2903 1030 2979 admoveri,
1052 2903 1174 2981 quodsi

135 2983 364 3050 lotredeuutem
388 2985 552 3062 prenderit,
578 2986 718 3048 inhibebit
742 2986 817 3046 idem
840 2987 1039 3064 purgationes.
1084 2985 1173 3066 Lapis

177 3069 278 3128 netues
294 3069 322 3126 in
338 3067 451 3146 aquilae
466 3079 600 3149 repertus
618 3069 686 3130 nido
707 3067 832 3130 custodit
846 3079 945 3147 partus
961 3078 1062 3129 contra
1078 3071 1173 3131 omnis

174 3151 325 3211 abortuum
344 3151 472 3212 iusidias.
503 3155 588 3231 pinna
604 3153 744 3214 uolturium
760 3153 888 3214 subiecta
910 3151 1032 3232 pedibus
1056 3153 1174 3217 adiuvat

132 3275 135 3283 .
176 3235 370 3313 parturientis.
392 3237 566 3296 ovomcorvi
582 3237 878 3314 cavendumgravidis
897 3246 1019 3312 constat,
1036 3239 1205 3314 quoniumit

176 3318 366 3396 transgressis
383 3317 512 3378 abortum
528 3337 580 3397 per
594 3337 628 3380 os
645 3321 741 3382 iaciat.
762 3322 854 3382 bmun
870 3321 1015 3398 accipitris
1031 3321 1060 3378 in
1072 3321 1171 3380 mulsa

174 3409 272 3478 potum
287 3394 400 3462 videtur
414 3402 675 3464 facundas-iacere.
704 3403 854 3466 volvarum
871 3404 998 3480 duritias,
1018 3403 1171 3466 collectio·

65 3547 70 3554 ,
175 3499 228 3542 nes
243 3483 325 3562 adips
340 3487 488 3548 anserinus
503 3494 551 3548 aut
569 3489 655 3564 cygni
670 3488 788 3551 emollit.
