<?xml version="1.0" encoding="UTF-8"?>
<!DOCTYPE html PUBLIC "-//W3C//DTD XHTML 1.0 Transitional//EN"
    "http://www.w3.org/TR/xhtml1/DTD/xhtml1-transitional.dtd">
<html xmlns="http://www.w3.org/1999/xhtml" xml:lang="en" lang="en">
 <head>
  <title>
</title>
<meta http-equiv="Content-Type" content="text/html;charset=utf-8" />
  <meta name='ocr-system' content='tesseract 3.04.00' />
  <meta name='ocr-capabilities' content='ocr_page ocr_carea ocr_par ocr_line ocrx_word'/>
</head>
<body>
  <div class='ocr_page' id='page_1' title='image "./naturalishistor00plingoog_0722.png"; bbox 0 0 2504 3930; ppageno 0'>
   <div class='ocr_carea' id='block_1_1' title="bbox 160 227 804 319">
    <p class='ocr_par' dir='ltr' id='par_1_1' title="bbox 160 227 804 319">
     <span class='ocr_line' id='line_1_1' title="bbox 160 227 804 319; baseline -0.006 -1"><span class='ocrx_word' id='word_1_1' title='bbox 160 259 221 319; x_wconf 88' lang='grc'><strong>310</strong></span> <span class='ocrx_word' id='word_1_2' title='bbox 391 227 394 236; x_wconf 13' lang='grc' dir='ltr'><strong>Α</strong></span> <span class='ocrx_word' id='word_1_3' title='bbox 496 269 525 318; x_wconf 91' lang='lat' dir='ltr'><strong>c.</strong></span> <span class='ocrx_word' id='word_1_4' title='bbox 543 269 638 318; x_wconf 75' lang='lat' dir='ltr'><strong>runo</strong></span> <span class='ocrx_word' id='word_1_5' title='bbox 655 267 804 317; x_wconf 78' lang='lat' dir='ltr'><strong>succum</strong></span> 
     </span>
    </p>
   </div>
   <div class='ocr_carea' id='block_1_2' title="bbox 96 422 1248 3589">
    <p class='ocr_par' dir='ltr' id='par_1_2' title="bbox 105 422 1149 755">
     <span class='ocr_line' id='line_1_2' title="bbox 105 422 1149 504; baseline 0 -23"><span class='ocrx_word' id='word_1_6' title='bbox 105 470 113 481; x_wconf 94' lang='lat'><em>.</em></span> <span class='ocrx_word' id='word_1_7' title='bbox 221 426 304 504; x_wconf 80' lang='lat'>(52.)</span> <span class='ocrx_word' id='word_1_8' title='bbox 330 424 408 484; x_wconf 86' lang='lat' dir='ltr'><strong>Inter</strong></span> <span class='ocrx_word' id='word_1_9' title='bbox 430 423 562 504; x_wconf 77' lang='lat' dir='ltr'><strong>aquatilia</strong></span> <span class='ocrx_word' id='word_1_10' title='bbox 586 425 642 483; x_wconf 90' lang='lat' dir='ltr'><strong>dici</strong></span> <span class='ocrx_word' id='word_1_11' title='bbox 666 422 752 482; x_wconf 86' lang='lat' dir='ltr'><strong>debet</strong></span> <span class='ocrx_word' id='word_1_12' title='bbox 777 432 807 482; x_wconf 86' lang='lat' dir='ltr'><strong>et</strong></span> <span class='ocrx_word' id='word_1_13' title='bbox 829 423 1030 482; x_wconf 82' lang='lat' dir='ltr'><strong>calamochnus</strong></span> <span class='ocrx_word' id='word_1_14' title='bbox 1049 423 1149 482; x_wconf 88' lang='lat' dir='ltr'><strong>Latine</strong></span> 
     </span>
     <span class='ocr_line' id='line_1_3' title="bbox 158 505 1149 586; baseline -0.003 -18"><span class='ocrx_word' id='word_1_15' title='bbox 158 506 263 580; x_wconf 87' lang='lat' dir='ltr'><strong>adarca</strong></span> <span class='ocrx_word' id='word_1_16' title='bbox 280 508 434 586; x_wconf 89' lang='lat' dir='ltr'><strong>appellata.</strong></span> <span class='ocrx_word' id='word_1_17' title='bbox 468 509 593 566; x_wconf 88' lang='lat' dir='ltr'><strong>nascitur</strong></span> <span class='ocrx_word' id='word_1_18' title='bbox 614 509 690 566; x_wconf 91' lang='lat' dir='ltr'><strong>circa</strong></span> <span class='ocrx_word' id='word_1_19' title='bbox 710 505 881 565; x_wconf 82' lang='lat' dir='ltr'>harundines</span> <span class='ocrx_word' id='word_1_20' title='bbox 901 508 993 566; x_wconf 88' lang='lat' dir='ltr'><strong>tenuis</strong></span> <span class='ocrx_word' id='word_1_21' title='bbox 1016 525 1149 585; x_wconf 87' lang='lat' dir='ltr'><strong>espuma</strong></span> 
     </span>
     <span class='ocr_line' id='line_1_4' title="bbox 158 589 1148 669; baseline -0.004 -17"><span class='ocrx_word' id='word_1_22' title='bbox 158 609 250 669; x_wconf 92' lang='lat' dir='ltr'><strong>aquae</strong></span> <span class='ocrx_word' id='word_1_23' title='bbox 263 591 354 651; x_wconf 90' lang='lat' dir='ltr'><strong>dulcis</strong></span> <span class='ocrx_word' id='word_1_24' title='bbox 364 609 398 652; x_wconf 90' lang='lat' dir='ltr'><strong>ac</strong></span> <span class='ocrx_word' id='word_1_25' title='bbox 408 593 543 667; x_wconf 89' lang='lat' dir='ltr'><strong>marinae,</strong></span> <span class='ocrx_word' id='word_1_26' title='bbox 552 592 600 650; x_wconf 94' lang='lat' dir='ltr'><strong>ubi</strong></span> <span class='ocrx_word' id='word_1_27' title='bbox 613 609 645 649; x_wconf 91' lang='lat' dir='ltr'><strong>se</strong></span> <span class='ocrx_word' id='word_1_28' title='bbox 658 591 789 649; x_wconf 88' lang='lat' dir='ltr'><strong>miscent.</strong></span> <span class='ocrx_word' id='word_1_29' title='bbox 811 591 868 648; x_wconf 84' lang='lat' dir='ltr'><strong>rim</strong></span> <span class='ocrx_word' id='word_1_30' title='bbox 883 589 969 650; x_wconf 88' lang='lat' dir='ltr'><strong>habet</strong></span> <span class='ocrx_word' id='word_1_31' title='bbox 983 593 1148 666; x_wconf 81' lang='lat' dir='ltr'>causticam,</span> 
     </span>
     <span class='ocr_line' id='line_1_5' title="bbox 156 673 1148 755; baseline -0.002 -21"><span class='ocrx_word' id='word_1_32' title='bbox 156 674 223 734; x_wconf 90' lang='lat' dir='ltr'><strong>ideo</strong></span> <span class='ocrx_word' id='word_1_33' title='bbox 244 678 345 755; x_wconf 82' lang='lat' dir='ltr'><strong>acopis</strong></span> <span class='ocrx_word' id='word_1_34' title='bbox 361 675 472 734; x_wconf 80' lang='lat' dir='ltr'><strong>additur</strong></span> <span class='ocrx_word' id='word_1_35' title='bbox 489 684 588 735; x_wconf 88' lang='lat' dir='ltr'><strong>contra</strong></span> <span class='ocrx_word' id='word_1_36' title='bbox 604 674 820 753; x_wconf 80' lang='lat' dir='ltr'><strong>perfrictionum</strong></span> <span class='ocrx_word' id='word_1_37' title='bbox 836 675 913 733; x_wconf 88' lang='lat' dir='ltr'><strong>vitia.</strong></span> <span class='ocrx_word' id='word_1_38' title='bbox 944 673 1020 733; x_wconf 86' lang='lat' dir='ltr'><strong>tollit</strong></span> <span class='ocrx_word' id='word_1_39' title='bbox 1041 683 1070 733; x_wconf 91' lang='lat' dir='ltr'><strong>et</strong></span> <span class='ocrx_word' id='word_1_40' title='bbox 1090 693 1148 732; x_wconf 89' lang='lat' dir='ltr'><strong>mu·</strong></span> 
     </span>
    </p>

    <p class='ocr_par' dir='ltr' id='par_1_3' title="bbox 115 756 1248 1674">
     <span class='ocr_line' id='line_1_6' title="bbox 115 756 1173 835; baseline -0.006 -13"><span class='ocrx_word' id='word_1_41' title='bbox 115 758 278 828; x_wconf 72' lang='lat' dir='ltr'><strong>talliarum</strong></span> <span class='ocrx_word' id='word_1_42' title='bbox 299 758 454 835; x_wconf 76' lang='lat' dir='ltr'><strong>lentigines</strong></span> <span class='ocrx_word' id='word_1_43' title='bbox 480 759 508 816; x_wconf 93' lang='lat' dir='ltr'><strong>iu</strong></span> <span class='ocrx_word' id='word_1_44' title='bbox 534 757 619 818; x_wconf 88' lang='lat' dir='ltr'><strong>facie.</strong></span> <span class='ocrx_word' id='word_1_45' title='bbox 654 757 691 816; x_wconf 84' lang='lat' dir='ltr'><strong>Et</strong></span> <span class='ocrx_word' id='word_1_46' title='bbox 712 758 813 817; x_wconf 84' lang='lat' dir='ltr'><strong>calami</strong></span> <span class='ocrx_word' id='word_1_47' title='bbox 839 758 922 816; x_wconf 91' lang='lat' dir='ltr'><strong>simul</strong></span> <span class='ocrx_word' id='word_1_48' title='bbox 945 756 1001 816; x_wconf 89' lang='lat' dir='ltr'><strong>dici</strong></span> <span class='ocrx_word' id='word_1_49' title='bbox 1027 757 1173 817; x_wconf 76' lang='lat' dir='ltr'><strong>debeutzr</strong></span> 
     </span>
     <span class='ocr_line' id='line_1_7' title="bbox 158 839 1149 921; baseline 0 -21"><span class='ocrx_word' id='word_1_50' title='bbox 158 842 325 921; x_wconf 77' lang='lat' dir='ltr'><strong>phragmitis</strong></span> <span class='ocrx_word' id='word_1_51' title='bbox 340 842 423 901; x_wconf 83' lang='lat' dir='ltr'><strong>radix</strong></span> <span class='ocrx_word' id='word_1_52' title='bbox 436 859 540 901; x_wconf 89' lang='lat' dir='ltr'><strong>recens</strong></span> <span class='ocrx_word' id='word_1_53' title='bbox 555 841 630 901; x_wconf 88' lang='lat' dir='ltr'><strong>tunsi</strong></span> <span class='ocrx_word' id='word_1_54' title='bbox 644 842 747 900; x_wconf 85' lang='lat' dir='ltr'><strong>luxatis</strong></span> <span class='ocrx_word' id='word_1_55' title='bbox 761 839 891 902; x_wconf 88' lang='lat' dir='ltr'><strong>medetur</strong></span> <span class='ocrx_word' id='word_1_56' title='bbox 906 849 935 900; x_wconf 88' lang='lat' dir='ltr'><strong>ct</strong></span> <span class='ocrx_word' id='word_1_57' title='bbox 950 843 1052 918; x_wconf 91' lang='lat' dir='ltr'><strong>spinae</strong></span> <span class='ocrx_word' id='word_1_58' title='bbox 1068 841 1149 900; x_wconf 94' lang='lat' dir='ltr'><strong>dolo-</strong></span> 
     </span>
     <span class='ocr_line' id='line_1_8' title="bbox 156 923 1248 1004; baseline 0 -21"><span class='ocrx_word' id='word_1_59' title='bbox 156 925 234 986; x_wconf 88' lang='lat' dir='ltr'><strong>ribus</strong></span> <span class='ocrx_word' id='word_1_60' title='bbox 251 945 289 985; x_wconf 84' lang='lat' dir='ltr'><strong>ex</strong></span> <span class='ocrx_word' id='word_1_61' title='bbox 303 935 388 986; x_wconf 90' lang='lat' dir='ltr'><strong>aceto</strong></span> <span class='ocrx_word' id='word_1_62' title='bbox 404 925 492 1000; x_wconf 84' lang='lat' dir='ltr'><strong>inlita,</strong></span> <span class='ocrx_word' id='word_1_63' title='bbox 509 923 608 1004; x_wconf 82' lang='lat' dir='ltr'><strong>Cyprii</strong></span> <span class='ocrx_word' id='word_1_64' title='bbox 623 941 705 999; x_wconf 89' lang='lat' dir='ltr'><strong>vero,</strong></span> <span class='ocrx_word' id='word_1_65' title='bbox 722 925 768 1001; x_wconf 93' lang='lat' dir='ltr'><strong>qui</strong></span> <span class='ocrx_word' id='word_1_66' title='bbox 785 935 813 984; x_wconf 89' lang='lat' dir='ltr'><strong>et</strong></span> <span class='ocrx_word' id='word_1_67' title='bbox 828 926 922 985; x_wconf 88' lang='lat' dir='ltr'><strong>donax</strong></span> <span class='ocrx_word' id='word_1_68' title='bbox 936 934 1068 1000; x_wconf 89' lang='lat' dir='ltr'><strong>vocatur,</strong></span> <span class='ocrx_word' id='word_1_69' title='bbox 1085 943 1150 984; x_wconf 89' lang='lat' dir='ltr'><strong>cor·</strong></span> <span class='ocrx_word' id='word_1_70' title='bbox 1246 933 1248 936; x_wconf 82' lang='grc'><strong>’</strong></span> 
     </span>
     <span class='ocr_line' id='line_1_9' title="bbox 156 1007 1149 1087; baseline 0 -19"><span class='ocrx_word' id='word_1_71' title='bbox 156 1018 205 1068; x_wconf 85' lang='lat' dir='ltr'><strong>tex</strong></span> <span class='ocrx_word' id='word_1_72' title='bbox 223 1010 364 1087; x_wconf 88' lang='lat' dir='ltr'><strong>alopeciis</strong></span> <span class='ocrx_word' id='word_1_73' title='bbox 381 1007 512 1068; x_wconf 86' lang='lat' dir='ltr'><strong>medetur</strong></span> <span class='ocrx_word' id='word_1_74' title='bbox 530 1018 609 1068; x_wconf 91' lang='lat' dir='ltr'><strong>ustus</strong></span> <span class='ocrx_word' id='word_1_75' title='bbox 634 1017 663 1066; x_wconf 90' lang='lat' dir='ltr'><strong>et</strong></span> <span class='ocrx_word' id='word_1_76' title='bbox 679 1007 824 1066; x_wconf 88' lang='lat' dir='ltr'><strong>ulceribus</strong></span> <span class='ocrx_word' id='word_1_77' title='bbox 840 1011 993 1083; x_wconf 86' lang='lat' dir='ltr'><strong>veteratis,</strong></span> <span class='ocrx_word' id='word_1_78' title='bbox 1013 1007 1084 1068; x_wconf 90' lang='lat' dir='ltr'><strong>folia</strong></span> <span class='ocrx_word' id='word_1_79' title='bbox 1100 1027 1149 1068; x_wconf 87' lang='lat' dir='ltr'><strong>ex-</strong></span> 
     </span>
     <span class='ocr_line' id='line_1_10' title="bbox 156 1092 1152 1171; baseline -0.002 -19"><span class='ocrx_word' id='word_1_80' title='bbox 156 1092 303 1152; x_wconf 88' lang='lat' dir='ltr'><strong>trahendis</strong></span> <span class='ocrx_word' id='word_1_81' title='bbox 323 1111 396 1171; x_wconf 92' lang='lat' dir='ltr'><strong>quae</strong></span> <span class='ocrx_word' id='word_1_82' title='bbox 416 1093 503 1151; x_wconf 85' lang='lat' dir='ltr'><strong>infixa</strong></span> <span class='ocrx_word' id='word_1_83' title='bbox 525 1095 581 1151; x_wconf 87' lang='lat' dir='ltr'><strong>sint</strong></span> <span class='ocrx_word' id='word_1_84' title='bbox 606 1093 723 1169; x_wconf 90' lang='lat' dir='ltr'><strong>corpori</strong></span> <span class='ocrx_word' id='word_1_85' title='bbox 744 1100 774 1150; x_wconf 91' lang='lat' dir='ltr'><strong>et</strong></span> <span class='ocrx_word' id='word_1_86' title='bbox 792 1094 851 1168; x_wconf 84' lang='lat' dir='ltr'><strong>igni</strong></span> <span class='ocrx_word' id='word_1_87' title='bbox 870 1109 966 1151; x_wconf 89' lang='lat' dir='ltr'><strong>sacro.</strong></span> <span class='ocrx_word' id='word_1_88' title='bbox 997 1092 1152 1170; x_wconf 87' lang='lat' dir='ltr'><strong>paniculae</strong></span> 
     </span>
     <span class='ocr_line' id='line_1_11' title="bbox 157 1175 1186 1250; baseline -0.003 -15"><span class='ocrx_word' id='word_1_89' title='bbox 157 1175 210 1236; x_wconf 91' lang='lat' dir='ltr'><strong>llos</strong></span> <span class='ocrx_word' id='word_1_90' title='bbox 227 1177 302 1236; x_wconf 92' lang='lat' dir='ltr'><strong>auris</strong></span> <span class='ocrx_word' id='word_1_91' title='bbox 320 1177 344 1236; x_wconf 88' lang='lat' dir='ltr'><strong>si</strong></span> <span class='ocrx_word' id='word_1_92' title='bbox 366 1177 488 1250; x_wconf 86' lang='lat' dir='ltr'><strong>intravit,</strong></span> <span class='ocrx_word' id='word_1_93' title='bbox 509 1175 655 1234; x_wconf 84' lang='lat' dir='ltr'><strong>exsurdat.</strong></span> <span class='ocrx_word' id='word_1_94' title='bbox 687 1176 810 1250; x_wconf 82' lang='lat' dir='ltr'><strong>saepiae</strong></span> <span class='ocrx_word' id='word_1_95' title='bbox 832 1185 989 1234; x_wconf 89' lang='lat' dir='ltr'><strong>atramento</strong></span> <span class='ocrx_word' id='word_1_96' title='bbox 1007 1185 1083 1234; x_wconf 88' lang='lat' dir='ltr'><strong>tauta</strong></span> <span class='ocrx_word' id='word_1_97' title='bbox 1106 1177 1186 1234; x_wconf 74' lang='lat' dir='ltr'><strong>risio</strong></span> 
     </span>
     <span class='ocr_line' id='line_1_12' title="bbox 157 1258 1152 1337; baseline 0 -19"><span class='ocrx_word' id='word_1_98' title='bbox 157 1269 246 1320; x_wconf 86' lang='lat' dir='ltr'><strong>estut</strong></span> <span class='ocrx_word' id='word_1_99' title='bbox 266 1263 294 1318; x_wconf 91' lang='lat' dir='ltr'><strong>in</strong></span> <span class='ocrx_word' id='word_1_100' title='bbox 310 1261 426 1320; x_wconf 89' lang='lat' dir='ltr'><strong>lucerua</strong></span> <span class='ocrx_word' id='word_1_101' title='bbox 438 1258 533 1318; x_wconf 89' lang='lat' dir='ltr'><strong>addito</strong></span> <span class='ocrx_word' id='word_1_102' title='bbox 542 1258 702 1336; x_wconf 83' lang='lat' dir='ltr'><strong>Aethiopas</strong></span> <span class='ocrx_word' id='word_1_103' title='bbox 715 1258 806 1317; x_wconf 89' lang='lat' dir='ltr'><strong>videri</strong></span> <span class='ocrx_word' id='word_1_104' title='bbox 821 1259 917 1318; x_wconf 89' lang='lat' dir='ltr'><strong>ablato</strong></span> <span class='ocrx_word' id='word_1_105' title='bbox 930 1263 1029 1337; x_wconf 90' lang='lat' dir='ltr'><strong>priore</strong></span> <span class='ocrx_word' id='word_1_106' title='bbox 1045 1259 1152 1318; x_wconf 90' lang='lat' dir='ltr'><strong>lumine</strong></span> 
     </span>
     <span class='ocr_line' id='line_1_13' title="bbox 156 1342 1151 1420; baseline 0 -19"><span class='ocrx_word' id='word_1_107' title='bbox 156 1343 314 1403; x_wconf 80' lang='lat' dir='ltr'><strong>Anaxilaus</strong></span> <span class='ocrx_word' id='word_1_108' title='bbox 327 1342 429 1403; x_wconf 90' lang='lat' dir='ltr'><strong>tradat.</strong></span> <span class='ocrx_word' id='word_1_109' title='bbox 451 1342 565 1402; x_wconf 87' lang='lat' dir='ltr'><strong>Rubeta</strong></span> <span class='ocrx_word' id='word_1_110' title='bbox 581 1352 702 1402; x_wconf 86' lang='lat' dir='ltr'><strong>excocta</strong></span> <span class='ocrx_word' id='word_1_111' title='bbox 716 1359 787 1420; x_wconf 91' lang='lat' dir='ltr'><strong>aqua</strong></span> <span class='ocrx_word' id='word_1_112' title='bbox 805 1345 884 1420; x_wconf 89' lang='lat' dir='ltr'><strong>potui</strong></span> <span class='ocrx_word' id='word_1_113' title='bbox 900 1343 964 1402; x_wconf 87' lang='lat' dir='ltr'><strong>data</strong></span> <span class='ocrx_word' id='word_1_114' title='bbox 981 1361 1061 1401; x_wconf 90' lang='lat' dir='ltr'><strong>suum</strong></span> <span class='ocrx_word' id='word_1_115' title='bbox 1073 1359 1151 1402; x_wconf 89' lang='lat' dir='ltr'><strong>mor·</strong></span> 
     </span>
     <span class='ocr_line' id='line_1_14' title="bbox 156 1426 1151 1504; baseline 0 -18"><span class='ocrx_word' id='word_1_116' title='bbox 156 1428 200 1487; x_wconf 86' lang='lat' dir='ltr'><strong>bis</strong></span> <span class='ocrx_word' id='word_1_117' title='bbox 217 1427 348 1487; x_wconf 87' lang='lat' dir='ltr'><strong>medetur</strong></span> <span class='ocrx_word' id='word_1_118' title='bbox 365 1426 413 1485; x_wconf 85' lang='lat' dir='ltr'><strong>vel</strong></span> <span class='ocrx_word' id='word_1_119' title='bbox 432 1427 635 1504; x_wconf 88' lang='lat' dir='ltr'><strong>cuiuscumque</strong></span> <span class='ocrx_word' id='word_1_120' title='bbox 658 1443 744 1486; x_wconf 91' lang='lat' dir='ltr'><strong>ranae</strong></span> <span class='ocrx_word' id='word_1_121' title='bbox 764 1427 844 1486; x_wconf 90' lang='lat' dir='ltr'><strong>ciuis.</strong></span> <span class='ocrx_word' id='word_1_122' title='bbox 880 1426 1018 1486; x_wconf 87' lang='lat' dir='ltr'><strong>Pulmone</strong></span> <span class='ocrx_word' id='word_1_123' title='bbox 1038 1427 1151 1486; x_wconf 89' lang='lat' dir='ltr'><strong>marino</strong></span> 
     </span>
     <span class='ocr_line' id='line_1_15' title="bbox 156 1508 1151 1588; baseline -0.003 -16"><span class='ocrx_word' id='word_1_124' title='bbox 156 1513 180 1572; x_wconf 89' lang='lat' dir='ltr'><strong>si</strong></span> <span class='ocrx_word' id='word_1_125' title='bbox 204 1511 379 1572; x_wconf 86' lang='lat' dir='ltr'><strong>confricetur</strong></span> <span class='ocrx_word' id='word_1_126' title='bbox 401 1510 524 1588; x_wconf 90' lang='lat' dir='ltr'><strong>lignum,</strong></span> <span class='ocrx_word' id='word_1_127' title='bbox 551 1509 654 1569; x_wconf 89' lang='lat' dir='ltr'><strong>ardere</strong></span> <span class='ocrx_word' id='word_1_128' title='bbox 675 1508 790 1568; x_wconf 85' lang='lat' dir='ltr'><strong>uidetur</strong></span> <span class='ocrx_word' id='word_1_129' title='bbox 812 1511 885 1570; x_wconf 91' lang='lat' dir='ltr'><strong>adeo</strong></span> <span class='ocrx_word' id='word_1_130' title='bbox 909 1519 940 1568; x_wconf 85' lang='lat' dir='ltr'><strong>ut</strong></span> <span class='ocrx_word' id='word_1_131' title='bbox 963 1509 1095 1569; x_wconf 86' lang='lat' dir='ltr'><strong>baculum</strong></span> <span class='ocrx_word' id='word_1_132' title='bbox 1111 1511 1151 1569; x_wconf 91' lang='lat' dir='ltr'><strong>ita</strong></span> 
     </span>
     <span class='ocr_line' id='line_1_16' title="bbox 157 1587 1248 1674; baseline -0.006 -20"><span class='ocrx_word' id='word_1_133' title='bbox 157 1596 334 1674; x_wconf 89' lang='lat' dir='ltr'><strong>praeluceat.</strong></span> <span class='ocrx_word' id='word_1_134' title='bbox 1162 1609 1188 1648; x_wconf 76' lang='lat'><strong>15</strong></span> <span class='ocrx_word' id='word_1_135' title='bbox 1246 1587 1248 1596; x_wconf 91' lang='lat'>&#39;</span> 
     </span>
    </p>

    <p class='ocr_par' dir='ltr' id='par_1_4' title="bbox 114 1674 1248 2089">
     <span class='ocr_line' id='line_1_17' title="bbox 114 1674 1152 1759; baseline -0.007 -17"><span class='ocrx_word' id='word_1_136' title='bbox 114 1689 165 1742; x_wconf 79' lang='lat'><strong>142</strong></span> <span class='ocrx_word' id='word_1_137' title='bbox 225 1681 272 1740; x_wconf 88' lang='lat'><strong>11.</strong></span> <span class='ocrx_word' id='word_1_138' title='bbox 294 1679 377 1759; x_wconf 78' lang='lat'>(53.)</span> <span class='ocrx_word' id='word_1_139' title='bbox 393 1679 522 1738; x_wconf 88' lang='lat' dir='ltr'><strong>Peractis</strong></span> <span class='ocrx_word' id='word_1_140' title='bbox 535 1675 698 1755; x_wconf 88' lang='lat' dir='ltr'><strong>aquatilium</strong></span> <span class='ocrx_word' id='word_1_141' title='bbox 709 1674 823 1735; x_wconf 90' lang='lat' dir='ltr'><strong>dotibus</strong></span> <span class='ocrx_word' id='word_1_142' title='bbox 835 1692 892 1733; x_wconf 91' lang='lat' dir='ltr'><strong>nou</strong></span> <span class='ocrx_word' id='word_1_143' title='bbox 905 1675 1026 1735; x_wconf 89' lang='lat' dir='ltr'><strong>alienum</strong></span> <span class='ocrx_word' id='word_1_144' title='bbox 1037 1675 1152 1735; x_wconf 86' lang='lat' dir='ltr'><strong>videtur</strong></span> 
     </span>
     <span class='ocr_line' id='line_1_18' title="bbox 157 1757 1180 1840; baseline 0 -20"><span class='ocrx_word' id='word_1_145' title='bbox 157 1762 284 1823; x_wconf 89' lang='lat' dir='ltr'><strong>indicare</strong></span> <span class='ocrx_word' id='word_1_146' title='bbox 301 1781 353 1840; x_wconf 92' lang='lat' dir='ltr'><strong>per</strong></span> <span class='ocrx_word' id='word_1_147' title='bbox 370 1771 412 1824; x_wconf 87' lang='lat' dir='ltr'><strong>tot</strong></span> <span class='ocrx_word' id='word_1_148' title='bbox 427 1762 527 1837; x_wconf 90' lang='lat' dir='ltr'><strong>maria,</strong></span> <span class='ocrx_word' id='word_1_149' title='bbox 543 1769 600 1820; x_wconf 91' lang='lat' dir='ltr'><strong>tam</strong></span> <span class='ocrx_word' id='word_1_150' title='bbox 613 1767 695 1818; x_wconf 80' lang='lat' dir='ltr'><strong>uasta</strong></span> <span class='ocrx_word' id='word_1_151' title='bbox 714 1767 742 1818; x_wconf 93' lang='lat' dir='ltr'><strong>et</strong></span> <span class='ocrx_word' id='word_1_152' title='bbox 757 1767 799 1818; x_wconf 86' lang='lat' dir='ltr'><strong>tot</strong></span> <span class='ocrx_word' id='word_1_153' title='bbox 813 1757 927 1817; x_wconf 90' lang='lat' dir='ltr'><strong>milibus</strong></span> <span class='ocrx_word' id='word_1_154' title='bbox 942 1775 1077 1838; x_wconf 86' lang='lat' dir='ltr'><strong>passuum</strong></span> <span class='ocrx_word' id='word_1_155' title='bbox 1093 1767 1152 1818; x_wconf 87' lang='lat' dir='ltr'><strong>ter·</strong></span> <span class='ocrx_word' id='word_1_156' title='bbox 1177 1813 1180 1820; x_wconf 88' lang='lat'><em>.</em></span> 
     </span>
     <span class='ocr_line' id='line_1_19' title="bbox 156 1843 1248 1924; baseline -0.006 -18"><span class='ocrx_word' id='word_1_157' title='bbox 156 1865 207 1906; x_wconf 89' lang='lat' dir='ltr'><strong>rae</strong></span> <span class='ocrx_word' id='word_1_158' title='bbox 221 1847 314 1906; x_wconf 91' lang='lat' dir='ltr'><strong>infusa</strong></span> <span class='ocrx_word' id='word_1_159' title='bbox 334 1855 473 1924; x_wconf 88' lang='lat' dir='ltr'><strong>extraque</strong></span> <span class='ocrx_word' id='word_1_160' title='bbox 492 1843 665 1904; x_wconf 86' lang='lat' dir='ltr'><strong>circumdata</strong></span> <span class='ocrx_word' id='word_1_161' title='bbox 679 1859 811 1902; x_wconf 88' lang='lat' dir='ltr'><strong>mensura</strong></span> <span class='ocrx_word' id='word_1_162' title='bbox 832 1858 925 1922; x_wconf 89' lang='lat' dir='ltr'><strong>paene</strong></span> <span class='ocrx_word' id='word_1_163' title='bbox 939 1843 1028 1920; x_wconf 89' lang='lat' dir='ltr'><strong>ipsius</strong></span> <span class='ocrx_word' id='word_1_164' title='bbox 1043 1843 1152 1918; x_wconf 88' lang='lat' dir='ltr'><strong>muudi,</strong></span> <span class='ocrx_word' id='word_1_165' title='bbox 1246 1859 1248 1866; x_wconf 93' lang='lat'>·</span> 
     </span>
     <span class='ocr_line' id='line_1_20' title="bbox 157 1923 1154 2008; baseline -0.004 -20"><span class='ocrx_word' id='word_1_166' title='bbox 157 1947 231 2008; x_wconf 92' lang='lat' dir='ltr'><strong>quae</strong></span> <span class='ocrx_word' id='word_1_167' title='bbox 263 1929 468 2005; x_wconf 77' lang='lat' dir='ltr'><strong>intellegantur</strong></span> <span class='ocrx_word' id='word_1_168' title='bbox 498 1927 628 1986; x_wconf 88' lang='lat' dir='ltr'><strong>animalia</strong></span> <span class='ocrx_word' id='word_1_169' title='bbox 661 1935 774 1986; x_wconf 87' lang='lat' dir='ltr'><strong>centum</strong></span> <span class='ocrx_word' id='word_1_170' title='bbox 801 1923 988 2004; x_wconf 87' lang='lat' dir='ltr'><strong>quadraginta</strong></span> <span class='ocrx_word' id='word_1_171' title='bbox 1017 1935 1154 2004; x_wconf 91' lang='lat' dir='ltr'><strong>quattuor</strong></span> 
     </span>
     <span class='ocr_line' id='line_1_21' title="bbox 158 2009 1187 2089; baseline 0 -18"><span class='ocrx_word' id='word_1_172' title='bbox 158 2015 271 2072; x_wconf 90' lang='lat' dir='ltr'><strong>omnino</strong></span> <span class='ocrx_word' id='word_1_173' title='bbox 283 2029 423 2088; x_wconf 86' lang='lat' dir='ltr'><strong>generum</strong></span> <span class='ocrx_word' id='word_1_174' title='bbox 435 2028 502 2070; x_wconf 87' lang='lat' dir='ltr'><strong>esse</strong></span> <span class='ocrx_word' id='word_1_175' title='bbox 515 2028 607 2089; x_wconf 89' lang='lat' dir='ltr'><strong>eaque</strong></span> <span class='ocrx_word' id='word_1_176' title='bbox 620 2011 782 2069; x_wconf 90' lang='lat' dir='ltr'><strong>nominatim</strong></span> <span class='ocrx_word' id='word_1_177' title='bbox 795 2010 949 2088; x_wconf 87' lang='lat' dir='ltr'><strong>conplecti,</strong></span> <span class='ocrx_word' id='word_1_178' title='bbox 963 2009 1041 2088; x_wconf 95' lang='lat' dir='ltr'><strong>quod</strong></span> <span class='ocrx_word' id='word_1_179' title='bbox 1053 2011 1082 2068; x_wconf 91' lang='lat' dir='ltr'><strong>in</strong></span> <span class='ocrx_word' id='word_1_180' title='bbox 1094 2018 1187 2071; x_wconf 46' lang='lat' dir='ltr'><strong>ter-‘ro</strong></span> 
     </span>
    </p>

    <p class='ocr_par' dir='ltr' id='par_1_5' title="bbox 115 2093 1152 2172">
     <span class='ocr_line' id='line_1_22' title="bbox 115 2093 1152 2172; baseline -0.007 -13"><span class='ocrx_word' id='word_1_181' title='bbox 115 2104 166 2159; x_wconf 85' lang='grc'><strong>143</strong></span> <span class='ocrx_word' id='word_1_182' title='bbox 178 2094 317 2154; x_wconf 82' lang='lat' dir='ltr'><strong>rostribus</strong></span> <span class='ocrx_word' id='word_1_183' title='bbox 334 2094 560 2172; x_wconf 86' lang='lat' dir='ltr'><strong>volucribusque</strong></span> <span class='ocrx_word' id='word_1_184' title='bbox 577 2095 640 2153; x_wconf 87' lang='lat' dir='ltr'><strong>heri</strong></span> <span class='ocrx_word' id='word_1_185' title='bbox 663 2111 720 2152; x_wconf 90' lang='lat' dir='ltr'><strong>uon</strong></span> <span class='ocrx_word' id='word_1_186' title='bbox 741 2093 811 2171; x_wconf 89' lang='lat' dir='ltr'><strong>quit.</strong></span> <span class='ocrx_word' id='word_1_187' title='bbox 846 2110 941 2170; x_wconf 88' lang='lat' dir='ltr'><strong>neque</strong></span> <span class='ocrx_word' id='word_1_188' title='bbox 962 2095 1037 2152; x_wconf 85' lang='lat' dir='ltr'><strong>enirn</strong></span> <span class='ocrx_word' id='word_1_189' title='bbox 1060 2095 1152 2152; x_wconf 88' lang='lat' dir='ltr'><strong>omnis</strong></span> 
     </span>
    </p>

    <p class='ocr_par' dir='ltr' id='par_1_6' title="bbox 96 2174 1185 2757">
     <span class='ocr_line' id='line_1_23' title="bbox 96 2174 1150 2256; baseline -0.001 -18"><span class='ocrx_word' id='word_1_190' title='bbox 96 2249 98 2256; x_wconf 28' lang='grc' dir='ltr'>Ι</span> <span class='ocrx_word' id='word_1_191' title='bbox 156 2177 492 2256; x_wconf 80' lang='lat' dir='ltr'><strong>ludiaehethiopiaeqne</strong></span> <span class='ocrx_word' id='word_1_192' title='bbox 503 2174 1060 2251; x_wconf 75' lang='lat' dir='ltr'><strong>autScythiaedesertorumvenorimus</strong></span> <span class='ocrx_word' id='word_1_193' title='bbox 1071 2177 1150 2236; x_wconf 90' lang='lat' dir='ltr'><strong>feras</strong></span> 
     </span>
     <span class='ocr_line' id='line_1_24' title="bbox 158 2258 1151 2338; baseline -0.004 -16"><span class='ocrx_word' id='word_1_194' title='bbox 158 2271 203 2322; x_wconf 91' lang='lat' dir='ltr'><strong>aut</strong></span> <span class='ocrx_word' id='word_1_195' title='bbox 218 2262 364 2337; x_wconf 89' lang='lat' dir='ltr'><strong>volucres,</strong></span> <span class='ocrx_word' id='word_1_196' title='bbox 382 2278 444 2321; x_wconf 89' lang='lat' dir='ltr'><strong>cum</strong></span> <span class='ocrx_word' id='word_1_197' title='bbox 460 2261 603 2320; x_wconf 87' lang='lat' dir='ltr'><strong>hominurn</strong></span> <span class='ocrx_word' id='word_1_198' title='bbox 618 2259 745 2337; x_wconf 90' lang='lat' dir='ltr'><strong>ipsorum</strong></span> <span class='ocrx_word' id='word_1_199' title='bbox 759 2259 848 2319; x_wconf 86' lang='lat' dir='ltr'><strong>multo</strong></span> <span class='ocrx_word' id='word_1_200' title='bbox 864 2258 1011 2338; x_wconf 87' lang='lat' dir='ltr'><strong>plurumae</strong></span> <span class='ocrx_word' id='word_1_201' title='bbox 1027 2262 1085 2320; x_wconf 90' lang='lat' dir='ltr'><strong>sint</strong></span> <span class='ocrx_word' id='word_1_202' title='bbox 1101 2260 1151 2320; x_wconf 88' lang='lat' dir='ltr'><strong>dii·</strong></span> 
     </span>
     <span class='ocr_line' id='line_1_25' title="bbox 155 2342 1153 2424; baseline -0.003 -19"><span class='ocrx_word' id='word_1_203' title='bbox 155 2345 312 2422; x_wconf 78' lang='lat' dir='ltr'><strong>forentius,</strong></span> <span class='ocrx_word' id='word_1_204' title='bbox 339 2363 409 2424; x_wconf 90' lang='lat' dir='ltr'><strong>quas</strong></span> <span class='ocrx_word' id='word_1_205' title='bbox 434 2344 563 2403; x_wconf 86' lang='lat' dir='ltr'><strong>iuvenire</strong></span> <span class='ocrx_word' id='word_1_206' title='bbox 588 2344 741 2420; x_wconf 91' lang='lat' dir='ltr'><strong>potuimus.</strong></span> <span class='ocrx_word' id='word_1_207' title='bbox 775 2342 896 2403; x_wconf 90' lang='lat' dir='ltr'><strong>accedat</strong></span> <span class='ocrx_word' id='word_1_208' title='bbox 917 2343 1153 2422; x_wconf 77' lang='lat' dir='ltr'><strong>his&#39;l&#39;aprobaue</strong></span> 
     </span>
     <span class='ocr_line' id='line_1_26' title="bbox 157 2423 1185 2508; baseline -0.002 -19"><span class='ocrx_word' id='word_1_209' title='bbox 157 2429 326 2508; x_wconf 87' lang='lat' dir='ltr'><strong>insulaeque</strong></span> <span class='ocrx_word' id='word_1_210' title='bbox 337 2429 411 2489; x_wconf 87' lang='lat' dir='ltr'><strong>aliae</strong></span> <span class='ocrx_word' id='word_1_211' title='bbox 425 2429 528 2487; x_wconf 89' lang='lat' dir='ltr'><strong>oceani</strong></span> <span class='ocrx_word' id='word_1_212' title='bbox 539 2423 673 2485; x_wconf 89' lang='lat' dir='ltr'><strong>fabulose</strong></span> <span class='ocrx_word' id='word_1_213' title='bbox 686 2435 826 2486; x_wconf 87' lang='lat' dir='ltr'><strong>narratae.</strong></span> <span class='ocrx_word' id='word_1_214' title='bbox 848 2427 983 2505; x_wconf 89' lang='lat' dir='ltr'><strong>profecto</strong></span> <span class='ocrx_word' id='word_1_215' title='bbox 997 2430 1185 2488; x_wconf 72' lang='lat' dir='ltr'><strong>conveniebat</strong></span> 
     </span>
     <span class='ocr_line' id='line_1_27' title="bbox 156 2509 1151 2593; baseline -0.005 -20"><span class='ocrx_word' id='word_1_216' title='bbox 156 2532 213 2573; x_wconf 91' lang='lat' dir='ltr'><strong>uon</strong></span> <span class='ocrx_word' id='word_1_217' title='bbox 231 2531 320 2593; x_wconf 89' lang='lat' dir='ltr'><strong>posse</strong></span> <span class='ocrx_word' id='word_1_218' title='bbox 342 2515 433 2572; x_wconf 91' lang='lat' dir='ltr'><strong>omnia</strong></span> <span class='ocrx_word' id='word_1_219' title='bbox 452 2528 559 2589; x_wconf 89' lang='lat' dir='ltr'><strong>genera</strong></span> <span class='ocrx_word' id='word_1_220' title='bbox 578 2511 607 2568; x_wconf 91' lang='lat' dir='ltr'><strong>in</strong></span> <span class='ocrx_word' id='word_1_221' title='bbox 624 2509 894 2586; x_wconf 89' lang='lat' dir='ltr'><strong>contemplationem</strong></span> <span class='ocrx_word' id='word_1_222' title='bbox 914 2513 1078 2570; x_wconf 85' lang='lat' dir='ltr'><strong>universam</strong></span> <span class='ocrx_word' id='word_1_223' title='bbox 1101 2529 1151 2569; x_wconf 91' lang='lat' dir='ltr'><strong>vo-</strong></span> 
     </span>
     <span class='ocr_line' id='line_1_28' title="bbox 158 2589 1153 2671; baseline -0.005 -14"><span class='ocrx_word' id='word_1_224' title='bbox 158 2600 225 2657; x_wconf 90' lang='lat' dir='ltr'><strong>cari.</strong></span> <span class='ocrx_word' id='word_1_225' title='bbox 263 2607 301 2670; x_wconf 89' lang='lat' dir='ltr'><strong>at,</strong></span> <span class='ocrx_word' id='word_1_226' title='bbox 320 2595 473 2670; x_wconf 89' lang='lat' dir='ltr'><strong>Hercules,</strong></span> <span class='ocrx_word' id='word_1_227' title='bbox 489 2596 519 2654; x_wconf 90' lang='lat' dir='ltr'><strong>iu</strong></span> <span class='ocrx_word' id='word_1_228' title='bbox 539 2603 618 2654; x_wconf 88' lang='lat' dir='ltr'><strong>tauto</strong></span> <span class='ocrx_word' id='word_1_229' title='bbox 633 2595 701 2651; x_wconf 91' lang='lat' dir='ltr'><strong>mari</strong></span> <span class='ocrx_word' id='word_1_230' title='bbox 717 2609 888 2671; x_wconf 85' lang='lat' dir='ltr'><strong>oceanoque</strong></span> <span class='ocrx_word' id='word_1_231' title='bbox 905 2612 979 2671; x_wconf 91' lang='lat' dir='ltr'><strong>quae</strong></span> <span class='ocrx_word' id='word_1_232' title='bbox 995 2589 1153 2654; x_wconf 79' lang='lat' dir='ltr'><strong>nascuntur</strong></span> 
     </span>
     <span class='ocr_line' id='line_1_29' title="bbox 158 2675 1152 2757; baseline -0.003 -18"><span class='ocrx_word' id='word_1_233' title='bbox 158 2690 238 2739; x_wconf 91' lang='lat' dir='ltr'><strong>certa</strong></span> <span class='ocrx_word' id='word_1_234' title='bbox 255 2689 329 2754; x_wconf 86' lang='lat' dir='ltr'><strong>sunt,</strong></span> <span class='ocrx_word' id='word_1_235' title='bbox 345 2679 527 2757; x_wconf 89' lang='lat' dir='ltr'><strong>notioraque,</strong></span> <span class='ocrx_word' id='word_1_236' title='bbox 542 2675 620 2755; x_wconf 90' lang='lat' dir='ltr'><strong>quod</strong></span> <span class='ocrx_word' id='word_1_237' title='bbox 636 2679 778 2750; x_wconf 88' lang='lat' dir='ltr'><strong>miremur,</strong></span> <span class='ocrx_word' id='word_1_238' title='bbox 795 2695 868 2754; x_wconf 89' lang='lat' dir='ltr'><strong>qnae</strong></span> <span class='ocrx_word' id='word_1_239' title='bbox 885 2677 1028 2754; x_wconf 91' lang='lat' dir='ltr'><strong>profundo</strong></span> <span class='ocrx_word' id='word_1_240' title='bbox 1050 2688 1152 2737; x_wconf 87' lang='lat' dir='ltr'><strong>natura</strong></span> 
     </span>
    </p>

    <p class='ocr_par' dir='ltr' id='par_1_7' title="bbox 114 2759 1229 3172">
     <span class='ocr_line' id='line_1_30' title="bbox 114 2759 1150 2837; baseline -0.005 -13"><span class='ocrx_word' id='word_1_241' title='bbox 114 2773 165 2826; x_wconf 85' lang='grc'><strong>144</strong></span> <span class='ocrx_word' id='word_1_242' title='bbox 176 2765 284 2822; x_wconf 87' lang='lat' dir='ltr'><strong>mersit.</strong></span> <span class='ocrx_word' id='word_1_243' title='bbox 305 2763 344 2824; x_wconf 88' lang='lat' dir='ltr'><strong>llt</strong></span> <span class='ocrx_word' id='word_1_244' title='bbox 357 2781 372 2821; x_wconf 93' lang='lat' dir='ltr'><strong>a</strong></span> <span class='ocrx_word' id='word_1_245' title='bbox 385 2761 480 2820; x_wconf 90' lang='lat' dir='ltr'><strong>beluis</strong></span> <span class='ocrx_word' id='word_1_246' title='bbox 492 2760 644 2835; x_wconf 89' lang='lat' dir='ltr'><strong>ordiamur,</strong></span> <span class='ocrx_word' id='word_1_247' title='bbox 656 2759 786 2835; x_wconf 89' lang='lat' dir='ltr'><strong>arbores,</strong></span> <span class='ocrx_word' id='word_1_248' title='bbox 801 2759 985 2837; x_wconf 75' lang='lat' dir='ltr'><strong>physeteres,</strong></span> <span class='ocrx_word' id='word_1_249' title='bbox 997 2761 1150 2836; x_wconf 82' lang='lat' dir='ltr'><strong>balaenae,</strong></span> 
     </span>
     <span class='ocr_line' id='line_1_31' title="bbox 155 2842 1229 2926; baseline -0.005 -21"><span class='ocrx_word' id='word_1_250' title='bbox 155 2848 305 2926; x_wconf 87' lang='lat' dir='ltr'><strong>pistrices,</strong></span> <span class='ocrx_word' id='word_1_251' title='bbox 330 2843 478 2920; x_wconf 82' lang='lat' dir='ltr'><strong>Tritones,</strong></span> <span class='ocrx_word' id='word_1_252' title='bbox 495 2843 648 2919; x_wconf 90' lang='lat' dir='ltr'><strong>Nereides,</strong></span> <span class='ocrx_word' id='word_1_253' title='bbox 665 2842 819 2920; x_wconf 84' lang='lat' dir='ltr'><strong>elephanti,</strong></span> <span class='ocrx_word' id='word_1_254' title='bbox 838 2843 968 2903; x_wconf 90' lang='lat' dir='ltr'><strong>homines</strong></span> <span class='ocrx_word' id='word_1_255' title='bbox 984 2845 1033 2922; x_wconf 91' lang='lat' dir='ltr'><strong>qni</strong></span> <span class='ocrx_word' id='word_1_256' title='bbox 1047 2845 1185 2904; x_wconf 87' lang='lat' dir='ltr'><strong>mariniao</strong></span> <span class='ocrx_word' id='word_1_257' title='bbox 1225 2875 1229 2884; x_wconf 87' lang='lat'>·</span> 
     </span>
     <span class='ocr_line' id='line_1_32' title="bbox 155 2926 1150 3006; baseline -0.002 -18"><span class='ocrx_word' id='word_1_258' title='bbox 155 2938 304 3004; x_wconf 81' lang='lat' dir='ltr'><strong>vocantur,</strong></span> <span class='ocrx_word' id='word_1_259' title='bbox 320 2938 413 3006; x_wconf 89' lang='lat' dir='ltr'><strong>rotae,</strong></span> <span class='ocrx_word' id='word_1_260' title='bbox 431 2945 528 3002; x_wconf 91' lang='lat' dir='ltr'><strong>orcae,</strong></span> <span class='ocrx_word' id='word_1_261' title='bbox 547 2929 661 3001; x_wconf 83' lang='lat' dir='ltr'><strong>arietes,</strong></span> <span class='ocrx_word' id='word_1_262' title='bbox 679 2926 798 2985; x_wconf 87' lang='lat' dir='ltr'><strong>musculi</strong></span> <span class='ocrx_word' id='word_1_263' title='bbox 815 2928 905 2987; x_wconf 82' lang='lat' dir='ltr'><strong>etalii</strong></span> <span class='ocrx_word' id='word_1_264' title='bbox 920 2928 1041 3006; x_wconf 88' lang='lat' dir='ltr'><strong>piscium</strong></span> <span class='ocrx_word' id='word_1_265' title='bbox 1056 2927 1150 2986; x_wconf 85' lang='lat' dir='ltr'><strong>forma</strong></span> 
     </span>
     <span class='ocr_line' id='line_1_33' title="bbox 157 3008 1222 3090; baseline -0.006 -16"><span class='ocrx_word' id='word_1_266' title='bbox 157 3015 281 3090; x_wconf 85' lang='lat' dir='ltr'><strong>arietes,</strong></span> <span class='ocrx_word' id='word_1_267' title='bbox 306 3011 433 3090; x_wconf 93' lang='lat' dir='ltr'><strong>delphini</strong></span> <span class='ocrx_word' id='word_1_268' title='bbox 456 3008 648 3089; x_wconf 88' lang='lat' dir='ltr'><strong>celebresque</strong></span> <span class='ocrx_word' id='word_1_269' title='bbox 664 3008 790 3068; x_wconf 88' lang='lat' dir='ltr'><strong>Homero</strong></span> <span class='ocrx_word' id='word_1_270' title='bbox 808 3009 903 3086; x_wconf 91' lang='lat' dir='ltr'><strong>vituli,</strong></span> <span class='ocrx_word' id='word_1_271' title='bbox 926 3011 1055 3070; x_wconf 82' lang='lat' dir='ltr'><strong>luxuriae</strong></span> <span class='ocrx_word' id='word_1_272' title='bbox 1076 3027 1149 3069; x_wconf 82' lang='lat' dir='ltr'><strong>uero</strong></span> <span class='ocrx_word' id='word_1_273' title='bbox 1219 3011 1222 3018; x_wconf 89' lang='lat'>&#39;</span> 
     </span>
     <span class='ocr_line' id='line_1_34' title="bbox 156 3093 1192 3172; baseline -0.003 -17"><span class='ocrx_word' id='word_1_274' title='bbox 156 3095 315 3156; x_wconf 87' lang='lat' dir='ltr'><strong>testudines</strong></span> <span class='ocrx_word' id='word_1_275' title='bbox 336 3105 364 3154; x_wconf 87' lang='lat' dir='ltr'><strong>et</strong></span> <span class='ocrx_word' id='word_1_276' title='bbox 385 3095 504 3154; x_wconf 91' lang='lat' dir='ltr'><strong>medicis</strong></span> <span class='ocrx_word' id='word_1_277' title='bbox 527 3093 606 3169; x_wconf 86' lang='lat' dir='ltr'><strong>hbri,</strong></span> <span class='ocrx_word' id='word_1_278' title='bbox 629 3106 749 3170; x_wconf 87' lang='lat' dir='ltr'><strong>quorum</strong></span> <span class='ocrx_word' id='word_1_279' title='bbox 772 3095 888 3170; x_wconf 88' lang='lat' dir='ltr'><strong>generis</strong></span> <span class='ocrx_word' id='word_1_280' title='bbox 903 3093 991 3154; x_wconf 88' lang='lat' dir='ltr'><strong>lutras</strong></span> <span class='ocrx_word' id='word_1_281' title='bbox 1007 3111 1148 3172; x_wconf 89' lang='lat' dir='ltr'><strong>nusquam</strong></span> <span class='ocrx_word' id='word_1_282' title='bbox 1186 3126 1192 3136; x_wconf 93' lang='lat'><em>·</em></span> 
     </span>
    </p>

    <p class='ocr_par' dir='ltr' id='par_1_8' title="bbox 113 3175 1245 3589">
     <span class='ocr_line' id='line_1_35' title="bbox 113 3175 1147 3256; baseline -0.006 -14"><span class='ocrx_word' id='word_1_283' title='bbox 113 3189 164 3244; x_wconf 82' lang='lat'><strong>145</strong></span> <span class='ocrx_word' id='word_1_284' title='bbox 176 3182 245 3240; x_wconf 92' lang='lat' dir='ltr'><strong>mari</strong></span> <span class='ocrx_word' id='word_1_285' title='bbox 261 3181 426 3256; x_wconf 87' lang='lat' dir='ltr'><strong>accepimus</strong></span> <span class='ocrx_word' id='word_1_286' title='bbox 444 3179 535 3253; x_wconf 85' lang='lat' dir='ltr'><strong>mergi</strong></span> <span class='ocrx_word' id='word_1_287' title='bbox 553 3184 657 3236; x_wconf 88' lang='lat' dir='ltr'><strong>tautum</strong></span> <span class='ocrx_word' id='word_1_288' title='bbox 673 3177 780 3235; x_wconf 90' lang='lat' dir='ltr'><strong>marina</strong></span> <span class='ocrx_word' id='word_1_289' title='bbox 794 3175 934 3237; x_wconf 88' lang='lat' dir='ltr'><strong>dicentes.</strong></span> <span class='ocrx_word' id='word_1_290' title='bbox 962 3180 1016 3237; x_wconf 91' lang='lat' dir='ltr'><strong>iam</strong></span> <span class='ocrx_word' id='word_1_291' title='bbox 1032 3179 1147 3236; x_wconf 90' lang='lat' dir='ltr'><strong>canicu-</strong></span> 
     </span>
     <span class='ocr_line' id='line_1_36' title="bbox 156 3257 1245 3342; baseline -0.006 -20"><span class='ocrx_word' id='word_1_292' title='bbox 156 3263 255 3337; x_wconf 87' lang='lat' dir='ltr'><strong>culae,</strong></span> <span class='ocrx_word' id='word_1_293' title='bbox 276 3263 425 3338; x_wconf 89' lang='lat' dir='ltr'><strong>driuoues,</strong></span> <span class='ocrx_word' id='word_1_294' title='bbox 443 3270 594 3334; x_wconf 90' lang='lat' dir='ltr'><strong>cornutae,</strong></span> <span class='ocrx_word' id='word_1_295' title='bbox 610 3257 708 3336; x_wconf 87' lang='lat' dir='ltr'><strong>gladii,</strong></span> <span class='ocrx_word' id='word_1_296' title='bbox 725 3270 836 3335; x_wconf 85' lang='lat' dir='ltr'><strong>serrae,</strong></span> <span class='ocrx_word' id='word_1_297' title='bbox 851 3277 1073 3342; x_wconf 85' lang='lat' dir='ltr'><strong>communesque</strong></span> <span class='ocrx_word' id='word_1_298' title='bbox 1088 3269 1184 3320; x_wconf 79' lang='lat' dir='ltr'><strong>ter-sc</strong></span> <span class='ocrx_word' id='word_1_299' title='bbox 1239 3310 1245 3326; x_wconf 85' lang='grc'><strong>,</strong></span> 
     </span>
     <span class='ocr_line' id='line_1_37' title="bbox 155 3341 1147 3424; baseline -0.002 -20"><span class='ocrx_word' id='word_1_300' title='bbox 155 3363 221 3420; x_wconf 90' lang='lat' dir='ltr'><strong>rae,</strong></span> <span class='ocrx_word' id='word_1_301' title='bbox 239 3347 325 3419; x_wconf 86' lang='lat' dir='ltr'><strong>mari,</strong></span> <span class='ocrx_word' id='word_1_302' title='bbox 342 3348 429 3405; x_wconf 88' lang='lat' dir='ltr'><strong>amni:</strong></span> <span class='ocrx_word' id='word_1_303' title='bbox 446 3342 660 3424; x_wconf 86' lang='lat' dir='ltr'><strong>hippopotami,</strong></span> <span class='ocrx_word' id='word_1_304' title='bbox 681 3341 836 3420; x_wconf 86' lang='lat' dir='ltr'><strong>crocodili,</strong></span> <span class='ocrx_word' id='word_1_305' title='bbox 858 3351 887 3404; x_wconf 89' lang='lat' dir='ltr'><strong>et</strong></span> <span class='ocrx_word' id='word_1_306' title='bbox 903 3344 976 3402; x_wconf 87' lang='lat' dir='ltr'><strong>amni</strong></span> <span class='ocrx_word' id='word_1_307' title='bbox 991 3353 1097 3404; x_wconf 89' lang='lat' dir='ltr'><strong>tautum</strong></span> <span class='ocrx_word' id='word_1_308' title='bbox 1112 3361 1147 3402; x_wconf 90' lang='lat' dir='ltr'><strong>ac</strong></span> 
     </span>
     <span class='ocr_line' id='line_1_38' title="bbox 155 3425 1147 3506; baseline 0.001 -21"><span class='ocrx_word' id='word_1_309' title='bbox 155 3429 240 3488; x_wconf 89' lang='lat' dir='ltr'><strong>mari:</strong></span> <span class='ocrx_word' id='word_1_310' title='bbox 263 3429 377 3504; x_wconf 75' lang='lat' dir='ltr'><strong>thynni,</strong></span> <span class='ocrx_word' id='word_1_311' title='bbox 396 3425 562 3504; x_wconf 75' lang='lat' dir='ltr'><strong>thynnides,</strong></span> <span class='ocrx_word' id='word_1_312' title='bbox 578 3425 674 3502; x_wconf 89' lang='lat' dir='ltr'><strong>siluri,</strong></span> <span class='ocrx_word' id='word_1_313' title='bbox 692 3427 830 3502; x_wconf 87' lang='lat' dir='ltr'><strong>coracini,</strong></span> <span class='ocrx_word' id='word_1_314' title='bbox 848 3441 965 3506; x_wconf 84' lang='lat' dir='ltr'><strong>percae,</strong></span> <span class='ocrx_word' id='word_1_315' title='bbox 982 3426 1147 3506; x_wconf 84' lang='lat' dir='ltr'><strong>peculiares</strong></span> 
     </span>
     <span class='ocr_line' id='line_1_39' title="bbox 153 3507 1215 3589; baseline 0.001 -22"><span class='ocrx_word' id='word_1_316' title='bbox 153 3518 247 3568; x_wconf 87' lang='lat' dir='ltr'><strong>autem</strong></span> <span class='ocrx_word' id='word_1_317' title='bbox 261 3512 362 3570; x_wconf 88' lang='lat' dir='ltr'><strong>maris:</strong></span> <span class='ocrx_word' id='word_1_318' title='bbox 380 3511 543 3589; x_wconf 85' lang='lat' dir='ltr'><strong>acipenser,</strong></span> <span class='ocrx_word' id='word_1_319' title='bbox 555 3517 664 3586; x_wconf 87' lang='lat' dir='ltr'><strong>aurata,</strong></span> <span class='ocrx_word' id='word_1_320' title='bbox 680 3507 798 3586; x_wconf 88' lang='lat' dir='ltr'><strong>asellus,</strong></span> <span class='ocrx_word' id='word_1_321' title='bbox 811 3511 946 3588; x_wconf 84' lang='lat' dir='ltr'><strong>acharae,</strong></span> <span class='ocrx_word' id='word_1_322' title='bbox 962 3509 1067 3589; x_wconf 76' lang='lat' dir='ltr'><strong>aphye,</strong></span> <span class='ocrx_word' id='word_1_323' title='bbox 1085 3511 1146 3569; x_wconf 90' lang='lat' dir='ltr'><strong>alo·</strong></span> <span class='ocrx_word' id='word_1_324' title='bbox 1209 3510 1215 3524; x_wconf 90' lang='lat'>&#39;</span> 
     </span>
    </p>
   </div>
   <div class='ocr_carea' id='block_1_3' title="bbox 0 0 1256 3930">
    <p class='ocr_par' dir='ltr' id='par_1_9' title="bbox 0 0 1256 3930">
     <span class='ocr_line' id='line_1_40' title="bbox 0 0 1256 3930; baseline 0 0"><span class='ocrx_word' id='word_1_325' title='bbox 0 0 1256 3930; x_wconf 95' lang='lat' dir='ltr'><strong> </strong></span> 
     </span>
    </p>
   </div>
  </div>
 </body>
</html>
