2508 3924
192 206 251 268 170
523 219 554 268 c.
570 219 666 268 surus
681 218 836 268 sacuam.
854 192 861 277 ζ

145 382 179 439 77
244 370 329 452 (23.)
351 371 421 433 Post
440 373 514 434 haec
533 372 627 434 nullus
648 380 693 432 est
717 373 830 432 modus.
876 365 932 432 ium
960 372 1083 451 primum
1103 369 1183 449 abigi

187 456 343 534 grandines
357 457 543 535 turbinesque
559 465 659 515 contra
674 455 787 532 fulgura
802 457 865 534 ipsa
879 473 978 515 mense
995 455 1115 515 nudato.
1141 458 1184 516 sic

189 539 281 600 averti
301 540 466 601 violentiam
489 540 580 616 caeli,
607 541 635 598 in
664 539 827 616 navigando
855 540 968 618 quidem
989 547 1181 618 tempestates

189 624 273 682 etiam
294 625 354 682 sine
377 626 540 683 menstruis.
571 641 609 682 ex
628 625 700 701 ipsis
720 640 793 682 vero
814 624 971 699 mensibus,
995 623 1179 682 monstrificis

164 705 218 791 hg?
231 706 317 783 alias,
341 709 380 766 uti
395 725 448 766 sno
464 708 531 768 loco
549 706 750 780 indicavimus,
774 706 834 765 dira
851 715 880 765 et
895 707 1011 765 infanda
1025 707 1201 766 vaticinans

188 800 244 864 tur,
261 807 278 848 e
293 790 394 868 quibus
409 790 517 850 dixisse
531 807 588 851 non
604 789 721 866 pudeat,
736 792 759 848 si
776 791 805 848 in
822 790 955 849 delectus
970 790 1057 848 lunae
1073 789 1179 848 solisve
1234 827 1237 832 -

189 882 330 949 congruat
345 876 389 933 vis
404 874 468 951 illa,
487 872 733 933 inremediabilem
747 874 825 950 lieri,
845 891 903 932 non
920 874 1042 948 segnius
1058 882 1090 931 et
1105 872 1135 930 in
1147 873 1181 930 si·

188 957 267 1016 lente
283 956 362 1033 luna,
380 958 530 1036 coitusque
545 966 603 1016 brun
623 956 748 1016 maribus
764 956 888 1016 exitialis
904 974 970 1015 esse
987 965 1077 1033 atque
1093 955 1182 1033 pesti·

147 1049 182 1106 78
193 1040 282 1100 leros.
307 1058 460 1118 purpuram
476 1058 593 1118 quoqne
605 1058 641 1100 eo
659 1049 791 1118 tempore
806 1040 841 1099 ab
857 1039 900 1100 his
912 1039 1013 1118 pollui,
1028 1048 1110 1098 tanto
1128 1039 1183 1097 vin

189 1141 257 1184 esse
271 1124 417 1183 maiorem.
455 1141 635 1203 quocumque
651 1133 744 1184 autem
764 1123 821 1182 alio
842 1132 987 1182 menstruo
1010 1124 1035 1181 si
1060 1121 1181 1182 nudatae
1190 1143 1213 1183 ro

190 1217 321 1282 segetem
342 1207 481 1284 ambiant,
509 1225 613 1267 urucas
634 1225 669 1266 ac
692 1200 865 1266 vermiculos
885 1206 1127 1285 scarabaeosque
1151 1221 1183 1264 ac

189 1290 275 1351 noxia
287 1290 342 1350 alia
360 1290 505 1350 decidere.
536 1290 719 1351 Metrodorus
736 1291 875 1368 Scepsius
891 1291 920 1348 in
934 1288 1128 1368 Cappadocia
1143 1291 1181 1348 iu·

189 1381 304 1434 rentum
325 1373 421 1452 prodit
441 1374 479 1433 ob
500 1375 706 1434 multitudinem
729 1373 945 1449 cantharidum,
973 1375 1017 1432 ire
1036 1389 1113 1448 ergo
1131 1389 1182 1451 per

188 1455 281 1516 media
305 1475 373 1517 arva
387 1458 505 1518 reiectis
521 1475 608 1536 super
630 1459 723 1518 clunis
743 1457 883 1517 restibus.
912 1456 981 1516 alibi
997 1465 1135 1516 servatur
1154 1463 1181 1514 ut

189 1540 271 1600 nudis
293 1540 415 1618 pedibas
437 1551 503 1600 eant
528 1541 634 1619 capillo
661 1543 813 1619 cinctuque
836 1541 985 1601 dissoluto.
1018 1540 1210 1599 cavendumrs

188 1642 226 1682 ne
242 1623 271 1682 id
287 1625 398 1683 oriente
414 1626 478 1684 sole
493 1625 612 1702 iaciant,
625 1626 778 1684 sementim
793 1625 867 1684 eninr
882 1641 1030 1700 arescere,
1046 1625 1119 1682 item
1133 1639 1180 1681 no·

189 1707 283 1766 vellas
298 1708 364 1766 vitis
379 1709 440 1768 eins
455 1710 572 1768 tantuin
588 1718 758 1786 perpetuum
773 1709 859 1784 laedi,
873 1717 931 1767 turn
945 1717 1037 1767 rutam
1049 1716 1080 1766 et
1093 1705 1181 1766 hede-

189 1806 250 1850 ram
263 1809 311 1850 res
325 1790 559 1852 medicatissimas
573 1793 640 1851 ilico
654 1794 736 1852 mori.
755 1792 843 1852 blulta
858 1790 979 1851 diximus
993 1791 1029 1850 de
1045 1789 1104 1849 hac
1119 1792 1180 1848 rio·

167 1874 290 1948 olentia,
306 1873 358 1933 sed
375 1884 492 1953 praeter
506 1874 555 1936 illa
573 1884 681 1935 certum
698 1886 743 1936 est
757 1877 819 1954 apis
834 1875 1050 1935 tactis'alvariis
1066 1874 1182 1950 fugere,

190 1955 264 2032 lina,
281 1975 344 2016 cum
361 1968 534 2036 coquantur,
551 1960 735 2036 nigrescere,
758 1961 850 2020 aciem
869 1961 897 2018 in
918 1958 1016 2019 cultris
1031 1966 1214 2018 tonsorum»

130 2013 164 2102 ⁶9
189 2039 331 2115 hebetari,
348 2059 398 2100 aes
414 2050 547 2102 contactu
559 2059 651 2118 grave
671 2044 749 2103 virus
772 2043 871 2103 odoris
888 2043 1024 2121 accipere
1047 2050 1077 2100 et
1100 2057 1182 2100 aeru-

189 2124 296 2200 ginem,
315 2124 407 2201 magis
421 2125 445 2184 si
461 2125 667 2186 descrescente
682 2126 749 2186 luna
766 2126 794 2186 id
809 2126 936 2201 accidat,
955 2143 1064 2203 equas,
1082 2125 1112 2182 si
1128 2124 1184 2184 sint

189 2206 337 2284 gravidae,
350 2216 441 2267 tactas
449 2209 578 2270 abortum
592 2211 660 2287 pati,
676 2211 742 2287 quin
751 2219 779 2270 et
791 2209 930 2288 adspectu
942 2209 1071 2284 omnino,
1086 2225 1181 2285 quam·

189 2292 234 2374 vis
248 2291 351 2368 procul
368 2293 461 2375 visas,
476 2294 501 2352 si
517 2294 649 2370 purgatio
669 2293 718 2353 illa
735 2302 803 2372 post
821 2295 1012 2370 virginitatem
1035 2294 1130 2370 prima
1148 2291 1182 2350 sit

147 2384 241 2438 soant
255 2376 283 2434 in
297 2377 409 2450 virgine
426 2377 528 2434 aetatis
540 2386 654 2455 sponte.
676 2395 740 2436 uam
751 2377 876 2448 bitumen
892 2378 920 2435 in
934 2375 1040 2435 ludaea
1057 2391 1209 2436 nascensas

165 2478 183 2518 r,
197 2477 221 2512 es
238 2458 300 2517 sola
320 2457 374 2518 hac
394 2459 423 2516 vi
444 2462 573 2537 superari
596 2460 645 2520 filo
664 2463 755 2520 vestis
776 2469 926 2520 contactae
949 2459 1114 2518 docuimus.
1148 2475 1179 2516 ne

188 2542 249 2617 igni
265 2541 378 2619 quidem
393 2543 514 2602 vincitur
528 2560 585 2621 qno
601 2552 719 2620 cuncta,
743 2545 873 2620 cinisque
891 2545 975 2602 etiam
992 2541 1061 2618 ille,
1077 2542 1104 2600 si
1122 2541 1181 2619 quis

189 2624 347 2703 adspergat
359 2625 487 2686 lavandis
499 2627 637 2702 vestibus,
652 2645 794 2707 purpuras
804 2635 901 2701 mutat,
918 2627 1019 2686 llorem
1032 2625 1181 2684 coloribus

189 2708 296 2769 adimit.
319 2728 355 2769 ne
372 2710 443 2787 ipsis
459 2709 571 2788 quidem
587 2711 699 2770 leminis
716 2710 791 2770 malo
809 2727 861 2768 suo
875 2712 950 2769 inter
971 2727 1004 2772 se
1019 2708 1182 2768 inmunibus

189 2791 307 2851 abortus
322 2793 391 2852 lacit
411 2793 507 2869 inlitu,
530 2802 577 2852 aut
599 2795 624 2853 si
639 2794 753 2853 omnino
768 2811 911 2871 praegnas
932 2793 1210 2869 supergradiatur.ao

147 2882 181 2937 81
194 2891 269 2953 qnae
286 2875 351 2934 Lais
368 2885 397 2934 et
411 2875 581 2955 Elephantis
601 2879 676 2936 inter
693 2895 726 2936 se
743 2879 886 2935 contraria
902 2874 1061 2954 prodidere
1078 2875 1116 2934 de
1136 2873 1179 2934 ab

124 2966 127 2979 ¹
190 2960 299 3034 ortivis,
317 2959 443 3019 carbone
464 2979 479 3019 e
495 2959 592 3035 radice
607 2959 756 3020 brassicae
768 2961 817 3019 vel
831 2963 913 3034 myrti
929 2959 976 3018 vel
992 2960 1141 3018 tamaricis
1154 2959 1181 3015 in

190 3058 226 3101 eo
243 3043 381 3118 sangnine
396 3045 555 3118 exstincto,
579 3046 705 3122 itemque
728 3045 822 3103 asinas
844 3052 886 3103 tot
908 3044 989 3102 annis
1009 3059 1070 3102 non
1086 3042 1180 3101 conei-

190 3142 263 3204 pere
278 3133 348 3202 quot
368 3143 458 3202 grana
480 3126 581 3186 hordei
598 3136 729 3187 contacta
750 3127 872 3203 ederint,
891 3143 1023 3204 quaeque
1041 3125 1099 3185 alia
1115 3141 1179 3183 nun·

191 3226 337 3286 anparere
359 3211 535 3268 monstrifica
554 3218 602 3269 aut
623 3211 698 3269 inter
718 3212 797 3288 ipsas
818 3211 988 3289 pugnantia,
1020 3227 1086 3267 enm
1110 3209 1210 3267 haecas

189 3291 394 3351 fecunditatem
411 3293 473 3350 lieri
488 3294 590 3352 iisdem
610 3293 701 3352 modis
719 3292 821 3372 quibus
836 3293 1014 3353 sterilitatem
1033 3291 1083 3350 illa
1099 3307 1181 3368 prae·

147 3383 182 3439 82
193 3375 343 3450 nuntiaret,
362 3375 462 3434 melius
479 3384 592 3437 estnon
607 3376 738 3436 credere.
768 3377 866 3438 Bithns
882 3375 1079 3436 Durrachinus
1093 3373 1180 3432 hehe

190 3464 248 3515 tata
263 3455 402 3534 adspectu
423 3458 542 3536 specula
561 3461 695 3539 recipere
710 3461 831 3521 nitorem
854 3459 940 3520 tradit
955 3457 1058 3518 iisdem
1078 3472 1180 3518 aversa

253 3702 411 3764 ..V
