2396 3922
288 240 371 302 'uam
386 251 478 302 mss.
493 223 605 301 xxvul
621 250 647 306 7.
662 252 689 306 o.
710 245 858 313 (su-ao)
1002 245 1061 306 139
1131 243 1134 250 '

57 415 151 484 cant,
177 406 296 468 herbam
312 407 478 467 fruticosam
497 405 644 484 angulosis
665 407 794 470 caulibus
815 411 922 488 nigris,
947 410 1063 471 hirsutis

56 491 149 551 foliis
168 491 369 568 vestientibus,
385 491 542 551 maioribus
559 507 642 568 quam
655 493 735 568 pomi
751 503 779 554 et
794 493 980 572 nigrioribus,
997 513 1063 572 gra·

58 574 266 635 veolentibus.
293 577 337 634 vis
353 576 414 634 eius
429 575 535 634 eliucax
551 573 689 633 adversus
706 579 785 636 canis
806 595 919 637 morsus
941 597 978 638 ex
1001 578 1063 640 sale

57 659 147 718 loliis
163 660 237 718 tritis
259 660 418 738 inpositae,
439 659 506 718 item
526 657 560 718 ad
579 656 779 733 condylomata
801 661 893 720 coctis
914 663 1013 722 cinere
1036 665 1064 720 in

1 741 140 806 siolio
161 741 262 803 oleris.
294 751 400 820 purgat
415 750 445 801 et
458 741 574 801 sordida
588 743 687 802 ulcera
703 762 766 802 cum
781 745 878 804 melle.

131 827 219 904 (31.)
246 825 350 901 Botrys
369 826 506 886 fruticosa
522 824 612 884 herba
633 834 678 885 cst
699 827 784 887 luteis
806 828 932 888 ramulis.
961 843 1105 893 sementa

1 915 2 924 ’
61 911 150 970 circa
168 918 246 969 totos
260 911 403 985 nascitur
418 909 488 968 lolia
507 909 637 969 cichorio
652 909 764 972 similia
798 913 940 971 invenitur
961 912 990 970 in
1005 922 1064 972 tor·

57 997 191 1054 rentium
214 995 302 1072 ripis,
329 993 458 1052 medetur
477 992 684 1071 orthopnoicis.
718 994 775 1054 hoc
794 993 985 1076 Cappadoces
1008 1015 1064 1094 anu·

59 1078 196 1138 broslam
214 1086 329 1152 vocant,
346 1076 394 1136 alii
410 1077 600 1137 Artemisiam

26 1181 51 1221 rc
131 1161 219 1254 (32)
242 1161 366 1236 Brabyla
387 1160 530 1240 spissandi
555 1161 611 1219 vim
631 1160 720 1222 habet
740 1163 857 1222 cotonei
880 1162 947 1222 mali
967 1163 1064 1240 modo,

59 1264 123 1306 nec
138 1239 263 1324 am'plius
280 1244 316 1304 de
332 1263 366 1304 ea
380 1244 493 1303 trudunt
511 1253 657 1303 auctores.

131 1329 218 1408 (33.)
236 1328 333 1403 Bryon
346 1329 482 1387 marinum
495 1327 627 1388 herba
602 1346 665 1387 arne
681 1327 856 1389 dubitatione
871 1337 915 1390 est
933 1329 1065 1390 lactucae
1074 1340 1118 1394 56*

1 1412 148 1474 foliis
166 1412 282 1488 similis,
305 1429 413 1489 rugosa
431 1411 510 1471 velut
528 1419 692 1488 contracta,
719 1414 781 1472 siue
798 1414 879 1473 caule
895 1413 931 1473 ab
951 1432 1004 1474 una
1021 1431 1064 1472 ra-

0 1511 5 1528 *
61 1499 134 1558 dice
151 1495 324 1556 exeuntibus
339 1495 426 1555 loliis.
448 1497 576 1554 nuscitur
592 1495 619 1553 iu
632 1497 761 1575 scopulis
775 1515 906 1557 maxume
924 1499 1066 1576 testisque

4 1581 52 1641 ³1⁵
61 1591 147 1641 terra
172 1579 391 1658 conprehensis.
422 1581 581 1658 praecipua
605 1579 733 1639 siccandi
754 1580 956 1659 spissandique
974 1583 1019 1640 xis
1040 1583 1067 1640 ei

7 1679 11 1703 ²
63 1673 97 1724 et
111 1663 308 1724 collectiones
321 1663 615 1741 inflammationesque
630 1664 721 1723 omnis
733 1663 890 1740 inhibendi,
907 1665 1066 1744 praecipue

67 1748 227 1827 podagrae
242 1755 272 1806 et
286 1745 421 1826 quidquid
435 1745 613 1823 refrigerare
628 1763 702 1824 opus
718 1749 763 1811 sit.

1 1839 2 1846 ’
132 1831 219 1910 (34.)
242 1830 378 1908 bupleuri
399 1848 498 1890 semen
519 1830 554 1889 ad
575 1831 649 1889 ictus
670 1831 846 1908 serpentium
869 1831 930 1892 dari
945 1833 1063 1910 reperio
1075 1839 1107 1895 57

63 1916 225 1993 foverique
249 1915 351 1996 plagas
373 1914 496 1974 decocta
517 1931 551 1973 ea
574 1912 664 1974 herba
685 1914 805 1974 adiectis
827 1915 906 1974 loliis
926 1916 999 1976 mori
1020 1924 1067 1974 aut
1125 1921 1146 1960 1

1 2023 9 2046 a
29 2001 114 2058 acori
138 1999 197 2057 ani.

1 2093 7 2167 t
116 2017 219 2160 g(35.)
242 2079 425 2141 Gatanancen
441 2080 610 2145 Thessalam
629 2080 748 2141 herbam
770 2081 863 2160 qualis
884 2084 921 2142 sit
942 2081 1068 2142 describi

65 2186 84 2227 a
100 2165 189 2226 uobis
206 2182 415 2244 supervacuum
433 2174 489 2241 est,
506 2183 569 2224 cuna
585 2165 622 2225 sit
640 2183 709 2224 usus
725 2165 786 2224 eius
802 2165 838 2225 ad
854 2168 992 2228 amatoria
1008 2175 1066 2225 tau-

2 2258 8 2298 t
65 2260 140 2310 tnm.
169 2248 239 2309 illud
255 2266 312 2308 nou
328 2247 364 2308 ab
380 2267 412 2308 re
429 2258 473 2308 est
485 2248 593 2308 dixisse
605 2248 640 2308 ad
658 2248 836 2326 detegendas
848 2251 976 2327 magicas
990 2251 1067 2308 vani·

4 2345 8 2383 t
66 2343 163 2410 tates,
187 2332 309 2392 electam
325 2331 360 2392 ad
376 2332 451 2391 huuc
466 2350 547 2391 usum
571 2335 755 2407 coniectura,
778 2335 910 2409 quoniam
931 2351 1068 2393 arescens

1 2429 7 2468 t
29 2440 56 2479 as
70 2415 259 2478 contraheret
276 2434 307 2474 se
325 2415 360 2476 ad
376 2417 505 2493 speciem
522 2417 655 2492 unguium
670 2415 749 2475 milvi
766 2418 928 2476 exanimati.
959 2415 1068 2477 Eadem

5 2514 8 2528 ¹
68 2519 109 2561 ex
126 2518 214 2564 causa
228 2508 257 2560 et
272 2516 370 2558 cemos
386 2499 517 2558 silebitur
531 2517 547 2558 a
565 2497 659 2558 nobis.

3 2597 8 2636 t
132 2585 219 2664 (36.)
242 2582 334 2657 Galyx
350 2583 469 2642 duorum
485 2599 624 2658 generum
639 2591 692 2642 est.
722 2600 777 2642 una
794 2580 892 2641 similis
906 2598 956 2642 aro
971 2582 1064 2641 nasci·
1076 2593 1110 2646 58

1 2684 5 2722 t
66 2677 116 2728 tnr
134 2666 370 2744 lucrationibus,
392 2666 539 2744 colligitur
556 2675 708 2743 antequam
728 2667 889 2741 inarescat,
911 2683 980 2724 usus
1003 2683 1067 2724 eoa

1 2768 6 2806 t
68 2752 136 2812 dem
151 2751 252 2811 hahet
271 2766 344 2830 quos
366 2751 516 2810 enisurus·
547 2749 653 2810 bibitur
679 2766 795 2828 quoque
818 2748 901 2808 radix
926 2748 1009 2808 huius
1033 2749 1070 2809 ad

33 2855 59 2896 no
72 2834 280 2895 exinaniendas
301 2835 383 2894 alvos
406 2851 579 2910 mensesque
604 2833 768 2909 mulierum,
796 2832 864 2891 item
886 2832 986 2892 caules
1007 2851 1070 2892 cum

3 2937 4 2972 t
67 2919 152 2979 foliis
172 2920 201 2978 iu
222 2917 414 2995 leguminibus
436 2919 551 2978 decocti
577 2926 677 2978 sanant
697 2925 856 2976 tenesmon.
890 2915 973 2995 (37.)
997 2917 1112 2982 alte-59
1188 2923 1189 2928 ’

3 3019 4 3040 ³
69 3021 134 3062 rum
149 3020 243 3079 genus
258 3004 320 3061 eius
338 3001 450 3081 quidam
462 3001 616 3062 anchusam
628 3008 744 3076 vocant,
760 2999 808 3060 alii
825 2999 1005 3062 rhinocliam.
1026 3000 1068 3060 lo·

71 3087 112 3147 lia
127 3087 259 3146 lactucae
277 3086 420 3162 longiora,
436 3085 579 3162 plumosa,
594 3084 692 3144 radice
707 3083 813 3160 rubra,
835 3102 909 3163 quae
929 3085 1005 3160 ignis
1024 3103 1068 3143 sa·

72 3187 142 3230 cros
160 3187 225 3228 cum
243 3169 317 3228 dore
333 3169 468 3248 polentae
483 3179 564 3229 sanat
577 3170 719 3249 inposita,
739 3167 877 3228 iocineris
893 3175 987 3226 autem
1000 3167 1069 3227 vitia

37 3255 101 3314 asin
117 3253 187 3313 vino
202 3251 270 3312 albo
286 3262 364 3332 pota

138 3337 222 3416 (38.)
247 3335 368 3396 Circaea
383 3336 504 3412 trychno
518 3337 609 3396 sativo
626 3334 726 3395 similis
741 3343 803 3411 est,
824 3334 898 3393 dore
914 3335 998 3410 nigro
1014 3351 1066 3411 pu·
1078 3344 1112 3399 60

74 3421 160 3496 sillo,
177 3436 268 3500 parvo
285 3421 393 3479 semine
416 3420 474 3480 mili
497 3428 636 3480 nascente
657 3420 685 3478 iu
708 3380 877 3497 quibusdam
902 3417 1068 3492 corniculis,

74 3502 175 3564 radice
191 3504 371 3584 semipedali,
385 3502 490 3582 triplici
507 3503 571 3564 iere
584 3512 632 3562 aut
647 3501 835 3582 quadruplici,
850 3501 925 3579 alba,
938 3501 1057 3561 odorata
