2406 3914
140 231 202 294 294
453 239 483 289 c.
499 240 596 288 surm
613 239 764 288 succum

138 397 267 459 herbarii
283 394 492 474 elelisphacum
507 394 635 471 Graece,
657 393 777 454 salviam
794 393 893 454 Latine
907 402 1016 454 vocant
1030 405 1140 457 mentae

139 482 277 558 similem,
296 498 410 555 canam,
426 480 586 540 odoratam.
618 486 717 557 partus
733 487 880 538 emortuos
895 495 931 538 ea
946 479 1081 558 adposita
1094 498 1142 540 ex·

139 568 272 640 trahunt,
286 567 354 624 item
371 565 479 624 vermis
492 563 621 622 ulcerum
635 563 812 641 auriumque.

100 660 148 715 148
203 650 288 729 (72.)
313 647 400 709 Cicer
421 656 451 706 et
473 647 608 707 silvestre
629 655 690 722 est,
711 647 790 707 loliis
810 647 921 724 simile,
943 647 1037 708 odore
1053 649 1143 724 gravi.

139 737 163 796 si
183 734 292 812 largius
313 740 454 807 sumatur,
481 731 564 792 alvos
588 731 710 791 solvitur
732 740 762 790 et
785 731 893 792 indatio
915 730 1097 792 contrahitur
1116 738 1164 791 ets

138 820 269 879 tormina.
321 824 427 877 tostum
455 814 599 875 salubrius
626 814 757 875 habetur.
807 813 962 876 cicercula
994 817 1146 875 etiamnum

138 904 229 980 magis
246 904 275 960 in
290 901 357 962 aluo
372 900 496 978 proficit.
527 899 618 960 larina
633 901 781 976 utriusque
796 901 897 960 ulcera
911 901 1055 960 manantia
1070 901 1147 978 capi-

139 989 175 1048 tis
196 993 293 1060 sanat,
321 983 470 1044 efficacius
492 983 653 1059 silvestris,
674 985 742 1043 item
763 985 914 1044 comitialis
936 993 967 1044 et
987 984 1148 1044 iocinerum

139 1081 268 1132 tumores
289 1078 319 1129 et
339 1069 517 1146 serpentium
537 1069 621 1128 ictus.
652 1069 709 1127 ciet
729 1087 844 1128 menses
866 1077 896 1127 et
914 1070 1029 1144 amnas,
1055 1083 1148 1145 grano

98 1165 147 1220 149
158 1171 299 1216 maxume.
337 1150 470 1213 emendat
496 1161 525 1212 et
553 1151 683 1212 lichenas
707 1161 738 1212 et
761 1153 876 1212 testium
897 1151 1149 1227 inflammationes,

138 1241 249 1315 regium
277 1236 422 1313 morbum,
449 1235 638 1314 hydropicos.
685 1236 804 1296 laedunt
826 1237 920 1296 omnia
941 1237 1016 1296 haec
1038 1253 1151 1312 genera
1192 1287 1193 1298 ,

140 1322 336 1383 exulceratam
351 1321 479 1380 vesicam
494 1329 524 1379 et
537 1323 627 1380 renis.
656 1321 831 1398 gangraenis
849 1320 964 1381 utiliora
981 1337 1045 1380 cum
1060 1319 1152 1379 melle

140 1415 168 1469 et
186 1405 231 1466 his
253 1423 328 1486 quae
344 1404 485 1466 cacoethe
502 1413 653 1464 vocantur.
698 1423 884 1465 verrucarum
897 1405 926 1463 in
941 1406 1019 1464 omni
1035 1421 1152 1480 genere

140 1493 230 1570 prima
246 1492 312 1551 luna
333 1488 455 1566 singulis
473 1490 572 1566 grauis
593 1488 723 1566 singulas
738 1497 871 1566 tangunt,
895 1505 988 1566 eaque
1007 1506 1104 1564 grana
1125 1489 1152 1546 in
1192 1525 1193 1532 1

139 1575 260 1636 linteolo
279 1573 405 1652 deligata
423 1583 490 1650 post
507 1591 540 1632 se
561 1571 704 1650 abiciunt,
723 1573 762 1632 ita
780 1573 876 1650 iugari
889 1573 990 1631 vitium
1006 1571 1152 1632 arbitram
1191 1639 1193 1645 Α

100 1672 149 1724 150
160 1669 215 1720 tes.
252 1659 344 1718 nostri
364 1659 545 1736 praecipiunt
567 1657 716 1716 arietinum
737 1657 766 1716 in
786 1675 860 1734 aqua
881 1675 944 1715 oum
966 1655 1029 1715 sale
1053 1656 1153 1716 disco·
1191 1693 1193 1700 ,

141 1761 247 1822 quere,
272 1761 309 1801 ex
330 1757 366 1802 eo
382 1740 484 1801 hibere
500 1740 622 1816 cyathos
645 1741 729 1801 binos
749 1743 778 1800 in
799 1738 1016 1800 difficultatibus
1037 1741 1153 1800 urinae.

141 1829 183 1886 sic
200 1836 229 1886 et
244 1825 375 1886 calculos
389 1824 472 1902 pellit
487 1824 678 1904 morbumque
691 1827 812 1902 regium.
846 1825 974 1884 eiusdem
991 1823 1073 1883 loliis
1092 1841 1155 1882 sar·
1191 1863 1193 1868 η

139 1911 301 1987 mentisque
315 1909 446 1968 decoctis
460 1927 533 1988 aqua
552 1925 636 1989 quam
652 1926 783 1968 maxume
797 1908 891 1969 calida
905 1907 1026 1968 morbos
1044 1908 1156 1986 pedum

141 1994 226 2068 lenit,
243 2001 272 2051 et
289 1993 381 2069 ipsum
399 1992 522 2052 calidum
536 1996 689 2071 tritumque
704 1993 822 2053 inlitum.
856 1991 1013 2051 columbini
1033 1992 1157 2052 decocti
1192 2063 1193 2068 γ

142 2094 216 2154 aqua
244 2075 396 2134 horrorem
427 2078 568 2136 tertianae
598 2085 628 2137 et
656 2087 811 2156 quartanae
844 2077 973 2135 minuere
1011 2075 1155 2136 creditur.

140 2161 251 2236 nigrum
272 2167 366 2218 autem
388 2177 451 2218 cum
475 2161 571 2236 gallae
595 2160 710 2220 dimidio
727 2162 821 2220 tritum
837 2159 987 2220 oculorum
1000 2159 1157 2219 ulceribus

141 2261 178 2302 ex
192 2259 279 2321 passo
294 2243 434 2302 medetur.

103 2339 148 2390 151
204 2326 287 2405 (73.)
310 2325 355 2385 De
380 2345 451 2387 ervo
472 2327 613 2405 quasdam
634 2329 662 2385 in
681 2329 828 2386 mentione
847 2328 910 2388 eius
930 2326 1073 2402 diximus,
1098 2344 1157 2386 nec
1192 2305 1193 2310 ἵ

100 2411 128 2451 ¹⁸·
141 2409 176 2444 ¹³⁹
186 2412 345 2488 potentiam
368 2411 395 2470 ei
417 2411 556 2470 minorem
577 2418 697 2470 veteres
724 2427 808 2488 quam
834 2409 983 2471 brassicae
1007 2409 1157 2486 tribuere,

142 2504 242 2554 contra
263 2495 442 2573 serpentium
470 2497 544 2554 ictus
566 2511 604 2553 ex
625 2502 728 2571 aceto,
755 2495 791 2554 ad
819 2494 1037 2554 crocodilorum
1061 2493 1159 2555 homi·

140 2596 265 2657 numque
279 2596 414 2639 morsum.
448 2577 473 2636 si
493 2579 557 2657 quis
574 2595 674 2637 ervom
691 2578 797 2638 cotidie
813 2579 923 2638 ieiunus
945 2577 1022 2654 edit,
1046 2578 1175 2638 lienem.

141 2663 202 2722 eius
219 2662 329 2723 absumi
347 2663 500 2722 certissimi
514 2670 652 2721 auctores
667 2662 824 2723 adfirmant.
862 2663 952 2723 farina
969 2663 1035 2721 eius
1052 2680 1160 2738 varos,

141 2746 193 2806 sed
211 2755 239 2806 et
252 2747 379 2807 maculas
397 2747 470 2806 cutis
484 2755 546 2806 toto
564 2763 691 2826 corpore
708 2745 850 2806 emendat.
889 2763 1013 2824 serpere
1027 2746 1160 2806 volnera

100 2838 150 2890 152
160 2847 219 2889 non
234 2831 357 2907 patitur,
376 2831 404 2889 in
420 2831 547 2891 mammis
561 2830 804 2891 efficacissimum.
835 2829 1030 2890 carbunculos
1046 2832 1169 2909 rumpit

141 2930 179 2971 ea
200 2913 275 2971 vino.
320 2915 420 2974 urinae
445 2913 646 2990 dildcultates,
674 2915 865 2991 inflationem,
903 2915 973 2974 vitia
999 2914 1159 2988 iocineris,

140 3005 292 3055 tenesmon
318 3006 348 3056 et
369 3015 443 3076 quae
467 2997 561 3058 cibum
589 3015 648 3058 non
677 3001 816 3074 sentiant,
845 2997 966 3076 atropha
989 2997 1160 3076 appellata,

140 3087 245 3138 tostum
269 3081 345 3159 etin
366 3084 448 3142 nucis
471 3082 623 3143 abellanae
647 3083 870 3160 magnitudinem
886 3081 975 3141 melle
992 3081 1160 3142 collectum

142 3164 371 3242 devoratumque
388 3165 523 3243 corrigit,
545 3168 613 3226 item
627 3167 812 3246 impetigines
828 3184 866 3225 ex
881 3173 967 3226 aceto
983 3174 1109 3225 coctum
1130 3175 1161 3226 et

142 3255 245 3325 quarto
268 3247 314 3307 dic
339 3248 474 3309 solutum.
519 3252 662 3329 patrosin
688 3251 777 3311 melle
803 3251 957 3330 inpositam
983 3265 1158 3328 suppurare

101 3340 151 3394 153
162 3330 307 3409 probibet.
339 3350 413 3409 aqua
428 3333 544 3394 decocti
556 3336 712 3412 perniones
727 3343 756 3394 et
771 3337 897 3412 pruritus
912 3341 994 3393 sanat
1007 3333 1159 3394 fovendo.

142 3414 209 3490 quin
224 3423 253 3473 et
267 3415 403 3475 universo
419 3419 552 3495 corpori,
577 3419 602 3478 si
617 3420 680 3496 quis
697 3419 804 3478 cotidie
819 3418 929 3478 ieiunus
943 3415 1072 3492 biberit,
1097 3435 1158 3477 me·

140 3495 242 3555 liorem
259 3497 323 3557 lieri
340 3498 471 3558 colorem
489 3503 660 3562 existimant.
698 3503 770 3562 cibis
786 3502 861 3563 mem
874 3501 999 3561 hominis
1015 3500 1159 3562 alienum.
