2396 3900
116 231 157 293 46
247 211 252 219 ¹
460 241 490 290 c.
507 243 603 290 erum
622 241 771 290 uacuum

117 398 206 472 nisse,
220 396 392 472 clarissimo,
400 405 430 456 ut
442 397 576 475 equidem
588 395 722 472 arbitror,
736 393 911 474 exemplob.
923 391 1023 455 Crassi
1029 404 1121 474 atque

89 478 170 543 liin.
189 482 296 542 Domiti
318 479 516 540 Ahenobarbi.
553 477 678 539 Crassus
700 489 799 540 orator
820 479 873 539 fuit
894 480 1042 557 inprimis
1065 497 1119 538 uo·

116 567 199 626 minis
216 564 346 625 Romani.
379 565 480 625 domus
497 566 524 624 ei
538 563 706 641 magnifica,
729 563 781 624 sed
798 563 944 642 aliquanto
965 573 1120 643 praestan·

117 651 173 710 tior
185 650 213 708 in
235 649 339 708 eodem
354 648 463 710 Palatio
484 647 519 722 Q.
537 647 631 708 Catuli
661 650 709 727 qui
726 645 860 708 Gimbros
885 666 948 708 cum
974 645 1007 707 G.
1025 647 1120 707 biario

116 734 199 809 fudit,
216 733 305 793 multo
320 751 392 792 vero
408 732 602 812 pulcherrima
617 749 761 792 consensu
776 733 898 793 omnium
914 740 1010 792 aetate
1033 750 1069 792 ea
1088 733 1146 791 in⁵

118 818 196 878 colle
213 815 348 878 Viminali
364 814 398 876 G.
415 817 513 895 Aquili
535 819 639 895 equitis
663 815 784 876 Romani
805 817 937 877 clarioris
961 815 1012 876 illa
1032 818 1122 876 etiam

119 920 204 980 quam
219 902 288 962 iuris
301 901 395 961 civilis
407 901 539 976 scientia,
557 913 620 961 cum
633 909 727 961 tamen
742 900 858 962 obiecta
868 898 976 962 Crasso
993 919 1045 960 sua
1062 909 1120 960 est.

90 985 361 1046 3nobilissimarum
372 986 498 1064 gentium
515 984 609 1060 ambo,
630 983 752 1045 Crassus
768 994 855 1064 atque
872 984 1032 1062 Domitius,
1050 1003 1121 1044 cerr·

119 1087 216 1130 suram
237 1079 304 1149 post
325 1069 492 1130 consulatus
518 1069 602 1129 simul
625 1087 749 1147 gessere
776 1087 850 1130 anno
880 1068 1014 1130 conditae
1037 1069 1121 1129 urbis

118 1167 250 1214 Dchtr.
266 1154 448 1232 frequentem
468 1155 569 1230 iurgiis
585 1163 707 1233 propter
720 1154 979 1215 dissimilitudinem
994 1171 1116 1214 morum.
1132 1177 1159 1217 ro

118 1248 176 1298 tum
189 1235 242 1302 Gn.
255 1237 408 1313 Domitius,
423 1247 453 1297 ut
472 1247 535 1299 erat
548 1239 706 1298 vehemens
719 1247 830 1314 natura,
846 1246 1001 1317 practerea
1013 1256 1120 1298 accen·

119 1340 169 1381 sus
184 1321 267 1396 odio,
293 1322 371 1400 quod
387 1340 424 1381 ex
438 1323 630 1382 aemulatione
645 1322 839 1384 avidissimum
854 1332 915 1397 est,
932 1324 1062 1400 graviter
1076 1324 1121 1381 in·

120 1407 233 1483 crepuit
247 1407 317 1465 tanti
329 1422 484 1466 censorem
495 1406 636 1482 babitare,
656 1407 707 1473 ffs.
719 1425 773 1487 pro
787 1407 872 1467 domo
886 1407 949 1468 eius
962 1407 1122 1467 identidem

91 1490 307 1569 4promittens,
329 1499 359 1550 et
373 1488 512 1566 Crassus,
536 1499 567 1550 ut
580 1508 721 1570 praeseus
739 1493 855 1569 ingenio
874 1509 1008 1571 semper,
1031 1500 1062 1551 ut
1077 1491 1120 1552 ia·

121 1584 187 1634 ceto
205 1574 310 1653 lepore
326 1575 450 1651 sollers,
476 1575 613 1635 addicere
634 1593 667 1636 se
684 1575 837 1656 respondit
852 1577 987 1655 exceptis
1003 1595 1057 1636 sex
1074 1593 1119 1635 ar·
1131 1589 1158 1630 re

120 1657 251 1719 boribus.
281 1676 316 1718 ac
331 1677 367 1718 ne
381 1677 437 1718 uno
455 1659 569 1739 quidem
584 1659 714 1737 denario,
730 1661 755 1720 si
770 1659 978 1737 adimerentur,
993 1669 1121 1738 emptam

120 1742 239 1803 volente
256 1743 399 1817 Domitio,
423 1741 561 1803 Crassus:
584 1753 714 1804 utrumne
737 1745 825 1822 igitur
842 1762 899 1823 eqo
915 1763 993 1820 sum,
1016 1745 1120 1822 inquit,

121 1843 243 1907 quaeso,
259 1825 378 1903 Domiti,
400 1827 536 1906 exemplo
553 1830 651 1904 grauis
669 1838 698 1888 et
713 1827 749 1888 ab
767 1829 832 1907 ipsa
846 1847 910 1890 mea
928 1846 1052 1889 censura
1067 1845 1121 1887 uo·

121 1910 224 1970 tandus
244 1913 292 1989 qui
315 1909 400 1970 domo
422 1929 496 1989 quae
520 1911 587 1974 mibi
609 1911 770 1974 hereditate
790 1913 909 1974 obvenit
929 1914 1052 1973 comiter
1070 1912 1121 1972 ba·

90 1994 221 2070 5bitem,
244 2011 280 2054 an
295 2003 325 2053 tu
342 1995 389 2073 qui
405 2013 460 2055 sex
474 1995 597 2056 arbores
613 1999 749 2058 aestimes
765 1995 837 2066 issi
866 2015 920 2058 eae
936 1998 1020 2058 fuere
1037 1998 1119 2059 lotoe
1130 2013 1158 2054 to

121 2078 218 2156 patula
232 2095 375 2138 ramorum
398 2081 543 2158 opacitate
559 2080 703 2157 lascivae,
727 2081 853 2144 caecina
871 2081 966 2160 Largo
982 2101 1000 2142 c
1014 2099 1121 2161 proce·

122 2161 200 2221 ribus
214 2161 318 2222 erebro
331 2163 445 2224 iuventa
458 2173 556 2226 nostra
573 2184 624 2226 eas
643 2167 671 2225 in
687 2166 771 2228 domo
784 2185 836 2227 sua
848 2175 1023 2245 ostentante,
1035 2166 1121 2225 dura·

78 2244 164 2332 „1234
179 2255 356 2326 veruntque,
379 2249 514 2327 quoniam
528 2258 557 2309 et
573 2249 609 2310 de
625 2250 794 2327 longissimo
810 2268 883 2311 aeuo
895 2251 1030 2312 arborum
1046 2248 1122 2309 dixi-

121 2348 199 2406 mus,
222 2330 256 2392 ad
271 2329 397 2392 Neronis
413 2334 551 2412 principis
572 2334 704 2395 incendia
724 2334 828 2413 quibus
852 2337 992 2396 cremauit
1006 2333 1122 2408 urbem,

122 2415 202 2473 amris
224 2426 341 2476 chxxx
362 2426 466 2495 postea
487 2417 565 2477 cultu
585 2418 694 2478 virides
708 2420 906 2498 iuvenesque,
931 2422 961 2479 ni
982 2418 1159 2497 princepsa

94 2498 172 2562 cille
185 2499 383 2562 accelerasset
393 2502 479 2560 etiam
491 2501 626 2562 arborum
637 2512 768 2565 mortem.
799 2522 834 2564 ac
852 2504 964 2583 nequis
980 2501 1068 2562 vilem
1085 2501 1123 2562 de

122 2591 223 2643 cetero
241 2581 340 2644 Grassi
359 2584 471 2644 domum
485 2584 615 2665 nihilque
629 2588 658 2646 in
679 2606 715 2648 ca
730 2590 862 2666 iurgante
880 2587 1007 2647 Domitio
1029 2587 1123 2646 luisse

124 2667 275 2727 dicendum
288 2676 405 2746 praeter
417 2667 539 2729 arbores
549 2669 667 2747 iudicet,
683 2672 739 2732 iam
753 2672 901 2733 columnas
918 2679 1052 2750 quattuor
1064 2669 1123 2744 lly-

123 2752 212 2810 mettii
239 2753 388 2812 marmoris
417 2752 570 2814 aedilitatis
590 2757 682 2832 gratia
707 2757 743 2816 ad
765 2773 881 2816 scenam
902 2755 1057 2816 ornandam
1074 2754 1124 2814 ad·

123 2844 224 2894 vectas
239 2835 268 2894 in
282 2837 355 2897 atrio
370 2837 433 2895 eius
454 2837 556 2897 domus
572 2847 722 2918 statuerat,
740 2857 803 2900 cum
818 2842 847 2900 in
862 2838 980 2918 publico
997 2838 1124 2899 nondum
1134 2859 1159 2900 ao

125 2927 224 2978 essent
240 2919 318 2979 ullae
333 2937 521 2982 marmoreae.
552 2931 610 2984 tam
625 2942 731 2984 recens
747 2933 792 2984 est
806 2923 966 3003 opulentia,
984 2932 1125 3002 tantoque

124 3012 191 3062 tunc
203 3002 268 3081 plus
284 3003 403 3064 honoris
414 3004 535 3066 arbores
547 3007 679 3068 domibus
694 3008 875 3083 adferebant,
892 3017 923 3067 ut
938 3009 1000 3067 sine
1015 3007 1073 3068 illis
1088 3023 1127 3065 ne

97 3088 331 3149 tinimicitiarum
349 3089 464 3168 quidem
482 3092 605 3168 pretium
619 3094 781 3153 servaverit
792 3093 945 3153 Domitius.
975 3091 1072 3152 Fuere
1089 3089 1125 3149 ab

126 3171 161 3231 iis
180 3181 210 3232 et
228 3175 399 3251 cognomina
416 3176 553 3252 antiquis:
578 3175 728 3238 Fronditio
748 3177 829 3237 militi
850 3176 893 3237 illi
909 3177 957 3256 qui
972 3173 1127 3254 praeclara

125 3255 255 3317 facinora
283 3257 454 3318 Volturnum
487 3267 668 3321 transnatans
694 3260 798 3321 fronde
826 3261 912 3340 capiti
931 3261 1058 3340 inposita
1077 3258 1162 3322 art-a

127 3358 230 3400 versus
249 3339 436 3403 Hannibalem
453 3342 558 3420 edidit,
584 3345 734 3406 Stolonum
753 3343 880 3406 Liciniae
903 3346 991 3423 genti.
1021 3346 1061 3405 ita
1077 3361 1126 3420 ap-

127 3423 253 3502 pellatur
268 3426 297 3484 in
312 3427 383 3505 ipsis
395 3425 548 3487 arboribus
559 3429 703 3490 fruticatio
716 3430 834 3506 inutilis,
849 3430 925 3490 unde
938 3439 968 3488 et
979 3429 1128 3508 pampina-

130 3508 172 3567 tio
187 3508 303 3569 inventa
318 3512 410 3589 primo
425 3509 539 3571 Stoloni
551 3512 630 3573 dedit
647 3532 761 3579 nomen.
794 3515 847 3574 luit
862 3523 891 3574 et
909 3513 1043 3574 arborum
1060 3529 1130 3573 cura
