2458 3906
264 247 344 295 neu.
362 247 452 298 aaran.
476 248 589 297 xvurr.
605 245 709 302 8—11.
728 238 880 317 (co—58.)
1001 236 1062 300 185

67 408 154 478 ratque
176 399 325 462 iu'urceis
348 403 483 464 velanni
505 405 610 483 spatio.
647 406 703 465 duo
727 423 762 466 ea
783 422 892 483 genera
916 407 1016 466 caules
1032 416 1062 467 et

12 523 13 538 r
67 483 168 628 pacemi.
206 485 387 561 corymbiam
417 488 492 548 hauc
519 498 625 550 vocant
647 489 863 568 corymbosque
891 506 964 567 quos
991 507 1060 552 con·

12 597 14 630 r
81 570 140 628 lunt.
491 629 492 632 ,

12 635 14 722 l
117 651 161 712 10.
184 653 273 732 (57.)
292 653 413 718 Morbos
430 656 579 717 hortensia
595 674 712 738 quoque
728 659 855 718 sentiunt
876 658 952 720 siout
975 659 1043 719 reli·
1053 668 1106 726 176

12 749 13 754 ¹
49 752 109 814 rpua
123 745 196 798 terra
217 747 293 798 sata.
329 757 452 819 namque
477 751 506 801 et
530 743 654 802 ocimum
675 749 826 805 senectute
850 742 1012 819 degenerat
1032 745 1060 804 iu

65 820 217 900 serpyllum,
235 831 267 882 et
281 825 464 899 sisymbrium
479 826 508 886 iu
523 826 693 903 zmintham,
715 836 745 887 et
765 827 929 886 exsemine
952 825 1059 888 brassi-

65 922 106 964 cae
120 908 227 966 veteris
244 924 316 986 rapa
340 909 425 986 liunt,
447 919 534 990 atque
558 912 691 972 in'vicem.
731 920 761 971 et
780 919 902 970 necatur
918 913 1060 972 cuminum

65 989 252 1066 alimodoro,
278 993 333 1052 nisi
357 1005 542 1072 repurgetur.
585 1003 631 1054 est
652 1003 747 1055 autem
782 993 932 1071 unicaule,
961 994 1060 1057 radice

64 1071 135 1134 bulbo
149 1074 256 1150 simili,
273 1094 330 1138 non
347 1079 400 1138 uisi
417 1080 445 1138 irr
459 1079 562 1156 gracili
579 1079 645 1140 solo
666 1097 799 1140 nascens.
836 1078 910 1139 alius
928 1080 1059 1157 privatim

41 1160 149 1218 acumini
163 1158 286 1220 morbus
301 1161 428 1222 scabies.
458 1172 488 1223 et
502 1165 626 1225 ocimum
652 1163 705 1224 sub
728 1165 806 1225 cenis
828 1171 892 1222 ortu
912 1163 1057 1241 pallescit.

65 1243 226 1304 cantavero
242 1261 369 1306 accessu
384 1247 512 1308 mulieris
527 1247 710 1308 menstrualis
730 1247 898 1309 flavescunt.
934 1247 1041 1308 hostio·
1052 1256 1103 1313 lft

65 1325 137 1386 larum
149 1345 270 1407 quoque
285 1348 396 1408 genera
409 1331 604 1408 innascuntur,
621 1332 704 1410 napis
715 1332 839 1412 pulices,
852 1331 981 1410 raphano
993 1350 1059 1392 uru-

65 1427 105 1472 cae
117 1421 144 1472 et
157 1414 323 1490 vermiculi,
342 1416 410 1475 item
421 1416 543 1477 lactucis
561 1425 591 1477 et
607 1416 694 1491 oleri,
714 1417 844 1494 utrisque
866 1415 923 1476 hoc
935 1416 1057 1494 amplius

64 1494 163 1557 lnaces
179 1506 209 1557 et
226 1497 363 1575 cocleae,
378 1516 468 1578 porro
479 1518 552 1561 vcro
566 1502 678 1578 privata
689 1499 820 1560 animalia
833 1517 908 1578 quae
919 1499 1057 1562 facillime

12 1595 14 1672 ,
40 1587 177 1641 {laureare
190 1583 303 1642 iniecto
323 1585 472 1662 capiuntur
487 1585 642 1646 condentia
662 1585 691 1644 in
712 1584 740 1645 irl
761 1603 804 1644 sc.
834 1583 915 1644 ferro
939 1600 1057 1663 quoque

12 1675 14 1750 p
63 1680 108 1724 uon
122 1667 263 1744 expedire
280 1669 359 1745 tangi
374 1678 482 1745 rutam,
505 1668 644 1746 cunilam,
660 1678 801 1744 mentam,
818 1669 940 1729 ocimum
956 1676 1058 1729 auctor

12 1753 14 1816 l
63 1757 98 1807 est
113 1749 234 1812 Sabinus
249 1751 318 1813 'liro
335 1753 364 1811 in
379 1751 454 1813 libro
472 1754 633 1834 cepuricon
657 1770 741 1833 quern
757 1751 920 1814 llaeceuati
939 1753 1056 1813 dicavit.
1158 1823 1170 1836 ν

111 1833 188 1915 (58.)
212 1835 297 1896 lalem
310 1846 411 1898 contra
426 1837 574 1914 formicas,
589 1838 809 1898 nonminumum
821 1837 968 1898 hortorum
981 1837 1040 1896 exi·
1051 1843 1103 1901 178

12 1973 14 2000 ἵ
63 1917 129 1995 tium,
143 1921 167 1979 si
183 1937 244 1980 non
261 1921 318 1980 siut
332 1922 427 2001 rigui,
450 1922 608 1982 remedium
623 1922 794 1984 monstravit
810 1920 905 1982 limum
920 1922 1057 1980 marinum

12 2017 15 2090 ¹.
39 2010 101 2061 aaut
113 2002 237 2066 cinerem
253 2006 423 2085 opturandis
439 2023 536 2068 aarum
552 2006 757 2082 foraminibus,
778 2006 832 2067 sed
852 2006 1056 2066 efficacissime

13 2113 15 2172 3
63 2083 222 2167 heliotropio
248 2088 339 2150 herba
361 2100 510 2152 necantur.
548 2091 662 2169 quidam
685 2100 715 2152 et
739 2108 841 2169 aquam
857 2090 948 2152 diluto
963 2089 1056 2150 latere

13 2177 15 2248 ζ
64 2169 135 2232 cmlo
150 2173 296 2234 inimicam
310 2175 356 2235 his
375 2183 483 2254 putant.
518 2176 666 2254 Naporum
684 2175 826 2236 medicina
849 2175 911 2235 ervi
929 2174 1104 2253 aliquidue

13 2257 15 2336 l
64 2257 184 2333 suasori,
198 2259 280 2326 sicut,
293 2258 405 2320 olerum
417 2260 507 2338 cicer,
524 2269 605 2320 arcet
619 2261 694 2320 enim
707 2277 822 2321 urucas.
844 2275 901 2337 quo
914 2259 939 2318 si
947 2259 1057 2318 omisso

13 2353 14 2414 ζ
64 2347 147 2402 esame
162 2343 233 2418 sint,
251 2344 408 2405 remedium
420 2353 466 2405 est
478 2343 602 2404 absinthi
614 2362 702 2404 sucus
714 2343 830 2405 decocti
843 2344 994 2422 inspersus
1008 2341 1058 2402 vel

38 2421 113 2482 coeli
133 2444 216 2505 rpuam
244 2429 357 2488 aizoum
379 2437 495 2490 vocant.
523 2447 615 2506 genus
640 2428 697 2489 hoc
722 2427 833 2489 herbae
855 2427 987 2488 diximus.
1012 2445 1088 2488 remos

13 2535 14 2578 γ
63 2505 150 2569 Samen
164 2512 280 2572 olerum
297 2513 322 2573 si
337 2531 408 2573 suco
426 2513 488 2574 eius
510 2512 703 2574 madefactum
718 2521 849 2586 seratur,
875 2511 957 2572 olera
971 2510 1042 2571 nulli
1050 2519 1104 2572 180

13 2599 14 2658 ἶ
63 2591 203 2656 animalium
223 2595 351 2658 obnoxia
366 2597 461 2658 futura
478 2596 608 2673 tradunt,
630 2597 659 2657 iu
680 2605 770 2656 totum
783 2612 855 2656 vero
870 2595 969 2654 necari
991 2612 1056 2653 uru-

64 2691 111 2750 cas,
125 2680 147 2739 si
156 2681 226 2758 palo
237 2683 410 2760 inponantur
423 2682 452 2740 iu
465 2681 557 2742 hortis
568 2699 636 2743 ossa
648 2682 751 2761 capitis
763 2699 801 2740 ex
814 2681 920 2758 equino
933 2695 1059 2756 genere,

63 2756 167 2824 laminae
190 2767 350 2826 dumtaxat.
390 2766 532 2827 adversus
555 2785 659 2826 urucas
681 2775 711 2825 et
733 2782 867 2825 cancrum
888 2762 1058 2824 fluviatilem

40 2842 87 2902 uir
98 2848 184 2910 medio
203 2849 291 2910 horto
313 2867 486 2929 suspensum
501 2850 633 2911 auxiliari
647 2856 772 2910 narrant.
800 2857 867 2909 sunt
879 2848 927 2927 qui
942 2847 1058 2925 sangui·

64 2928 113 2988 reis
125 2933 212 3011 uirgis
228 2943 348 3012 lauant
363 2953 398 2996 ea
415 2952 490 3014 quae
503 2934 602 2995 uolunt
617 2934 662 2994 his
675 2933 802 2994 obnoxia
814 2951 892 2994 esse.
917 2931 1059 2994 lniestant

64 3018 88 3070 et
102 3016 205 3078 culices
221 3019 325 3079 hortos
336 3020 448 3098 riguos,
465 3019 624 3098 praecipue
637 3019 661 3078 si
673 3019 729 3077 sint
743 3016 917 3079 arbusculae
928 3017 1055 3096 aliquae.

64 3092 219 3174 limisano
237 3121 366 3164 accenso
383 3103 526 3182 fugantur.
629 3177 631 3182 .

115 3183 157 3244 11.
173 3186 247 3248 Nam
260 3187 338 3266 quod
349 3188 385 3250 erl
399 3190 638 3267 permutationem
650 3188 789 3247 seminum
801 3187 912 3263 attinet,
923 3183 1039 3264 quibus·
1050 3194 1098 3248 181
1141 3218 1148 3239 ·

38 3261 115 3326 clm
128 3287 162 3330 err
172 3272 218 3333 his
234 3272 355 3333 firmitas
367 3272 457 3333 maior
470 3281 530 3348 est,
547 3281 578 3332 nt
593 3270 759 3348 coriandro,
777 3270 875 3347 betae,
892 3286 992 3349 porro,
1007 3285 1056 3327 ua-

63 3354 163 3432 sturtio,
185 3358 295 3436 sinapi,
320 3375 443 3432 erucae,
468 3356 581 3418 cunilae
605 3365 634 3416 et
660 3356 723 3416 fere
746 3354 877 3430 acribus,
900 3353 1055 3414 inframiora

65 3443 141 3498 autem
155 3451 220 3502 sunt
236 3441 380 3520 atriplici,
402 3441 514 3519 ocimo,
539 3439 724 3516 cucurbitae,
750 3440 878 3514 cucumi,
901 3448 930 3498 et
946 3438 1056 3498 aestiva

65 3523 142 3584 onnia
155 3523 283 3586 hibernis
300 3526 392 3603 magis
407 3525 518 3603 durant,
534 3527 761 3586 minumeautem
774 3522 923 3602 gethyum.
950 3521 1003 3582 sed
1018 3538 1057 3580 ex
