2396 3900
137 156 196 219 118
480 170 509 218 c.
526 171 623 218 curru
641 169 791 219 saeuum

135 327 249 385 ocinum
264 333 367 400 vocat,
389 343 446 403 quo
464 321 605 387 sistebant
620 325 716 385 alvum
734 324 838 385 bubus.
869 324 898 385 id
920 332 1015 384 orate
1038 325 1138 402 pabuli

135 419 238 488 segete
262 409 354 470 viride
377 409 525 470 desectum
551 420 702 487 antequam
726 405 849 486 gelaret.
892 409 966 469 Sura
993 406 1138 468 llamilius

135 496 219 556 aliter
234 493 264 577 id
279 495 484 572 interpretatur
506 503 535 554 et
558 494 643 555 tradit
663 493 749 554 labae
764 494 878 554 modios
898 492 1018 568 decem,
1041 493 1137 552 viciae

135 579 224 654 duos,
246 579 411 638 tantundem
429 579 549 639 erviliae
566 580 594 638 in
618 580 719 655 iugero
737 587 872 638 autumno
887 578 1006 637 misceri
1026 585 1056 636 et
1077 577 1138 637 seri

135 664 255 738 solitas,
282 663 384 723 melius
407 672 437 722 et
450 681 542 724 avena
563 663 692 738 Graeca,
714 665 759 723 cui
779 679 837 721 non
858 659 935 723 cadit
954 679 1065 739 semen,
1087 659 1163 722 art-r·

134 749 231 809 mixta.
262 747 319 808 hoc
333 748 490 808 vocitatum
508 748 624 808 ocinum
644 747 791 826 boumque
810 764 898 807 cansa
923 747 982 806 seri
1008 745 1136 807 solitum.

134 832 228 892 Varro
250 832 425 911 appellatum
446 851 463 892 a
486 832 636 892 celeritate
663 831 854 910 proveniendi
879 849 896 890 e
918 829 1032 892 Graeco
1057 829 1139 910 quod

134 906 243 988 ὠκέως
257 916 362 977 dicunt.

92 1011 143 1064 144
216 1001 299 1081 (43.)
322 999 435 1062 lledica
456 1009 576 1061 externa
598 1003 683 1061 etiam
703 998 844 1062 Graeciae
867 1009 928 1075 est,
948 1008 1017 1059 uta
1043 998 1139 1059 lledis

134 1086 257 1146 advecta
273 1103 327 1163 per
348 1085 426 1145 bella
441 1085 610 1161 Persarum,
634 1103 709 1164 quae
723 1084 828 1146 Darius
844 1084 952 1160 intulit,
973 1083 1092 1144 sedvel
1108 1084 1138 1142 in
1148 1097 1171 1139 ro

134 1171 232 1248 primis
249 1170 379 1230 dicenda.
414 1178 490 1230 tanta
506 1169 560 1231 dos
577 1172 613 1249 ei,
632 1188 695 1230 cum
711 1189 748 1230 ex
764 1186 820 1229 uno
836 1177 899 1228 satu
914 1169 1035 1246 amplius
1049 1185 1137 1247 quam

134 1255 251 1312 tricenis
268 1255 349 1313 annis
367 1253 458 1314 duret.
489 1255 590 1314 similis
607 1264 652 1314 est
668 1254 777 1314 trifolio
800 1253 884 1314 caule
903 1252 1060 1332 foliisque,
1083 1269 1136 1328 ge·

133 1337 268 1397 niculata.
295 1337 432 1416 quidquid
444 1339 472 1397 in
488 1339 572 1399 caule
589 1339 717 1416 adsurgit
731 1339 802 1399 lolia
814 1337 1028 1399 contrahuntur.
1050 1354 1138 1396 unum

94 1432 142 1486 145
155 1421 191 1482 de
209 1440 245 1482 ea
265 1430 293 1482 et
310 1423 403 1497 cytiso
423 1422 560 1483 volumen
578 1423 763 1502 Amphilochi
779 1431 824 1482 est
846 1421 1006 1482 confusum.
1034 1420 1137 1481 Solum

134 1507 161 1564 in
180 1523 236 1584 quo
260 1516 372 1567 seratur
396 1506 570 1586 elapidatum
593 1517 802 1586 purgatumque
831 1506 971 1582 subigiuu
990 1514 1169 1581 autumno,rs

132 1607 200 1649 rncx
219 1600 329 1650 aratum
347 1599 376 1650 et
398 1601 530 1652 occatum
556 1593 692 1668 integitur
718 1601 797 1652 crate
823 1591 928 1651 iterum
951 1609 988 1651 ac
1009 1591 1137 1665 tertium,

134 1675 226 1753 quinis
247 1674 350 1735 diebus
372 1676 552 1754 interpositis
569 1685 599 1736 et
613 1675 679 1736 limo
702 1675 809 1736 addito.
844 1677 942 1755 poscit
962 1683 1057 1736 autem
1080 1675 1136 1734 sic·

134 1777 196 1819 cum
213 1776 408 1837 sucosumque
421 1761 471 1819 vel
491 1761 614 1838 riguum.
649 1761 687 1821 ita
710 1769 884 1839 praeparato
909 1761 1015 1819 seritur
1035 1775 1136 1818 menae

93 1853 142 1907 146
153 1841 247 1918 llaio,
279 1844 351 1903 alias
378 1844 486 1922 pruinis
516 1844 651 1904 obnoxia.
682 1861 756 1923 opus
775 1853 824 1904 est
847 1845 990 1905 densitate
1019 1842 1136 1901 seminis

134 1929 226 1988 omnia
249 1929 388 2005 occupari
414 1928 694 2008 internascentisque
717 1927 825 1988 herbas
847 1927 973 1990 excludi.
1005 1925 1034 1986 id
1051 1941 1167 2004 prae-an

132 2019 208 2070 stant
237 2012 341 2088 iugero
369 2011 457 2072 modii
476 2013 582 2074 viceni.
620 2013 779 2074 cavendnm
803 2030 840 2072 ne
865 2012 1016 2086 aduratur,
1045 2019 1135 2070 terra·

133 2113 189 2173 que
205 2097 336 2172 protinus
352 2096 442 2173 integi
460 2096 559 2158 dehet.
591 2099 616 2156 si
631 2099 668 2158 sit
682 2096 806 2158 umidum
821 2096 916 2156 solnm
929 2094 1135 2170 herbosumve,

133 2180 254 2238 vincitur
277 2188 307 2240 et
322 2180 460 2240 desciscit
475 2182 503 2240 in
519 2192 640 2260 pratum.
677 2182 744 2242 ideo
764 2182 893 2259 protinus
915 2178 1066 2240 altitudine
1088 2196 1135 2238 nn·

133 2263 200 2324 ciali
221 2263 319 2324 herbis
343 2264 474 2325 omnihus
494 2265 643 2326 liberanda
665 2273 726 2340 est,
749 2282 833 2325 manu
855 2267 1056 2343 potiusquam
1078 2280 1135 2322 ser·

132 2346 209 2408 culo.
226 2357 342 2408 secatur
356 2350 498 2427 incipieus
512 2348 620 2410 llorere
633 2351 804 2428 etquotiens
817 2349 958 2409 refloruit.
976 2348 1006 2409 id
1018 2348 1166 2408 seniensis

92 2441 140 2496 147
155 2433 251 2492 evenit
266 2451 320 2511 per
336 2450 435 2493 annos.
469 2451 532 2493 cum
547 2435 714 2510 minumum,
737 2442 849 2513 qnater.
882 2431 915 2494 ln
932 2449 1034 2493 semen
1048 2439 1135 2492 matu·

131 2534 251 2576 rescere
268 2516 449 2596 prohibenda
471 2527 532 2595 est,
557 2520 624 2595 quia
646 2516 782 2596 pabulum
806 2518 903 2578 utilius
925 2525 970 2576 est
992 2533 1086 2594 usqne
1101 2513 1136 2575 all

131 2602 283 2661 trimatum.
314 2619 405 2662 verno
432 2602 514 2661 sariri
536 2602 624 2662 debet
640 2601 819 2680 liberarique
834 2602 941 2662 ceteris
963 2600 1081 2675 herbis,
1100 2597 1135 2660 ad

131 2686 273 2745 trimatum
287 2687 389 2745 marris
404 2686 440 2745 ad
456 2686 550 2746 solum
565 2686 637 2746 radi.
662 2687 702 2746 ita
716 2686 849 2764 reliquae
865 2684 975 2746 herbae
990 2686 1135 2745 intereunt

131 2770 193 2828 sine
209 2769 300 2847 ipsius
324 2769 427 2830 damno
450 2779 571 2849 propter
587 2769 766 2830 altitudinem
787 2771 926 2830 radicum.
957 2770 982 2829 si
996 2768 1163 2829 eviceriutet

131 2852 259 2929 herbae,
280 2853 439 2913 remedium
453 2856 568 2914 unicum
588 2855 695 2928 aratio,
717 2856 835 2933 saepius
860 2853 1022 2929 vertendo,
1042 2853 1134 2914 donec

89 2947 140 3002 148
152 2954 254 2997 omnes
269 2937 344 2997 aliae
358 2937 472 2998 radices
488 2940 639 2999 intereant.
675 2937 745 2999 Dari
765 2955 824 2998 non
845 2937 881 3000 ad
902 2939 1067 3008 satietatem
1088 2936 1133 2996 de·

129 3021 190 3098 het,
213 3039 250 3081 ne
265 3021 387 3100 deplere
406 3025 574 3100 sanguinem
588 3039 713 3082 necesse
729 3023 775 3081 sit.
805 3031 834 3082 et
850 3023 950 3083 viridis
966 3020 1067 3082 utilior
1081 3028 1131 3080 eet.

129 3106 238 3166 arescit
253 3106 405 3166 surculose
420 3107 459 3166 'ac
473 3116 622 3184 postremo
636 3107 665 3167 in
681 3106 832 3185 pulverem
847 3107 978 3167 inutilem
999 3115 1131 3166 emenda·

128 3201 183 3250 tur.
233 3187 279 3249 De
307 3191 417 3265 cytiso,
446 3192 492 3250 cui
518 3200 549 3251 et
578 3191 634 3270 ipsi
663 3191 841 3270 principatus
873 3190 957 3251 datur
991 3191 1021 3250 in
1047 3187 1160 3268 pube-³⁵

89 3274 219 3350 musclis,
241 3273 357 3334 adfatim
373 3273 495 3333 diximus
510 3275 586 3335 inter
599 3275 728 3338 frutices.
745 3283 776 3334 et
789 3293 865 3335 nunc
880 3275 994 3352 frugum
1013 3273 1131 3334 omnium

129 3366 228 3418 natura
254 3357 424 3436 peragenda
440 3366 502 3435 est,
522 3359 602 3419 cuius
625 3359 654 3419 in
675 3363 758 3437 parte
775 3359 811 3418 de
832 3358 942 3419 morbis
959 3375 1077 3438 qnoque
1093 3355 1129 3416 di·

128 3449 218 3500 catur.
