2508 3924
215 224 276 286 194
547 235 852 286 crnrnnancnnnx

210 392 359 468 inponere.
397 407 499 450 caseus
514 407 618 450 recens
631 389 767 450 vaccinus
781 389 926 448 inmittitur
941 385 977 447 ad
990 389 1123 464 utrumque
1133 387 1166 444 vi·

102 497 107 506 ·
209 474 287 547 tium,
306 474 373 532 item
388 472 518 549 butyrum
534 473 652 533 beminis
667 481 800 551 quattuor
820 491 883 532 cum
897 471 1013 531 resinae
1026 469 1168 530 terebinthi·

167 566 282 620 ucenae
297 565 428 616 sextante
446 565 493 617 aut
509 575 572 616 cum
586 557 678 616 malva
694 556 817 616 decocta
831 565 878 615 aut
900 573 963 614 cum
978 571 1104 614 rosaceo.
1131 552 1167 612 da·

207 648 253 698 tur
267 648 296 699 ct
313 639 413 699 sebum
428 640 573 700 vitulinum
585 649 633 699 aut
646 639 796 715 bubulum,
812 640 879 699 item
892 637 1034 698 medullae
1049 653 1166 696 excocun-

207 732 329 782 turcum
345 723 435 783 farina
451 740 593 801 ceraeque
610 724 715 800 exiguo
734 732 762 783 et
783 724 868 798 oleo,
891 731 921 782 ut
937 721 1050 780 sorberi
1069 721 1182 798 possmus

206 806 330 866 medulla
348 815 376 865 et
391 807 418 865 in
430 824 503 884 pane
519 806 667 882 subigitur.
690 807 736 865 lac
750 808 894 884 caprinum
906 804 942 864 ad
959 803 1086 864 dimidius
1097 803 1168 882 ¹quartis

207 887 370 948 decoctum.
402 891 426 949 si
447 891 502 949 sint
523 899 552 948 et
569 891 707 966 tormina,
730 889 840 949 additur
854 897 1034 968 protropum.
1069 885 1171 946 tormini·

207 971 262 1031 bus
282 975 351 1032 satis
366 991 434 1032 esse
450 973 558 1032 remedi
579 973 607 1031 iu
627 974 735 1050 leporis
752 973 876 1049 coagulo
892 981 962 1050 poto
981 972 1079 1031 evinc
1093 967 1172 1046 tepido

209 1055 256 1115 rel
279 1057 369 1115 semel
390 1056 562 1116 arbitrantur
576 1055 673 1134 aliqui.
704 1057 849 1117 cautiores
869 1063 899 1114 et
918 1057 1059 1132 sangnine
1072 1052 1173 1130 ,capduo

166 1148 217 1202 not
230 1157 293 1197 cum
321 1139 412 1198 farina
444 1139 607 1200 hordeacea
639 1147 669 1200 et
696 1141 791 1199 resina
816 1147 944 1198 ventrem
970 1139 1097 1196 inlinunt.
1139 1131 1195 1192 Ado

209 1223 299 1281 omnis
317 1221 473 1300 epiphoras
489 1217 597 1282 neutris
612 1223 690 1281 inlini
707 1240 821 1282 caseum
835 1221 951 1280 mollem
966 1220 1097 1294 suadent,
1111 1225 1174 1276 rete·

207 1321 269 1363 rem
291 1306 423 1364 autemin
447 1306 566 1365 laninam
585 1307 679 1366 tritum
704 1306 843 1365 coeliacis
862 1312 891 1364 et
911 1304 1096 1378 dysintericis
1118 1301 1174 1373 dari,

209 1387 408 1463 cyathocasei
423 1389 452 1447 in
473 1385 583 1463 cyathis
597 1390 654 1447 viui
669 1388 768 1448 cibarii
783 1389 883 1448 tribus.
921 1387 1044 1464 sanguis
1063 1379 1175 1462 caprinus

208 1470 348 1530 decoctus
364 1488 427 1530 cum
442 1473 566 1532 medulla
583 1472 780 1547 dysintericis,
795 1475 878 1532 iocur
893 1489 990 1531 assum
1007 1486 1110 1546 caprae
1124 1483 1175 1525 cce

208 1553 291 1614 liacis
307 1553 454 1631 subvenit,
470 1550 619 1633 magisque
642 1556 725 1615 etiam
740 1555 828 1630 birci,
847 1556 957 1614 invido
974 1561 1091 1614 austero
1106 1551 1197 1610 decos

209 1645 283 1697 ctum
303 1645 456 1721 potumque
470 1639 517 1698 vel
535 1658 572 1698 ex
586 1639 653 1698 oleo
667 1647 778 1712 myrteo
792 1638 926 1697 umbilico
945 1637 1110 1715 inpositum.
1130 1633 1177 1710 qui

209 1720 272 1779 dam
291 1720 437 1781 decocunt
458 1740 474 1781 a
493 1717 581 1780 tribus
606 1723 738 1782 sextariis
760 1739 852 1800 aquae
880 1722 916 1781 ad
937 1720 1083 1780 heminam
1102 1715 1178 1776 addita

166 1813 219 1868 208
228 1811 300 1862 ruta.
339 1811 450 1864 utuntur
466 1813 496 1864 et
511 1806 587 1865 lieue
603 1823 670 1865 asso
687 1822 793 1882 caprae
808 1805 919 1866 hircive
935 1801 1057 1862 esseio
1077 1798 1178 1860 birciin

208 1903 281 1962 pane
295 1887 341 1963 qui
352 1890 451 1946 cincre
467 1897 567 1948 coetus
579 1891 625 1965 sit,
641 1905 757 1966 caprae,
774 1905 791 1946 a
804 1887 921 1947 renibus
937 1903 1082 1960 maxume,
1098 1892 1126 1942 ut
1138 1897 1178 1958 per

171 1976 174 1986 '
210 1987 242 2027 se
258 1964 402 2028 hauriatur
417 1974 562 2049 protinus,
585 1973 671 2049 inque
692 1971 803 2030 modice
827 1970 932 2047 frigida
952 1969 1070 2030 sorberi
1090 1965 1200 2037 iubente

209 2051 296 2127 aliqui
312 2061 340 2109 et
354 2053 382 2110 in
399 2071 471 2130 aqua
487 2053 639 2114 decoctum
649 2053 750 2114 sebum
765 2053 888 2114 admixta
901 2053 1023 2130 polenta
1040 2061 1070 2110 et
1085 2050 1180 2110 cumino

209 2141 238 2192 et
252 2149 340 2192 aneso
365 2143 515 2214 acetoque.
546 2138 664 2198 inlinunt
684 2146 713 2197 et
732 2147 860 2197 ventrem
881 2136 1024 2197 coeliacis
1048 2137 1111 2194 limo
1130 2145 1180 2189 cum

166 2227 216 2280 209
228 2215 314 2274 melle
328 2216 462 2277 decocto.
485 2228 598 2302 utuntur
610 2222 646 2281 nd
658 2229 804 2299 utrumque
816 2221 913 2280 vitium
930 2228 961 2278 et
974 2217 1101 2295 coagulo
1111 2211 1180 2274 haedi

208 2301 236 2357 iu
251 2299 317 2357 vino
333 2303 446 2375 myrtite
461 2302 546 2363 labae
560 2305 752 2380 magnitudine
767 2312 837 2381 poto
860 2311 890 2362 et
909 2305 1054 2378 sanguine
1071 2298 1178 2360 eiusdem

207 2383 236 2440 iu
257 2381 350 2442 cibum
370 2383 493 2444 formato
511 2404 594 2464 quem
611 2387 805 2464 sanguiculum
818 2395 933 2445 vocant.
964 2383 1115 2444 infundunt
1126 2381 1197 2454 dyas

207 2466 336 2525 intericis
357 2477 386 2526 et
407 2469 543 2546 glutinum
565 2472 701 2530 taurinum
724 2488 796 2548 aqua
811 2469 902 2529 calida
917 2467 1089 2528 resolutum.
1113 2464 1178 2524 tute

207 2549 301 2609 tiones
319 2549 432 2611 discutit
451 2553 596 2612 vitulinum
611 2554 748 2612 limumiu
770 2555 835 2612 viuo
851 2552 1015 2612 decoctum.
1044 2550 1177 2610 Intestino·

208 2649 270 2690 rum
285 2635 361 2694 vitiis
376 2651 553 2713 magnopere
569 2636 689 2714 prodest
706 2637 856 2713 coagulum
874 2652 1032 2694 cervorum
1047 2634 1178 2692 decoctum

209 2731 272 2772 cum
292 2715 371 2776 lente
385 2717 510 2796 betaque
531 2727 615 2796 atque
636 2721 665 2777 in
687 2719 753 2779 cibo
769 2727 924 2796 sumptum,
945 2718 1061 2796 leporis
1075 2715 1177 2794 pilorum

209 2797 280 2855 ciuis
310 2817 373 2880 cum
407 2802 493 2860 melle
521 2802 675 2878 decoctus,
712 2801 795 2862 lactis
821 2803 930 2880 caprini
960 2809 1050 2878 potus
1081 2793 1197 2858 decocta

166 2889 217 2942 210
229 2881 291 2937 cum
316 2883 408 2943 malva
435 2887 541 2961 exiguo
562 2885 622 2944 sale
646 2884 770 2944 addito·
790 2887 814 2944 si
837 2894 867 2944 et
886 2885 1044 2961 coagulum
1066 2881 1175 2950 addatur,

207 2962 359 3022 maioribus
379 2967 575 3028 emolumentis
595 2969 653 3026 liat.
689 2968 790 3027 eadem
815 2969 860 3026 ris
876 2977 931 3027 est
948 2976 990 3027 et·
1002 2969 1033 3026 in
1053 2965 1122 3026 sebo
1141 2977 1175 3020 ca·

209 3047 290 3122 prino
307 3048 334 3104 iu
346 3048 501 3108 sorbitione
514 3050 618 3128 aliqua,
634 3052 673 3110 uti
689 3053 818 3128 protinus
830 3051 976 3112 hauriatur
991 3049 1097 3126 irigida
1110 3061 1175 3123 aquu-

207 3130 273 3185 item
288 3127 419 3188 feminum
429 3131 513 3191 haedi
531 3135 601 3192 einis
615 3143 697 3211 rupta
714 3133 846 3194 intestiu'a
857 3135 969 3194 sarcire
981 3135 1055 3192 mire
1065 3129 1175 3200 traditur,

209 3210 301 3268 limum
316 3210 427 3288 leporis
443 3231 506 3273 cum
518 3217 605 3275 melle
620 3217 771 3277 decoctum
786 3227 815 3277 et
829 3217 938 3276 cotidie
952 3215 1040 3276 labae
1055 3212 1197 3290 magnus

208 3289 273 3386 dine
289 3303 427 3370 sumptum
442 3298 479 3354 ita
492 3307 521 3355 ut
536 3295 886 3375 deploratos'sauaveriut.
907 3299 1027 3360 laudaut
1041 3307 1071 3357 et
1085 3290 1175 3372 caprini

210 3375 310 3446 capitis
327 3391 388 3433 cum
406 3378 464 3436 suis
478 3380 543 3454 pilis
560 3380 682 3441 discocti
697 3393 805 3442 sucum.

167 3455 215 3510 21¹
281 3455 363 3534 (59.)
386 3458 558 3538 lenesmos,
586 3460 614 3523 id
636 3475 681 3528 est
699 3465 800 3528 crebra
824 3467 968 3528 et'iuanis
989 3464 1119 3525 veluntas
1136 3458 1174 3520 de·
