2396 3900
145 205 187 267 96
487 213 517 262 c.
533 213 629 260 eu1n1
645 211 794 260 saeuum

148 389 213 432 rura
234 371 392 444 haberent,
415 370 541 432 urbanae
564 385 654 444 vero,
678 369 707 428 in
730 385 801 448 quas
822 365 971 427 transferri
993 366 1154 444 ignominia

149 465 240 532 esset,
255 453 385 516 desidiae
396 454 515 530 probro.
539 455 635 535 itaque
649 461 784 531 quattuor
795 452 877 510 solae
890 460 971 512 erant
986 469 1001 510 a
1018 451 1153 529 partibus

148 540 228 600 urbis
246 541 274 598 in
291 539 354 618 quis
371 536 553 612 habitabant,
576 537 758 612 Saburram,
777 535 921 611 Palatina,
940 532 1073 611 Collina,
1092 533 1153 594 llx-

149 625 266 703 quilina.
289 621 420 682 nundinis
436 622 537 683 urbem
554 620 743 682 revisitabant
758 628 787 680 ει
802 618 869 679 idco
887 619 1002 678 comitia
1017 619 1153 679 nundinis

105 707 262 772 adhabere
285 723 343 767 non
367 706 491 784 licebat,
517 725 553 766 ne
579 705 682 785 plebes
706 706 814 765 rustica
834 711 1017 762 avocaretur.
1059 702 1179 778 Quiesc

147 809 324 871 somnusque
343 792 549 852 instrumentis
565 799 636 850 erat.
668 789 790 867 gloriam
809 788 933 866 deniqne
949 789 1041 865 ipsam
1060 805 1077 847 a
1094 789 1153 847 iar-

147 877 187 935 ris
211 876 323 936 bonore
343 876 474 935 adoream
488 872 685 956 appellabant.
714 871 847 951 equidem
865 872 928 949 ipsa
950 873 1037 931 etiam
1059 871 1154 932 verba

148 961 264 1040 priscae
281 959 500 1037 significationis
518 958 652 1019 admiror.
680 959 719 1017 ita
734 965 779 1017 cst
792 957 867 1016 enim
888 957 916 1014 in
936 957 1153 1016 commentariis

149 1046 329 1124 pontificum:
360 1043 520 1121 Augurio
545 1043 697 1103 canario
728 1040 872 1118 agendo
898 1039 978 1099 dies
1008 1040 1153 1101 consti·

150 1138 300 1188 tuantur
323 1129 537 1207 prinsquam
566 1128 746 1186 frumenta
775 1125 926 1202 vaginis
958 1134 1099 1184 exeant
1122 1132 1186 1187 etro

150 1221 344 1291 antequam
365 1212 400 1269 in
420 1213 577 1288 vaginas
600 1210 832 1288 perveniant.

108 1308 141 1359 15
214 1297 277 1375 (4.)
296 1295 377 1373 Ergo
392 1295 436 1355 his
451 1295 579 1355 moribus
589 1311 646 1353 non
661 1293 748 1353 modo
763 1291 946 1352 sufficiebant
960 1292 1061 1370 fruges
1074 1293 1153 1353 nulla

150 1381 362 1458 provinciarum
377 1388 518 1458 pascente
531 1378 657 1453 ltaliam,
681 1395 780 1436 verum
801 1378 885 1436 etiam
908 1393 1040 1436 annonae
1054 1377 1152 1437 vilitas

148 1462 327 1524 incredibilis
345 1473 416 1523 erat.
447 1462 558 1524 Manius
570 1461 696 1522 Marcius
713 1461 815 1522 aedilis
839 1460 935 1539 plebis
955 1462 1077 1539 primum
1092 1461 1152 1520 irn-

149 1556 274 1608 mentum
291 1548 403 1627 populo
420 1550 449 1607 in
468 1547 581 1608 modios
602 1544 716 1606 assibus
732 1546 848 1606 detavit.
882 1543 913 1604 L.
935 1544 1070 1606 llinutius
1091 1544 1185 1610 itu-n

149 1633 286 1711 gorinus,
310 1633 358 1710 qui
382 1633 433 1711 Sp.
449 1629 584 1693 lllaelium
603 1638 791 1708 coarguerat,
815 1630 900 1688 larris
919 1631 1042 1708 pretium
1059 1631 1088 1689 iu
1101 1631 1151 1690 tri-

149 1719 193 1775 nis
220 1715 352 1776 nundinis
372 1715 408 1776 ad
431 1734 527 1777 assem
552 1715 667 1792 redegit
694 1713 860 1773 undecimus
881 1713 981 1792 plebei
1008 1713 1151 1789 tribunus,

150 1800 257 1879 quade
279 1816 367 1859 cansa
388 1809 481 1860 statua
505 1801 532 1858 εἰ
558 1808 641 1859 extra
668 1807 780 1876 portam
806 1799 986 1874 trigeminam
1008 1799 1152 1878 apopulo

108 1893 140 1946 16
152 1885 228 1961 stipe
245 1883 358 1942 conlata
374 1891 479 1944 statuta
495 1891 549 1943 est.
590 1882 623 1942 T.
641 1883 726 1942 Seius
750 1884 778 1942 iu
795 1880 940 1942 aedilitate
963 1883 1077 1942 assibus
1098 1900 1150 1963 po·

149 1967 219 2044 pulo
237 1966 408 2026 frumentum
431 1968 584 2045 praestitit,
603 1985 688 2045 quarn
706 1966 744 2026 ob
768 1983 882 2026 causam
904 1975 933 2026 et
947 1967 976 2026 ei
993 1976 1105 2028 statuae
1123 1969 1193 2034 inat-1

150 2047 298 2127 capitolio
320 2067 354 2110 ac
380 2050 489 2128 palatio
506 2051 619 2112 dicatae
643 2058 723 2126 sunt,
750 2051 814 2130 ipse
834 2068 970 2129 supremo
986 2051 1033 2112 die
1049 2051 1152 2131 popnli

149 2135 257 2193 umeris
275 2142 408 2211 portatus
427 2136 456 2195 in
472 2153 576 2213 rogum
593 2143 647 2194 est.
682 2153 739 2212 qno
753 2153 852 2194 rerum
868 2153 941 2195 anno
956 2133 1049 2196 blaten
1066 2135 1152 2196 deum

150 2217 273 2277 advecta
290 2216 410 2278 Romam
425 2228 484 2296 est,
509 2221 647 2280 maiorem
666 2237 701 2279 ea
723 2227 835 2279 aestate
856 2236 980 2279 messem
997 2239 1082 2298 quam
1101 2237 1151 2280 an·

108 2308 140 2364 17
153 2301 355 2362 tecedentibns
383 2304 463 2363 annis
489 2305 591 2365 decem
616 2303 720 2362 iactam
742 2320 810 2362 esse
829 2303 952 2364 tradunt.
995 2302 1033 2363 bl.
1055 2304 1151 2366 Varro

150 2393 252 2444 auctor
269 2394 332 2463 est,
354 2405 417 2447 cum
432 2386 462 2447 L.
479 2387 615 2448 lletellus
630 2389 658 2446 in
673 2387 816 2465 triumpho
831 2386 979 2466 plurumos
995 2388 1077 2448 duxit
1090 2387 1191 2454 ele-rsss

149 2467 290 2548 phantos,
323 2470 437 2531 assibus
468 2472 588 2550 singulis
615 2471 699 2530 larris
722 2471 835 2531 modios
861 2471 969 2548 inisse,
1002 2473 1072 2534 item
1093 2473 1152 2533 vird
1187 2523 1191 2532 .

150 2555 273 2631 congios
297 2555 402 2634 licique
429 2556 527 2616 siccae
551 2554 649 2634 pondo
671 2569 761 2631 xxx,
789 2555 848 2616 olei
868 2555 966 2634 pondo
988 2569 1029 2633 x,
1056 2559 1150 2618 camis

150 2638 248 2716 pondo
264 2651 324 2699 ΧΗ,
339 2647 341 2650 ’
356 2656 444 2699 nece
464 2639 622 2699 latifundiis
642 2639 818 2716 singulorum
840 2640 1029 2718 contingebat
1049 2660 1149 2704 arcen-

149 2723 218 2782 tium
241 2725 370 2798 vicin0s‚
410 2726 518 2802 quippe
550 2725 634 2784 etiam
665 2724 732 2801 lege
759 2724 888 2784 Stolonis
917 2724 1006 2785 Licini
1036 2726 1149 2787 incluso

149 2806 235 2867 modo
253 2808 473 2885 quingentorum
488 2809 619 2886 iugerum
636 2816 665 2868 et
681 2810 746 2886 ipso
762 2825 813 2868 sua
829 2808 898 2888 lege
914 2809 1060 2886 damnato,
1087 2825 1178 2872 cuman

107 2897 140 2952 18
151 2889 304 2949 substituta
325 2891 365 2950 lili
382 2909 508 2969 persona
529 2893 652 2971 amplius
674 2891 850 2971 possideret.
888 2893 1070 2954 Luxuriantis
1093 2897 1148 2956 ianr

149 2974 193 3032 rei
221 2972 356 3051 publicae
387 2975 440 3035 init
471 2977 526 3036 ista
559 2993 702 3038 mensura.
744 2975 820 3036 lilani
845 2978 960 3057 quidem
989 2977 1058 3038 Curi
1083 2987 1148 3058 post
1187 2970 1189 2979 ’

148 3058 308 3135 triumphos
322 3059 540 3139 inmensumque
554 3070 694 3123 terrarum
709 3062 851 3122 adiectum
865 3063 987 3140 imperio
1002 3073 1146 3124 nctacon·

150 3143 195 3202 cio
222 3149 268 3202 est
288 3143 484 3220 perniciosum
509 3146 641 3224 intellegi
658 3147 750 3206 civem
765 3147 811 3208 cui
832 3155 944 3225 septem
966 3147 1069 3226 iugera
1091 3165 1147 3208 non

148 3235 248 3286 essent
263 3227 344 3287 satis.
378 3227 452 3288 baec
466 3238 560 3290 autem
580 3248 712 3290 mensura
727 3228 825 3308 plebei
839 3239 906 3308 post
922 3240 1044 3293 exactos
1059 3251 1145 3310 reges

106 3317 138 3371 19
149 3309 299 3387 adsignata
322 3320 377 3371 est.
414 3311 561 3386 Quaenam
582 3331 655 3392 ergo
677 3322 772 3374 tantae
791 3313 933 3375 ubertatis
955 3333 1042 3376 cansa
1064 3314 1145 3378 erati
1171 3341 1172 3346 ¹

146 3392 275 3468 ipsorum
296 3403 364 3456 tunc
384 3394 513 3456 manibus
531 3399 735 3478 imperatorum
752 3398 922 3460 colebantur
942 3402 1021 3477 agri,
1049 3410 1080 3460 nt
1102 3401 1145 3461 ias

148 3483 193 3533 est
209 3476 349 3556 eredere,
377 3480 523 3558 gaudente
543 3490 621 3543 terra
646 3499 766 3543 vomere
786 3483 916 3544 laureato
935 3493 964 3544 et
983 3485 1145 3564 triumphali
