2458 3906
313 168 394 219 1111.
408 168 501 218 mss.
515 169 574 218 xri.
597 167 682 221 7-8.
702 159 857 237 (au-ao.)
1042 161 1101 226 199

94 324 188 408 iubis
212 323 294 385 iacta
320 325 386 384 sint.
433 323 521 386 lliras
542 334 571 386 et
592 325 665 387 alias
686 327 800 388 invenio
823 326 938 388 laudes:
968 329 1097 392 thoracis
1108 341 1145 396 68

94 410 168 469 vitiis
181 407 329 489 prodesse
343 427 401 470 non
412 426 500 469 secus
513 427 597 490 quam
609 410 800 472 habrotonum
813 429 876 472 cum
887 412 976 473 melle
988 412 1099 491 Attico,

94 495 271 575 coupurgari
296 502 326 554 et
353 493 476 553 feminas
502 493 559 555 hoc
583 494 666 572 cibo,
693 514 793 556 semen
818 497 972 561 sativarum
999 506 1101 560 contra

93 581 267 658 scorpiones
284 578 363 654 dari,
385 579 494 638 semine
510 581 578 640 trito
595 597 633 640 ex
648 579 715 640 vino
731 590 802 660 poto
818 590 847 642 et
864 580 1011 644 libidinum
1030 585 1099 644 ima-

69 665 258 743 sginationes
280 666 309 724 iu
325 680 427 724 somno
445 667 599 742 conpesci,
624 666 790 746 temptantis
808 683 898 746 aquas
915 680 973 728 non
989 684 1100 728 nocere

91 750 232 812 lactucam
247 747 411 809 edentibus.
435 748 549 827 quidam
564 759 660 810 tamen
678 750 896 828 frequentiores
911 751 940 810 in
956 751 1023 811 cibo
1035 752 1099 812 oii-

91 852 158 894 cerc
176 833 304 894 claritati
318 833 469 894 oculorum
483 833 672 896 tradiderunt.

151 916 181 978 8.
207 918 295 998 (27.)
319 917 384 978 Nec
396 916 463 978 beta
478 919 539 979 sine
556 919 692 980 remediis
708 928 753 980 est
769 927 905 998 utraque:
923 919 985 980 sive
1000 918 1095 981 candi·
1108 930 1143 985 69

90 1004 143 1064 dae
163 1004 229 1064 sive
244 1003 346 1080 nigrae
365 1002 447 1062 radix
460 1021 567 1064 recens
586 1013 614 1064 et
630 1003 792 1065 madefacta
808 1021 951 1082 suspensa
969 1003 1098 1064 irrnioulo

1 1099 2 1164 t
58 1095 189 1150 incontra
211 1087 392 1166 serpentium
409 1103 522 1148 morsus
542 1089 648 1150 eilicax
665 1106 732 1148 esse
752 1088 871 1165 dicitur,
895 1086 1016 1148 candida
1031 1087 1098 1148 beta

89 1181 173 1234 coctu
196 1180 307 1232 etcum
328 1171 387 1232 alio
405 1171 495 1232 crudo
519 1182 630 1253 sumpta
648 1182 748 1234 contra
762 1173 888 1250 taenias,
908 1174 1009 1250 nigrae
1025 1171 1098 1232 radi·

1 1288 2 1342 3
88 1276 138 1318 ces
161 1258 202 1316 ita
224 1257 253 1316 in
278 1274 353 1335 aqua
375 1265 478 1316 coctae
500 1259 679 1336 porriginem
701 1255 821 1335 tollunt,
844 1267 931 1336 atqua
958 1258 987 1316 in
1009 1265 1098 1317 totum

1 1359 2 1402 1
88 1341 242 1403 efficacior
270 1358 338 1400 esse
362 1338 482 1400 traditur
508 1343 601 1419 nigra.
639 1359 727 1402 sucus
755 1343 817 1402 eius
846 1341 949 1420 capitis
976 1341 1097 1402 dolores

87 1435 207 1487 veteres
230 1435 261 1486 et
279 1425 456 1503 vertigines,
477 1425 545 1486 item
562 1427 685 1486 sonitum
703 1427 812 1486 aurium
826 1426 910 1487 sedat
926 1426 1036 1504 inlusus
1052 1427 1097 1503 iis,

56 1514 145 1572 reciet
171 1511 292 1572 urinam.
336 1509 468 1570 medetur
491 1510 674 1586 dysintericis
697 1511 802 1570 iniecta
824 1518 853 1571 et
873 1508 977 1570 morbo
998 1511 1094 1588 regio,
1107 1520 1142 1576 70

85 1596 209 1659 dolores
239 1613 356 1674 quoqne
379 1593 505 1663 dentium
530 1595 613 1656 sedat
632 1595 728 1655 inlitus
750 1613 837 1656 sucus
860 1604 889 1654 et
912 1603 1013 1655 contra
1037 1613 1098 1654 sar·

1 1707 3 1774 p
86 1681 216 1762 peutium
232 1681 307 1740 ictos
322 1679 419 1754 valet,
437 1678 490 1740 sed
508 1678 556 1740 hic
571 1680 662 1741 radici
678 1679 824 1741 dumtaxat
838 1697 1007 1757 expressus.
1031 1681 1096 1759 ipsa

1 1783 2 1839 ;
84 1782 158 1826 vero
185 1765 314 1826 decocta
338 1763 526 1842 pernionibus
552 1765 688 1826 occurrit.
733 1763 799 1824 alba
826 1763 984 1842 epiphoras
1014 1763 1097 1824 sedat

1 1846 2 1918 l
84 1851 182 1912 lrontc
194 1848 295 1925 inlita,
309 1849 439 1910 aluminis
451 1867 542 1928 parvo
555 1850 681 1911 admixto
694 1851 790 1927 ignem
803 1866 925 1910 sacrum.
950 1849 1013 1908 sine
1025 1848 1093 1908 oleo
1105 1857 1137 1913 ll

1 1941 3 2082 p
53 1956 77 1998 ro
86 1937 152 1995 trita
167 1935 214 1994 sic
228 1942 259 1994 et
273 1933 383 1994 adustis
400 1933 541 1994 medetur.
565 1943 595 1994 et
611 1943 713 1996 contra
728 1935 898 2013 eruptiones
915 1933 1096 2012 papularum,

85 2027 233 2097 coctaque
259 2017 361 2080 eadem
387 2027 488 2080 contra
517 2019 617 2080 ulcera
646 2036 720 2097 quae
745 2027 865 2096 serpunt
890 2018 1033 2096 inlinitur,
1067 2026 1096 2078 et

1 2103 2 2114 ’
84 2103 229 2183 alopeciis
255 2103 344 2167 cruda
366 2111 395 2162 et
414 2100 563 2164 ulceribus
582 2121 658 2182 quae
678 2104 707 2163 in
730 2103 825 2181 capite
847 2112 971 2163 manant.
1009 2121 1096 2163 sucus

1 2180 2 2232 ³
85 2188 236 2250 eiuscurn
257 2187 345 2250 melle
366 2186 483 2248 naribus
509 2187 613 2249 inditus
640 2197 726 2267 caput
749 2195 864 2266 purgat.
910 2188 1044 2266 coquitur
1068 2196 1097 2247 et

1 2259 3 2354 1
86 2291 150 2334 cum
177 2272 319 2333 lenticula
347 2271 444 2334 addito
468 2281 570 2349 aceto,
598 2281 628 2332 ut
651 2282 783 2334 ventrem
808 2271 930 2333 molliat.
974 2271 1097 2332 validius

1 2365 2 2414 1
52 2379 76 2420 11
88 2368 174 2420 cocta
192 2357 346 2418 ductiones
363 2355 503 2418 stomachi
521 2365 549 2416 et
566 2357 674 2417 ventris
690 2358 775 2417 sistit.

1 2433 2 2524 l
147 2442 237 2523 (28.)
260 2439 315 2502 Est
337 2451 365 2502 et
385 2440 454 2502 beta
478 2441 622 2502 silvestris
640 2459 724 2520 quarn
738 2441 877 2501 limonion
895 2447 1020 2514 vocant,
1044 2439 1139 2504 aliitn

1 2531 2 2598 1
83 2527 262 2604 neuroides,
288 2525 405 2588 multum
424 2525 584 2586 minoribus
608 2525 687 2586 loliis
708 2523 948 2601 tenuioribusque
969 2540 1003 2583 ac
1027 2522 1095 2583 deu·
1166 2535 1168 2546 ’

1 2607 2 2686 ξ
82 2611 230 2689 rioribus,
257 2611 391 2672 undecim
413 2628 519 2689 saepe,
549 2609 633 2672 caule
659 2610 710 2671 1111.
756 2610 838 2669 huius
865 2606 936 2668 lolia
958 2605 1096 2667 ambustis

1 2705 2 2781 ᾗ
84 2696 164 2757 utilia
192 2697 369 2774 gustantium
393 2712 427 2756 os
453 2694 642 2776 adstringunt.
679 2712 781 2756 semen
799 2691 1097 2755 acetabulimensura

1 2783 2 2844 1
52 2782 275 2857 aodvsintericis
303 2779 435 2861 prodest.
482 2798 556 2858 aqua
579 2781 641 2840 eius
662 2797 679 2839 e
698 2779 797 2840 radice
819 2777 944 2838 decocta
968 2775 1096 2837 maculas

1 2863 2 2878 ³
84 2869 210 2928 vestium
228 2865 287 2926 elui
305 2865 402 2928 dicunt
416 2865 544 2943 itemque
559 2863 798 2925 membranarum.

144 2950 233 3031 (ab.)
256 2949 351 3012 lutubi
366 2967 483 3029 quoque
498 2966 555 3010 non
572 2957 655 3010 extra
671 2949 800 3010 remedia
830 2955 905 3006 suut.
940 2963 1027 3006 sucus
1043 2962 1092 3004 eo·
1105 2952 1141 3008 ta

84 3055 144 3098 rum
163 3055 230 3096 curu
244 3051 373 3096 rosaceo
388 3042 417 3094 et
431 3041 516 3094 aceto
534 3031 638 3114 capitis
651 3032 771 3093 dolores
787 3032 868 3106 lenit,
885 3031 1020 3109 idemque
1034 3047 1098 3090 cum

84 3124 150 3182 vino
167 3128 256 3201 potus
272 3119 410 3180 iocineris
427 3127 456 3177 ct
470 3119 600 3194 vesicae,
621 3125 650 3177 ct
666 3117 816 3197 epiphoris
833 3117 986 3195 inponitur.
1020 3131 1097 3174 erra-

53 3208 171 3268 asticum
192 3204 271 3286 apud
291 3221 346 3264 nos
366 3203 481 3283 quidam
502 3201 644 3264 ambulam
665 3201 865 3282 appellavere.
910 3201 939 3260 in
958 3198 1098 3276 Aegypto

85 3292 244 3353 cichorium
266 3297 372 3350 vocant
397 3287 473 3367 quod
493 3287 629 3363 silvestre
649 3288 702 3364 sit,
723 3287 846 3348 sativum
874 3295 970 3346 antem
999 3283 1097 3357 serim,

85 3377 159 3456 quod
179 3385 226 3438 est
241 3375 336 3436 nrinus
353 3383 382 3435 et
395 3375 543 3434 venusius.

146 3460 233 3542 (30.)
257 3457 423 3521 cichorium
441 3457 607 3534 refrigerat.
636 3455 665 3518 iu
686 3457 752 3518 cibo
774 3464 915 3534 sumptum
936 3464 964 3514 et
985 3453 1095 3514 inlitum
1106 3459 1142 3514 74
