2406 3914
113 241 174 301 260
461 250 490 298 c.
507 252 604 298 rutro
619 250 770 299 suouunr

113 409 263 469 cinomata.
302 405 481 484 defervescit
500 408 528 465 in
550 407 616 465 vino
639 405 726 466 dulci.
762 405 951 483 peculiariter
973 413 1003 462 et
1019 410 1127 466 contra

112 489 299 553 meliceridas
315 489 430 550 efficax.
1128 525 1133 532 -

70 585 122 639 152
184 574 233 634 21.
258 573 341 652 (88.)
372 572 522 634 Trifolium
542 574 604 634 scio
629 571 709 632 credi
727 571 901 651 praevalere
924 579 1030 634 contra
1062 589 1125 630 ser·

113 660 240 737 pentium
257 667 286 716 et
303 658 490 735 scorpionum
507 658 585 728 ictus,
597 675 634 717 ex
652 657 719 716 vino
734 665 782 716 aut
798 672 906 734 posca,
923 655 1043 714 seminis
1058 670 1126 732 gra·

113 743 158 802 nis
172 743 274 818 viginti
289 743 365 820 potis
385 740 433 800 vel
456 740 534 800 foliis
555 751 583 800 et
603 749 663 800 tota
685 739 776 800 herba
798 740 939 819 decocta,
962 739 1149 818 serpentis-s

113 844 170 905 qne
182 843 334 904 numquam
347 826 375 883 in
389 824 499 885 trifolio
515 823 636 903 adspici‚
652 832 805 903 praeterea
821 841 837 882 a
850 822 1009 884 celebratis
1024 830 1128 882 aueto-

13 911 16 920 “
113 909 193 969 ribus
209 917 309 969 contra
326 909 420 968 omnia
434 926 546 969 uenena
567 926 621 987 pro
638 907 767 968 antidoto
788 907 924 968 sufficere
939 921 1013 966 xxv
1034 923 1129 983 grana

84 994 179 1052 sreins
202 992 280 1071 quod
301 992 482 1067 minyanthes
499 1010 537 1052 ex
558 1009 595 1051 eo
613 991 825 1071 appellavimus
848 991 939 1068 tradi,
961 990 1052 1051 multa
1071 989 1131 1050 alia

73 1086 123 1140 153
136 1085 290 1155 praeterea
314 1078 341 1135 iu
357 1076 493 1136 remediis
509 1077 570 1136 eius
585 1075 721 1136 adscribi.
753 1076 806 1136 sed
820 1094 867 1136 me
889 1084 992 1135 contra
1008 1083 1130 1134 senten·

114 1162 169 1221 tias
185 1177 284 1221 eorum
298 1161 462 1238 gravissimi
477 1162 531 1220 viri
551 1160 706 1220 auctoritas
728 1169 842 1236 mouet,
864 1159 1035 1238 Sophocles
1052 1158 1165 1217 enimn

114 1253 203 1323 poeta
216 1253 387 1304 venenatum
410 1243 438 1302 id
461 1243 546 1320 dicit,
570 1245 665 1304 Simus
680 1261 797 1323 quoque
815 1243 985 1320 ernedicis‚
1011 1241 1132 1303 decocti

113 1336 161 1389 aut
184 1328 299 1388 contriti
318 1345 416 1388 sucum
440 1328 563 1388 infusum
585 1329 703 1406 corpori
725 1329 843 1389 easdem
865 1327 1003 1388 uredines
1024 1327 1131 1387 facere

114 1428 185 1490 quas
202 1412 227 1470 si
243 1413 392 1490 percussis
407 1429 423 1470 a
439 1409 576 1490 serp'ente
590 1414 752 1491 inponatur.
782 1431 855 1491 ergo
870 1429 929 1472 non
944 1411 1030 1472 aliter
1047 1419 1131 1470 nten-

114 1496 180 1556 dum
201 1513 237 1555 eo
256 1514 340 1574 quam
362 1504 463 1556 contra
485 1514 598 1556 uenena
621 1498 792 1557 censuerim.
835 1497 971 1558 fortassis
998 1496 1076 1554 enim
1101 1501 1131 1552 et

113 1579 157 1639 his
178 1583 300 1639 uenenis
326 1581 402 1640 inter
428 1598 461 1639 se
489 1582 634 1640 contraria
657 1581 694 1640 sit
711 1590 811 1642 natura
832 1582 907 1640 sicut
933 1579 1031 1639 multis
1052 1577 1166 1638 aliisrt

112 1665 180 1722 item
196 1665 290 1723 auimo
308 1663 430 1724 adverto
453 1683 553 1727 semen
573 1666 635 1724 eius
657 1666 738 1724 cuius
755 1667 877 1724 minuma
900 1665 957 1724 sint
974 1662 1044 1723 folia
1059 1659 1132 1719 utile

115 1765 181 1806 esse
194 1747 230 1807 ad
248 1746 466 1808 custodiendam
481 1747 631 1808 mulierum
648 1750 720 1808 cutis
735 1750 857 1825 gratiam
872 1749 901 1807 in
916 1747 994 1807 facie
1009 1745 1131 1805 inlitum.

72 1839 124 1893 154
188 1831 272 1910 (89.)
294 1830 435 1907 Thymum
450 1831 551 1909 coligi
569 1841 687 1910 oportet
706 1833 734 1891 in
755 1832 844 1910 flore,
866 1833 940 1891 etin
956 1829 1058 1890 umbra
1074 1829 1132 1889 sio·

114 1915 183 1977 oari.
215 1915 271 1974 duo
289 1923 383 1975 autem
399 1925 464 1976 sunt
479 1934 590 1993 genera
611 1917 690 1975 eius:
713 1916 863 1979 candidum
884 1914 985 1976 radice
1002 1914 1132 1991 lignosa,

113 1999 142 2056 in
159 1997 283 2057 collibus
300 2015 441 2075 nascens,
464 2000 542 2078 qnod
559 2009 587 2059 et
602 1999 783 2077 praefertur,
810 2001 932 2060 alterum
951 1999 1063 2077 nigrius
1077 1995 1167 2054 do-an

113 2082 213 2158 risque
239 2082 324 2158 nigri.
369 2092 491 2163 utraque
518 2085 667 2144 oculorum
696 2083 819 2144 claritati
846 2083 964 2143 multum
992 2081 1134 2142 conferre

114 2164 313 2224 existimantur
343 2174 373 2225 et
393 2169 423 2226 in
450 2167 517 2227 cibo
542 2177 571 2226 et
594 2169 623 2227 in
649 2167 882 2244 medicamentis,
911 2169 979 2228 item
1004 2166 1134 2226 diutinae

115 2249 204 2323 tussi,
228 2249 255 2307 in
271 2249 427 2327 ecligmate
444 2251 538 2312 facilis
556 2253 777 2311 exscreationes
794 2251 894 2311 facere
912 2270 977 2312 cum
999 2258 1086 2311 aceto
1105 2257 1136 2309 et

74 2331 216 2406 155sale‚
248 2335 416 2409 sanguinem
447 2351 643 2394 concrescere
667 2352 725 2394 non
751 2337 810 2413 pati
839 2353 856 2394 e
884 2335 992 2411 melle,
1024 2334 1136 2410 longas

113 2416 238 2476 faucium
253 2416 466 2477 destillationes
483 2427 564 2478 extra
580 2418 658 2478 inlita
675 2436 739 2478 curn
756 2420 849 2498 sinapi
864 2428 1037 2494 extenuare,
1065 2419 1168 2476 itemst

111 2500 256 2560 stomachi
273 2509 303 2560 et
316 2502 426 2560 ventris
448 2503 525 2562 vitia.
558 2501 680 2562 modicis
695 2511 791 2562 tamen
808 2502 945 2562 utendum
962 2511 1018 2578 est,
1041 2517 1135 2579 quorr-

115 2584 170 2644 iam
193 2584 404 2660 excalfaciunt‚
429 2602 485 2663 qua
507 2586 536 2643 vi
559 2588 662 2645 sistunt
682 2586 795 2663 alvom,
818 2604 892 2665 quae
917 2588 941 2646 si
960 2585 1136 2645 exulcerata

116 2667 169 2745 sit,
188 2669 289 2728 denari
304 2668 418 2746 pondus
440 2670 467 2727 in
490 2671 646 2728 sextarium
662 2671 738 2729 aceti
754 2679 783 2729 et
804 2670 899 2730 mellis
918 2670 985 2731 addi
1001 2677 1135 2747 oportet,

113 2751 181 2809 item
204 2752 228 2809 si
253 2751 354 2811 lateris
378 2751 463 2811 dolor
488 2753 541 2827 sit,
564 2762 611 2813 aut
635 2753 710 2812 inter
732 2754 868 2832 scapulas
884 2755 976 2814 autin
998 2753 1135 2813 thorace.

114 2835 296 2910 praecordiis
312 2835 463 2896 medentur
480 2853 517 2896 ex
532 2845 617 2896 aceto
640 2854 704 2896 cum
718 2837 823 2915 melle,
849 2857 925 2917 quae
948 2838 1030 2917 potio
1047 2838 1168 2898 daturas

72 2923 122 2979 156
135 2925 164 2975 et
183 2918 211 2976 iu
233 2918 409 2979 alienatione
430 2921 533 2978 mentis
557 2938 591 2979 ac
614 2921 843 2986 melancholicis.
882 2923 967 2983 datur
989 2931 1018 2982 et
1044 2922 1135 2982 corni·

113 3000 229 3060 tialihus
246 3019 321 3080 quos
337 3011 494 3082 conseptos
511 3002 621 3063 olfacto
639 3007 766 3065 excitant
787 3005 896 3082 thymo.
925 3007 1004 3068 aiunt
1019 3014 1050 3066 et
1066 3006 1136 3065 dor·

113 3085 184 3144 mire
206 3102 259 3145 eos
277 3095 416 3163 oportere
433 3087 461 3145 in
477 3086 556 3146 molli
572 3087 680 3162 thymo.
703 3089 827 3166 prodest
842 3101 872 3151 et
886 3090 1093 3169 orthopnoicis
1107 3097 1137 3147 et

113 3166 346 3228 anhelationihus
361 3168 571 3249 mulierumque
589 3171 735 3232 mensibus
749 3170 917 3251 retardatis,
929 3175 980 3235 vel
998 3175 1023 3233 si
1039 3190 1135 3234 emor·

113 3252 153 3311 tui
180 3252 236 3310 sint
264 3250 293 3310 in
317 3261 402 3311 utero
422 3263 539 3330 partus,
564 3255 718 3315 decoctum
739 3258 769 3316 in
792 3276 866 3338 aqua
887 3259 925 3319 ad
946 3259 1064 3319 tertias.
1106 3266 1167 3317 etas

114 3335 185 3394 viris
199 3352 271 3394 vero
288 3344 389 3394 contra
412 3335 575 3396 inflationes
599 3357 663 3398 curn
685 3340 773 3400 melle
794 3351 825 3402 et
846 3352 953 3420 aceto,
977 3353 1007 3403 et
1022 3344 1049 3402 si
1064 3359 1134 3402 ven·

75 3423 125 3480 15?
137 3426 182 3477 ter
194 3426 327 3495 turgueat
342 3426 510 3498 testesque,
535 3431 582 3480 aut
597 3424 621 3481 si
642 3425 761 3484 vesicae
778 3426 864 3487 dolor
879 3427 992 3504 exigat.
1025 3445 1043 3486 e
1065 3427 1133 3485 uino

115 3509 243 3560 tumores
264 3510 293 3560 et
308 3503 431 3579 impetus
452 3503 607 3579 inpositum
623 3506 716 3584 tollit,
739 3510 807 3569 item
829 3527 894 3570 curn
914 3519 1003 3570 aceto
1026 3509 1135 3570 callum
