2396 3922
173 239 212 304 tt
512 253 542 301 c.
559 254 654 302 annu
669 253 818 302 succurunt

174 410 265 466 omnis
290 416 370 469 sanat
391 407 530 468 occultos.
561 409 708 486 inponitur
729 424 788 468 non
803 408 832 466 ln
849 407 911 484 ipsa
926 405 1160 484 inflammatione,

172 491 225 551 sed
241 493 384 550 inminuta.

129 585 165 640 89
237 575 319 652 (50.)
343 573 483 634 Animalia
510 591 625 652 quoque
648 576 788 634 invenere
808 573 927 648 herbas,
949 574 977 631 in
1001 575 1159 652 primisque

172 657 377 718 chelidoniam.
406 656 459 716 hac
480 659 555 716 eninr
573 657 739 716 hirundines
765 657 856 716 oculis
879 655 1022 734 pullorum
1042 658 1075 715 in
1096 656 1160 716 nido

173 742 329 801 restituunt
344 742 447 816 visum,
462 749 493 797 ut
510 740 622 817 quidam
637 740 752 814 volunt,
769 742 854 798 etiam
869 741 961 798 erutis
979 739 1084 798 oculis.
1115 759 1185 815 gos

172 843 242 883 nera
269 825 332 884 eius
354 823 428 882 duo:
451 825 542 882 maior
564 824 713 899 lsuticosa,
734 822 808 882 lolio
830 823 997 900 pastinacae
1022 825 1165 882 erraticae

172 907 325 984 ampliore,
350 907 414 985 ipsa
437 906 587 967 altitudine
610 906 694 965 duum
717 907 894 982 cubitorum,
920 905 1004 965 colos
1026 905 1165 982 albicans,

39 1056 45 1069 ¹
173 990 228 1050 llos
244 991 348 1050 luteus.
383 991 485 1048 minori
503 989 573 1048 lolia
589 989 715 1048 hederae
732 989 910 1066 rotundiora,
927 991 1021 1048 minus
1039 989 1163 1048 candida.

129 1084 165 1138 90
177 1091 262 1134 aucun
280 1074 358 1133 croci
374 1073 504 1149 mordax,
519 1091 617 1132 semen
628 1074 789 1150 papaveris.
811 1073 917 1132 dorent
928 1068 1058 1132 adventu
1076 1073 1164 1132 hirun-

172 1156 278 1234 dinum,
301 1157 434 1216 discessu
455 1165 645 1216 marcescunt.
678 1175 763 1215 sucus
786 1155 958 1216 florentibus
982 1157 1191 1234 exprImltur,ro

173 1249 203 1300 et
223 1241 252 1298 in
274 1256 364 1300 aereo
388 1257 458 1299 vase
482 1258 544 1300 cum
561 1239 647 1300 melle
668 1239 767 1298 Attico
789 1239 896 1300 leniter
919 1241 1022 1299 cinere
1040 1239 1165 1298 ferventi

172 1323 355 1402 decoquitur,
384 1323 523 1399 singulari
552 1323 680 1382 remedio
707 1332 807 1384 contra
836 1321 978 1399 caligines
1005 1321 1165 1382 oculorum.

171 1412 290 1465 utuntur
312 1415 341 1466 et
363 1424 416 1484 per
440 1425 472 1466 sc
495 1424 564 1466 suco
586 1409 614 1464 in
636 1406 766 1482 collyriis
788 1425 861 1486 qnae
884 1405 1053 1468 chelidonia
1072 1405 1168 1484 appel·

172 1489 266 1548 lentur
282 1490 317 1550 ab
335 1507 378 1550 ea,

128 1585 160 1638 91
235 1575 319 1652 (51.)
341 1573 492 1634 lnveniunt
514 1582 543 1632 et
565 1591 651 1634 canes
674 1591 728 1650 qua
745 1573 889 1633 fastidium
905 1575 1025 1633 vincunt
1043 1589 1193 1650 eamquco

171 1659 323 1718 innostro
345 1665 503 1734 conspectu
524 1655 674 1733 mandunt,
693 1657 744 1716 sed
768 1659 807 1716 ita
826 1665 856 1715 ut
878 1675 1032 1735 numquam
1054 1657 1165 1718 intelle·

171 1749 257 1818 gatar
278 1743 418 1818 quaesit.
451 1743 557 1800 etenim
579 1739 698 1817 depasta
719 1742 855 1800 cernitur.
887 1739 996 1800 Notata
1023 1750 1074 1801 est
1100 1741 1164 1800 baec

93 1817 96 1828 '
172 1824 301 1884 animalis
319 1825 381 1884 eius
398 1823 558 1901 malignitas
573 1825 602 1882 in
616 1823 672 1882 alia
686 1823 776 1882 herba
791 1826 892 1883 maior.
915 1842 1080 1902 percussus
1098 1826 1165 1884 eninr

172 1925 189 1965 a
210 1917 349 1985 serpente
371 1907 480 1967 mederi
505 1906 622 1985 quadam
646 1907 701 1965 sibi
727 1906 841 1983 diclhur,
866 1907 919 1966 sed
946 1907 1026 1969 illam
1052 1909 1164 1967 homine

174 1999 325 2068 spectante
343 2007 400 2048 non
418 1991 557 2068 decerpit.
1171 2019 1188 2058 ι.

129 2085 164 2138 92
239 2073 320 2150 (52)
342 2072 504 2151 Simplicius
526 2091 631 2134 cervae
651 2081 850 2135 monstravere
873 2073 1113 2152 elaphoboscon,
1132 2073 1162 2132 de

132 2175 163 2215 ιι
172 2179 195 2212 ιι
213 2173 268 2232 qua
280 2155 433 2232 diximus,
424 2165 493 2215 rtem
504 2157 640 2216 helxinen
651 2175 667 2215 a
679 2166 762 2234 partu
773 2158 882 2216 dictam.
903 2157 969 2236 (53.
971 2161 983 2233 )
995 2159 1162 2232 ostendere,

128 2255 147 2298 ι.
157 2257 180 2292 ιι
213 2246 243 2298 ut
254 2237 438 2300 indicavimus
451 2239 630 2316 dictamnum,
645 2241 814 2302 volneratae
828 2249 911 2318 pastu
927 2244 1027 2301 statim
1039 2243 1110 2302 telis
1122 2241 1162 2300 de·

170 2321 341 2381 cidentibus.
365 2340 423 2382 non
436 2331 482 2383 est
494 2325 562 2384 alibi
574 2342 657 2402 quam
672 2326 701 2384 in
713 2323 811 2399 Creta,
828 2326 913 2382 ramis
925 2333 1105 2401 praetenue,
1120 2343 1161 2401 pu·

169 2403 229 2470 leio
245 2404 352 2482 simile,
367 2407 485 2466 fervens
499 2416 528 2468 et
542 2426 609 2467 acre
625 2416 718 2484 gustu.
746 2407 825 2468 loliis
841 2415 949 2467 tantum
963 2417 1099 2484 utuntur,
1114 2409 1185 2466 dosa

168 2487 263 2547 nullus
286 2496 335 2548 ant
350 2508 450 2550 semen
464 2500 512 2550 aut
529 2490 630 2567 caulis,
648 2491 730 2550 radix
746 2493 840 2550 tenuis
857 2509 890 2550 ac
907 2509 1102 2568 supervacua.
1136 2497 1159 2548 et

168 2569 304 2632 increta
330 2581 502 2634 autemnon
524 2575 652 2652 spatiosa
678 2575 815 2650 nascitur,
836 2576 968 2651 mireque
995 2577 1097 2652 capris
1118 2591 1158 2632 ex·

125 2658 288 2732 93petitur.
323 2654 381 2715 Pro
404 2675 441 2717 eo
464 2666 510 2723 est
535 2666 564 2716 et
588 2657 869 2734 pseudodictamnum
894 2657 992 2717 multis
1020 2661 1050 2717 in
1080 2657 1156 2718 terris

169 2757 304 2815 nascens,
320 2739 393 2800 lolio
410 2740 514 2816 simile,
531 2739 646 2798 ramulis
663 2741 833 2816 minorihus,
854 2757 870 2798 a
889 2739 1064 2817 quibusdam
1080 2740 1156 2800 chon·

168 2820 228 2878 dris
240 2831 380 2882 vocatum.
404 2825 522 2883 minoris
537 2822 658 2882 effectus
672 2825 767 2883 statim
780 2823 968 2900 intellegitur.
992 2823 1179 2884 dictamnuuu

169 2903 244 2960 enim
256 2906 377 2964 minuma
389 2907 509 2983 potione
523 2906 652 2966 accendit
665 2919 707 2966 o's.
729 2909 776 2983 qui
793 2907 894 2982 legere
909 2925 958 2965 eas
971 2908 1002 2965 in
1018 2906 1113 2966 ferula
1124 2905 1156 2963 ibi

169 2994 218 3043 aut
241 2984 397 3048 harundine
413 2989 538 3049 condunt
555 2989 775 3067 praeligantquc
791 3009 827 3048 ne
848 2988 979 3067 potentia
996 2996 1155 3050 evanescat.

171 3077 237 3126 suut
251 3070 299 3146 qui
317 3067 411 3129 dicant
427 3080 576 3151 utramque
590 3090 668 3132 nasci
662 3073 872 3149 multifariam,
885 3072 938 3132 sed
948 3073 1139 3134 deteriores'
1132 3089 1155 3129 ru

170 3153 249 3228 agris
267 3152 431 3230 pinguibus,
455 3174 552 3214 veram
567 3156 681 3234 quidem
697 3155 865 3215 dictamnum
881 3174 939 3216 non
955 3159 1013 3219 nisi
1033 3159 1064 3216 in
1081 3173 1155 3234 aspe-

127 3237 222 3298 94ris.
252 3231 305 3292 Est
327 3243 357 3292 et
378 3239 493 3296 tertium
513 3257 605 3314 genus
625 3239 794 3298 dictamnum
817 3248 965 3314 vocaturn,
987 3240 1042 3299 sed
1066 3255 1177 3317 nequeo

170 3317 245 3376 facie
266 3332 360 3393 neque
383 3318 489 3378 ellectu
504 3321 608 3408 simile,
629 3321 702 3381 lolio
719 3323 864 3398 sisymbri‚
889 3325 975 3382 ramis
991 3323 1152 3396 maioribus,

172 3398 366 3476 praecedente
384 3404 573 3478 persuasione
590 3405 638 3464 illa
654 3405 813 3483 quidquid
805 3425 833 3465 ιιι
849 3404 937 3464 Creta
949 3416 1085 3466 nascatur
1098 3404 1151 3464 inb·

172 3483 211 3512 ‘¹'
283 3491 406 3542 raestare
426 3488 533 3545 ceteris
558 3488 686 3548 eiusdem
707 3491 825 3566 generis
852 3489 921 3548 alibi
947 3493 1071 3567 genitis,
1091 3504 1157 3567 pro·
