2458 3906
486 245 516 294 C.
532 247 629 294 PLINI
644 245 797 296 SECUNDI

377 435 590 568 oqrnmu
622 482 853 601 suounnu

205 654 592 752 litttlltt
635 649 1027 748 nttttttlnt

449 833 777 900 nnsnnxxn.

101 1167 116 1221 1
193 1153 264 1233 Gap.
284 1156 312 1214 1.
335 1153 432 1231 (Sect.
451 1156 495 1234 1.)
522 1154 556 1215 ln
576 1154 669 1215 bortis
698 1155 757 1214 seri
780 1162 810 1213 et
835 1161 1042 1214 coronamenta
1061 1152 1154 1212 iussit
1163 1152 1192 1195 ¹⁰

131 1238 203 1301 Cato
229 1237 414 1299 inenarrabili
441 1237 544 1298 dorum
570 1255 702 1300 maxume
731 1237 907 1313 subtilitate,
930 1237 1046 1316 quaudo
1074 1234 1153 1295 nulli

128 1333 227 1403 potest
242 1321 354 1383 facilius
371 1339 438 1382 esse
454 1323 534 1401 loqui
550 1339 636 1401 quam
650 1339 747 1382 rerum
757 1330 883 1382 naturae
898 1323 1035 1401 pingere,
1059 1320 1152 1380 lasci·

129 1409 219 1468 vienti
235 1407 406 1486 praesertim
429 1415 460 1466 et
480 1408 510 1466 in
529 1423 634 1484 magno
657 1406 765 1483 gando
783 1405 943 1466 fertilitatis
969 1414 1027 1468 tam
1045 1404 1153 1466 variae

100 1491 247 1553 tludenti.
280 1492 388 1570 quippe
405 1490 518 1569 reliqua
534 1509 603 1552 usus
617 1487 804 1568 alimentique
819 1491 912 1567 gratia
927 1491 1041 1567 genuit,
1065 1488 1153 1548 ideo·

130 1595 187 1655 que
212 1574 332 1636 saecula
354 1592 503 1653 annosque
518 1574 618 1635 tribuit
639 1575 690 1650 iis,
716 1573 806 1635 dores
828 1591 902 1634 vero
923 1573 1096 1650 odoresque
1121 1573 1153 1631 in
1164 1586 1190 1628 15

130 1663 205 1722 diem
231 1661 340 1738 gignit,
361 1677 485 1737 magna,
507 1670 539 1718 nt
564 1658 659 1738 palam
686 1668 747 1734 est,
777 1658 974 1719 admonitione
998 1657 1154 1718 bominum

131 1762 205 1822 quae
233 1745 445 1823 spectatissime
472 1744 597 1804 boreant
625 1743 780 1802 celerrime
805 1759 1011 1818 marcescere,
1040 1741 1098 1802 scd
1112 1757 1154 1800 ne

131 1831 242 1908 pictura
257 1828 372 1907 quidem
387 1827 549 1888 sulliciente
570 1827 686 1904 imagini
707 1827 840 1888 colorum
858 1825 1029 1888 reddendae
1043 1826 1153 1885 mixtu·

130 1929 283 1991 rarumque
310 1912 458 1987 varietati,
482 1912 544 1971 sive
569 1911 673 1972 alterni
699 1921 786 1990 atque
812 1909 992 1990 multiplices
1010 1911 1090 1970 inter
1115 1926 1154 1968 se

130 2003 297 2070 nectantur,
320 1995 383 2053 sive
396 1995 516 2073 privatis
532 2013 673 2073 generum
687 1995 822 2055 funiculis
839 1995 868 2055 in
885 1993 1006 2070 orbem,
1026 1995 1056 2054 in
1073 1992 1151 2053 obli·
1162 2004 1189 2046 ab

131 2097 210 2153 curn,
238 2079 267 2136 in
282 2077 415 2138 ambitum
430 2079 571 2156 quaedam
588 2097 716 2140 coronae
734 2097 789 2158 per
809 2095 935 2139 coronas
951 2087 1083 2138 currunt.

102 2169 120 2224 3
192 2161 221 2221 2.
244 2161 308 2240 (2.)
331 2160 523 2223 Tenuioribus
545 2163 696 2224 utebantur
712 2164 819 2242 antiqui
835 2172 976 2242 struppos
992 2160 1154 2242 appellan-

130 2254 194 2321 tes,
220 2245 296 2305 unde
312 2255 377 2306 nata
396 2247 567 2326 strophiola.
599 2248 667 2326 quin
682 2246 899 2307 etvocabulum
919 2248 1015 2326 ipsum
1031 2245 1154 2306 tandem

131 2329 368 2390 communicatum
383 2339 429 2390 est
443 2332 518 2391 inter
533 2349 618 2392 sacra
633 2341 740 2392 tantum
757 2340 786 2392 et
798 2330 927 2392 bellicos
945 2330 1079 2390 bonores
1100 2347 1152 2390 co·

129 2413 208 2473 ronis
224 2430 306 2474 suum
320 2429 425 2474 nomen
439 2413 661 2475 vindicantibus.
687 2433 752 2476 cum
766 2433 839 2475 vero
857 2434 873 2476 e
889 2413 1013 2475 floribus
1028 2413 1151 2490 fierent,
1162 2426 1188 2468 at

130 2504 209 2558 serta
228 2516 244 2557 a
267 2498 392 2558 serendo
410 2499 526 2558 serieve
547 2498 785 2576 appellabantur,
810 2499 889 2580 quod
911 2498 990 2578 apud
1014 2496 1153 2559 Graecos

130 2598 246 2659 quoque
263 2599 320 2642 non
336 2581 411 2641 adeo
427 2582 582 2661 antiquitus
597 2583 717 2660 placuit.

101 2673 119 2726 4
193 2663 256 2744 (3.)
280 2665 424 2725 Arborum
441 2666 516 2726 enim
530 2666 617 2726 ramis
631 2667 767 2728 coronari
782 2669 812 2727 in
827 2667 921 2728 sacris
939 2665 1154 2726 certaminibus

129 2764 193 2808 mos
215 2750 427 2827 eratprimum.
465 2758 569 2828 postea
585 2751 692 2810 variari
714 2760 851 2831 coeptum
872 2751 996 2810 mixtura
1014 2749 1153 2809 versico·

130 2831 185 2892 lori
210 2830 329 2908 dorum,
359 2850 434 2912 quae
460 2834 583 2893 invicem
610 2834 719 2895 odores
747 2834 927 2912 coloresque
954 2832 1187 2908 accenderet,ao

131 2915 257 2989 Sicyone
284 2918 401 2994 ingenio
429 2917 552 2977 Pausiae
581 2919 703 2997 pictoris
731 2928 819 2998 atque
842 2918 991 2993 Glycerae
1023 2933 1152 2977 corona·

130 2999 191 3058 riae
207 2999 333 3060 dilectae
351 3000 503 3062 admodum
520 3000 579 3077 illi,
612 3019 676 3061 cum
693 3019 785 3080 opera
801 3004 864 3063 eius
886 3002 1002 3081 pictura
1020 3001 1151 3062 imitare·

131 3089 192 3157 tur,
209 3083 259 3144 illa
275 3100 441 3162 provocans
461 3086 598 3160 variaret,
618 3095 757 3165 essetque
782 3096 931 3147 certamen
952 3085 1024 3145 artis
1047 3103 1085 3146 ac
1099 3101 1151 3145 na·

129 3173 229 3244 turae,
253 3168 355 3246 quales
371 3169 546 3229 etiamnunc
563 3177 677 3229 exstant
694 3171 811 3230 artificis
834 3171 912 3230 illius
934 3168 1085 3244 tabellae,
1106 3178 1150 3229 at-

131 3266 188 3324 que
213 3251 242 3310 in
265 3252 365 3330 primis
388 3251 536 3330 appellata
562 3252 810 3332 stephaneplocos
837 3272 893 3333 qua
919 3253 1014 3331 pinxit
1041 3253 1184 3331 ipsamas

104 3330 218 3408 oidque
233 3334 339 3395 iactum
359 3343 404 3394 est
418 3344 486 3413 post
503 3333 675 3414 Olympiada
693 3339 891 3398 centesimam.
924 3337 970 3396 sic
993 3337 1117 3396 coronis
1135 3354 1152 3397 e

132 3412 252 3476 boribus
269 3419 397 3496 receptis
413 3417 500 3494 paulo
513 3435 581 3478 mox
597 3417 713 3480 subiere
729 3438 805 3500 quae
820 3429 964 3482 vocantur
977 3420 1152 3500 Aegyptiae

132 3511 167 3555 ac
181 3498 286 3559 deinde
303 3499 456 3577 hibernae,
481 3519 545 3560 cum
567 3510 645 3562 terra
663 3503 753 3564 liores
769 3515 874 3584 namt,
897 3513 1032 3565 ramento
1051 3523 1067 3565 e
1085 3515 1152 3566 cor·
