<?xml version="1.0" encoding="UTF-8"?>
<!DOCTYPE html PUBLIC "-//W3C//DTD XHTML 1.0 Transitional//EN"
    "http://www.w3.org/TR/xhtml1/DTD/xhtml1-transitional.dtd">
<html xmlns="http://www.w3.org/1999/xhtml" xml:lang="en" lang="en">
 <head>
  <title>
</title>
<meta http-equiv="Content-Type" content="text/html;charset=utf-8" />
  <meta name='ocr-system' content='tesseract 3.04.00' />
  <meta name='ocr-capabilities' content='ocr_page ocr_carea ocr_par ocr_line ocrx_word'/>
</head>
<body>
  <div class='ocr_page' id='page_1' title='image "./naturalishistor00plingoog/naturalishistor00plingoog_0116.png"; bbox 0 0 2396 3900; ppageno 0'>
   <div class='ocr_carea' id='block_1_1' title="bbox 163 230 824 291">
    <p class='ocr_par' dir='ltr' id='par_1_1' title="bbox 163 230 824 291">
     <span class='ocr_line' id='line_1_1' title="bbox 163 230 824 291; baseline -0.015 0"><span class='ocrx_word' id='word_1_1' title='bbox 163 230 203 291; x_wconf 85' lang='lat'>60</span> <span class='ocrx_word' id='word_1_2' title='bbox 516 237 545 284; x_wconf 87' lang='lat' dir='ltr'>c.</span> <span class='ocrx_word' id='word_1_3' title='bbox 564 237 659 284; x_wconf 79' lang='lat' dir='ltr'>amau</span> <span class='ocrx_word' id='word_1_4' title='bbox 674 234 824 284; x_wconf 83' lang='lat' dir='ltr'>saeuum</span> 
     </span>
    </p>
   </div>
   <div class='ocr_carea' id='block_1_2' title="bbox 115 385 1197 3574">
    <p class='ocr_par' dir='ltr' id='par_1_2' title="bbox 115 385 1197 3574">
     <span class='ocr_line' id='line_1_2' title="bbox 163 385 1161 470; baseline -0.011 -14"><span class='ocrx_word' id='word_1_5' title='bbox 163 405 263 457; x_wconf 90' lang='lat' dir='ltr'>natura</span> <span class='ocrx_word' id='word_1_6' title='bbox 278 403 308 454; x_wconf 90' lang='lat' dir='ltr'>ut</span> <span class='ocrx_word' id='word_1_7' title='bbox 322 395 405 454; x_wconf 86' lang='lat' dir='ltr'>altius</span> <span class='ocrx_word' id='word_1_8' title='bbox 424 391 607 452; x_wconf 80' lang='lat' dir='ltr'>demittantur</span> <span class='ocrx_word' id='word_1_9' title='bbox 628 407 663 450; x_wconf 87' lang='lat' dir='ltr'>ea</span> <span class='ocrx_word' id='word_1_10' title='bbox 684 407 758 468; x_wconf 88' lang='lat' dir='ltr'>qnae</span> <span class='ocrx_word' id='word_1_11' title='bbox 775 407 883 470; x_wconf 87' lang='lat' dir='ltr'>summa</span> <span class='ocrx_word' id='word_1_12' title='bbox 900 387 1007 448; x_wconf 92' lang='lat' dir='ltr'>tellure</span> <span class='ocrx_word' id='word_1_13' title='bbox 1024 385 1161 464; x_wconf 78' lang='lat' dir='ltr'>gaudent,</span> 
     </span>
     <span class='ocr_line' id='line_1_3' title="bbox 162 469 1160 557; baseline -0.013 -16"><span class='ocrx_word' id='word_1_14' title='bbox 162 492 305 557; x_wconf 88' lang='lat' dir='ltr'>tamquam</span> <span class='ocrx_word' id='word_1_15' title='bbox 325 477 469 552; x_wconf 81' lang='lat' dir='ltr'>fraxinus,</span> <span class='ocrx_word' id='word_1_16' title='bbox 494 475 572 535; x_wconf 92' lang='lat' dir='ltr'>olea.</span> <span class='ocrx_word' id='word_1_17' title='bbox 611 475 685 534; x_wconf 89' lang='lat' dir='ltr'>baec</span> <span class='ocrx_word' id='word_1_18' title='bbox 712 483 741 532; x_wconf 91' lang='lat' dir='ltr'>et</span> <span class='ocrx_word' id='word_1_19' title='bbox 764 472 866 533; x_wconf 82' lang='lat' dir='ltr'>similia</span> <span class='ocrx_word' id='word_1_20' title='bbox 886 480 1045 550; x_wconf 90' lang='lat' dir='ltr'>quaternos</span> <span class='ocrx_word' id='word_1_21' title='bbox 1068 469 1160 548; x_wconf 90' lang='lat' dir='ltr'>pedes</span> 
     </span>
     <span class='ocr_line' id='line_1_4' title="bbox 164 553 1160 644; baseline -0.013 -20"><span class='ocrx_word' id='word_1_22' title='bbox 164 572 281 644; x_wconf 85' lang='lat' dir='ltr'>oportet</span> <span class='ocrx_word' id='word_1_23' title='bbox 308 561 426 634; x_wconf 89' lang='lat' dir='ltr'>demitti.</span> <span class='ocrx_word' id='word_1_24' title='bbox 468 561 576 619; x_wconf 85' lang='lat' dir='ltr'>ceteris</span> <span class='ocrx_word' id='word_1_25' title='bbox 605 567 649 618; x_wconf 90' lang='lat' dir='ltr'>sat</span> <span class='ocrx_word' id='word_1_26' title='bbox 677 558 832 618; x_wconf 85' lang='lat' dir='ltr'>altitudinis</span> <span class='ocrx_word' id='word_1_27' title='bbox 864 556 956 635; x_wconf 91' lang='lat' dir='ltr'>pedes</span> <span class='ocrx_word' id='word_1_28' title='bbox 987 553 1064 614; x_wconf 92' lang='lat' dir='ltr'>terni</span> <span class='ocrx_word' id='word_1_29' title='bbox 1094 553 1160 612; x_wconf 87' lang='lat' dir='ltr'>elle·</span> 
     </span>
     <span class='ocr_line' id='line_1_5' title="bbox 163 637 1161 720; baseline -0.015 -12"><span class='ocrx_word' id='word_1_30' title='bbox 163 649 264 708; x_wconf 80' lang='lat' dir='ltr'>cerini.</span> <span class='ocrx_word' id='word_1_31' title='bbox 285 643 329 681; x_wconf 66' lang='lat'>⁴¹*</span> <span class='ocrx_word' id='word_1_32' title='bbox 371 643 516 703; x_wconf 85' lang='lat' dir='ltr'>Excide</span> <span class='ocrx_word' id='word_1_33' title='bbox 542 643 719 718; x_wconf 89' lang='lat' dir='ltr'>radicem,</span> <span class='ocrx_word' id='word_1_34' title='bbox 750 642 859 720; x_wconf 90' lang='lat' dir='ltr'>inquit,</span> <span class='ocrx_word' id='word_1_35' title='bbox 883 641 1005 713; x_wconf 90' lang='lat' dir='ltr'>istam,</span> <span class='ocrx_word' id='word_1_36' title='bbox 1031 637 1161 715; x_wconf 83' lang='lat' dir='ltr'>Papirius</span> 
     </span>
     <span class='ocr_line' id='line_1_6' title="bbox 164 721 1197 807; baseline -0.007 -16"><span class='ocrx_word' id='word_1_37' title='bbox 164 729 274 791; x_wconf 85' lang='lat' dir='ltr'>Cursor</span> <span class='ocrx_word' id='word_1_38' title='bbox 303 731 477 807; x_wconf 89' lang='lat' dir='ltr'>imperator,</span> <span class='ocrx_word' id='word_1_39' title='bbox 507 727 543 786; x_wconf 93' lang='lat' dir='ltr'>ad</span> <span class='ocrx_word' id='word_1_40' title='bbox 571 736 713 787; x_wconf 89' lang='lat' dir='ltr'>terrorem</span> <span class='ocrx_word' id='word_1_41' title='bbox 741 725 990 784; x_wconf 88' lang='lat' dir='ltr'>Praenestinorum</span> <span class='ocrx_word' id='word_1_42' title='bbox 1017 721 1197 799; x_wconf 63' lang='lat' dir='ltr'>praetorias,</span> 
     </span>
     <span class='ocr_line' id='line_1_7' title="bbox 163 807 1161 890; baseline -0.013 -14"><span class='ocrx_word' id='word_1_43' title='bbox 163 813 303 890; x_wconf 76' lang='lat' dir='ltr'>destringi</span> <span class='ocrx_word' id='word_1_44' title='bbox 322 813 418 872; x_wconf 84' lang='lat' dir='ltr'>securi</span> <span class='ocrx_word' id='word_1_45' title='bbox 433 812 520 870; x_wconf 90' lang='lat' dir='ltr'>iussa.</span> <span class='ocrx_word' id='word_1_46' title='bbox 550 818 579 870; x_wconf 90' lang='lat' dir='ltr'>et</span> <span class='ocrx_word' id='word_1_47' title='bbox 594 819 640 870; x_wconf 89' lang='lat' dir='ltr'>est</span> <span class='ocrx_word' id='word_1_48' title='bbox 655 810 799 869; x_wconf 88' lang='lat' dir='ltr'>innoxium</span> <span class='ocrx_word' id='word_1_49' title='bbox 815 807 914 868; x_wconf 88' lang='lat' dir='ltr'>abradi</span> <span class='ocrx_word' id='word_1_50' title='bbox 929 807 1021 885; x_wconf 88' lang='lat' dir='ltr'>partis</span> <span class='ocrx_word' id='word_1_51' title='bbox 1037 823 1116 883; x_wconf 89' lang='lat' dir='ltr'>quae</span> <span class='ocrx_word' id='word_1_52' title='bbox 1131 823 1161 863; x_wconf 89' lang='lat' dir='ltr'>se</span> 
     </span>
     <span class='ocr_line' id='line_1_8' title="bbox 118 888 1161 974; baseline -0.016 -11"><span class='ocrx_word' id='word_1_53' title='bbox 118 898 342 963; x_wconf 73' lang='lat' dir='ltr'>abundaverint.</span> <span class='ocrx_word' id='word_1_54' title='bbox 370 895 473 955; x_wconf 87' lang='lat' dir='ltr'>Testas</span> <span class='ocrx_word' id='word_1_55' title='bbox 490 893 597 974; x_wconf 81' lang='lat' dir='ltr'>aliqui,</span> <span class='ocrx_word' id='word_1_56' title='bbox 611 894 699 974; x_wconf 82' lang='lat' dir='ltr'>aliqui</span> <span class='ocrx_word' id='word_1_57' title='bbox 714 893 825 972; x_wconf 86' lang='lat' dir='ltr'>lapides</span> <span class='ocrx_word' id='word_1_58' title='bbox 841 891 981 952; x_wconf 90' lang='lat' dir='ltr'>rotundos</span> <span class='ocrx_word' id='word_1_59' title='bbox 994 888 1092 950; x_wconf 92' lang='lat' dir='ltr'>subici</span> <span class='ocrx_word' id='word_1_60' title='bbox 1107 907 1161 947; x_wconf 90' lang='lat' dir='ltr'>ma·</span> 
     </span>
     <span class='ocr_line' id='line_1_9' title="bbox 162 973 1161 1060; baseline -0.01 -19"><span class='ocrx_word' id='word_1_61' title='bbox 162 984 222 1042; x_wconf 93' lang='lat' dir='ltr'>lunt</span> <span class='ocrx_word' id='word_1_62' title='bbox 236 983 285 1060; x_wconf 90' lang='lat' dir='ltr'>qui</span> <span class='ocrx_word' id='word_1_63' title='bbox 301 989 330 1040; x_wconf 90' lang='lat' dir='ltr'>et</span> <span class='ocrx_word' id='word_1_64' title='bbox 348 980 512 1039; x_wconf 89' lang='lat' dir='ltr'>contineant</span> <span class='ocrx_word' id='word_1_65' title='bbox 527 995 656 1038; x_wconf 90' lang='lat' dir='ltr'>umorem</span> <span class='ocrx_word' id='word_1_66' title='bbox 671 986 700 1038; x_wconf 93' lang='lat' dir='ltr'>et</span> <span class='ocrx_word' id='word_1_67' title='bbox 711 978 917 1052; x_wconf 88' lang='lat' dir='ltr'>transmittant,</span> <span class='ocrx_word' id='word_1_68' title='bbox 940 992 999 1034; x_wconf 94' lang='lat' dir='ltr'>non</span> <span class='ocrx_word' id='word_1_69' title='bbox 1014 975 1086 1033; x_wconf 88' lang='lat' dir='ltr'>item</span> <span class='ocrx_word' id='word_1_70' title='bbox 1104 973 1161 1052; x_wconf 93' lang='lat' dir='ltr'>pla·</span> 
     </span>
     <span class='ocr_line' id='line_1_10' title="bbox 162 1057 1197 1135; baseline -0.011 -9"><span class='ocrx_word' id='word_1_71' title='bbox 162 1085 215 1127; x_wconf 91' lang='lat' dir='ltr'>nos</span> <span class='ocrx_word' id='word_1_72' title='bbox 232 1066 331 1124; x_wconf 88' lang='lat' dir='ltr'>lacere</span> <span class='ocrx_word' id='word_1_73' title='bbox 348 1073 376 1122; x_wconf 89' lang='lat' dir='ltr'>et</span> <span class='ocrx_word' id='word_1_74' title='bbox 391 1082 407 1123; x_wconf 95' lang='lat' dir='ltr'>a</span> <span class='ocrx_word' id='word_1_75' title='bbox 424 1072 541 1122; x_wconf 92' lang='lat' dir='ltr'>terreno</span> <span class='ocrx_word' id='word_1_76' title='bbox 563 1080 665 1122; x_wconf 88' lang='lat' dir='ltr'>arcere</span> <span class='ocrx_word' id='word_1_77' title='bbox 684 1062 812 1121; x_wconf 87' lang='lat' dir='ltr'>radicem</span> <span class='ocrx_word' id='word_1_78' title='bbox 824 1061 1035 1120; x_wconf 81' lang='lat' dir='ltr'>existimantes.</span> <span class='ocrx_word' id='word_1_79' title='bbox 1063 1057 1162 1135; x_wconf 88' lang='lat' dir='ltr'>glarea</span> <span class='ocrx_word' id='word_1_80' title='bbox 1194 1071 1197 1130; x_wconf 66' lang='grc' dir='ltr'>ζ</span> 
     </span>
     <span class='ocr_line' id='line_1_11' title="bbox 118 1143 1191 1224; baseline -0.006 -14"><span class='ocrx_word' id='word_1_81' title='bbox 118 1149 310 1214; x_wconf 81' lang='lat' dir='ltr'>aasubstrata</span> <span class='ocrx_word' id='word_1_82' title='bbox 337 1149 411 1207; x_wconf 90' lang='lat' dir='ltr'>inter</span> <span class='ocrx_word' id='word_1_83' title='bbox 431 1155 581 1224; x_wconf 89' lang='lat' dir='ltr'>utramque</span> <span class='ocrx_word' id='word_1_84' title='bbox 608 1147 778 1205; x_wconf 91' lang='lat' dir='ltr'>sententiam</span> <span class='ocrx_word' id='word_1_85' title='bbox 804 1145 900 1204; x_wconf 86' lang='lat' dir='ltr'>inerit.</span> <span class='ocrx_word' id='word_1_86' title='bbox 935 1143 1086 1203; x_wconf 81' lang='lat' dir='ltr'>Arborum</span> <span class='ocrx_word' id='word_1_87' title='bbox 1110 1159 1191 1204; x_wconf 82' lang='lat' dir='ltr'>necta</span> 
     </span>
     <span class='ocr_line' id='line_1_12' title="bbox 162 1227 1161 1306; baseline -0.008 -14"><span class='ocrx_word' id='word_1_88' title='bbox 162 1235 301 1293; x_wconf 89' lang='lat' dir='ltr'>minorem</span> <span class='ocrx_word' id='word_1_89' title='bbox 322 1231 397 1291; x_wconf 86' lang='lat' dir='ltr'>bima</span> <span class='ocrx_word' id='word_1_90' title='bbox 416 1249 472 1290; x_wconf 91' lang='lat' dir='ltr'>nec</span> <span class='ocrx_word' id='word_1_91' title='bbox 492 1233 629 1290; x_wconf 90' lang='lat' dir='ltr'>maiorem</span> <span class='ocrx_word' id='word_1_92' title='bbox 649 1231 731 1290; x_wconf 89' lang='lat' dir='ltr'>trima</span> <span class='ocrx_word' id='word_1_93' title='bbox 753 1229 912 1290; x_wconf 81' lang='lat' dir='ltr'>transferre</span> <span class='ocrx_word' id='word_1_94' title='bbox 939 1227 1058 1306; x_wconf 89' lang='lat' dir='ltr'>quidam</span> <span class='ocrx_word' id='word_1_95' title='bbox 1081 1243 1161 1304; x_wconf 90' lang='lat' dir='ltr'>prae-</span> 
     </span>
     <span class='ocr_line' id='line_1_13' title="bbox 163 1310 1196 1395; baseline -0.009 -19"><span class='ocrx_word' id='word_1_96' title='bbox 163 1317 287 1395; x_wconf 88' lang='lat' dir='ltr'>cipiunt,</span> <span class='ocrx_word' id='word_1_97' title='bbox 311 1315 359 1374; x_wconf 90' lang='lat' dir='ltr'>alii</span> <span class='ocrx_word' id='word_1_98' title='bbox 379 1333 443 1374; x_wconf 90' lang='lat' dir='ltr'>cum</span> <span class='ocrx_word' id='word_1_99' title='bbox 459 1331 560 1374; x_wconf 87' lang='lat' dir='ltr'>annum</span> <span class='ocrx_word' id='word_1_100' title='bbox 576 1313 728 1392; x_wconf 87' lang='lat' dir='ltr'>conpleat,</span> <span class='ocrx_word' id='word_1_101' title='bbox 749 1311 821 1373; x_wconf 84' lang='lat' dir='ltr'>Cato</span> <span class='ocrx_word' id='word_1_102' title='bbox 844 1311 1021 1373; x_wconf 85' lang='lat' dir='ltr'>crassiorem</span> <span class='ocrx_word' id='word_1_103' title='bbox 1037 1310 1162 1389; x_wconf 91' lang='lat' dir='ltr'>quinque</span> <span class='ocrx_word' id='word_1_104' title='bbox 1195 1325 1196 1329; x_wconf 48' lang='lat'>¹</span> 
     </span>
     <span class='ocr_line' id='line_1_14' title="bbox 163 1391 1163 1477; baseline -0.009 -17"><span class='ocrx_word' id='word_1_105' title='bbox 163 1400 270 1477; x_wconf 76' lang='lat' dir='ltr'>digitis.</span> <span class='ocrx_word' id='word_1_106' title='bbox 303 1397 368 1459; x_wconf 90' lang='lat' dir='ltr'>Non</span> <span class='ocrx_word' id='word_1_107' title='bbox 384 1399 530 1458; x_wconf 88' lang='lat' dir='ltr'>omisisset</span> <span class='ocrx_word' id='word_1_108' title='bbox 551 1397 642 1472; x_wconf 90' lang='lat' dir='ltr'>idem,</span> <span class='ocrx_word' id='word_1_109' title='bbox 667 1399 691 1456; x_wconf 91' lang='lat' dir='ltr'>si</span> <span class='ocrx_word' id='word_1_110' title='bbox 712 1399 861 1472; x_wconf 87' lang='lat' dir='ltr'>attineret,</span> <span class='ocrx_word' id='word_1_111' title='bbox 884 1395 1076 1455; x_wconf 88' lang='lat' dir='ltr'>meridianam</span> <span class='ocrx_word' id='word_1_112' title='bbox 1092 1391 1163 1452; x_wconf 87' lang='lat' dir='ltr'>caeli</span> 
     </span>
     <span class='ocr_line' id='line_1_15' title="bbox 162 1477 1162 1562; baseline -0.007 -20"><span class='ocrx_word' id='word_1_113' title='bbox 162 1491 274 1562; x_wconf 87' lang='lat' dir='ltr'>partem</span> <span class='ocrx_word' id='word_1_114' title='bbox 294 1483 410 1560; x_wconf 90' lang='lat' dir='ltr'>signare</span> <span class='ocrx_word' id='word_1_115' title='bbox 432 1482 460 1540; x_wconf 94' lang='lat' dir='ltr'>in</span> <span class='ocrx_word' id='word_1_116' title='bbox 482 1483 608 1557; x_wconf 89' lang='lat' dir='ltr'>cortice,</span> <span class='ocrx_word' id='word_1_117' title='bbox 630 1491 660 1540; x_wconf 91' lang='lat' dir='ltr'>ut</span> <span class='ocrx_word' id='word_1_118' title='bbox 679 1481 835 1541; x_wconf 88' lang='lat' dir='ltr'>translatae</span> <span class='ocrx_word' id='word_1_119' title='bbox 858 1481 960 1540; x_wconf 92' lang='lat' dir='ltr'>iisdem</span> <span class='ocrx_word' id='word_1_120' title='bbox 982 1488 1013 1538; x_wconf 87' lang='lat' dir='ltr'>et</span> <span class='ocrx_word' id='word_1_121' title='bbox 1034 1477 1162 1538; x_wconf 91' lang='lat' dir='ltr'>adsuetis</span> 
     </span>
     <span class='ocr_line' id='line_1_16' title="bbox 162 1560 1190 1643; baseline -0.011 -17"><span class='ocrx_word' id='word_1_122' title='bbox 162 1575 356 1626; x_wconf 85' lang='lat' dir='ltr'>statuerentur</span> <span class='ocrx_word' id='word_1_123' title='bbox 369 1565 460 1642; x_wconf 86' lang='lat' dir='ltr'>horis,</span> <span class='ocrx_word' id='word_1_124' title='bbox 472 1584 508 1625; x_wconf 92' lang='lat' dir='ltr'>ne</span> <span class='ocrx_word' id='word_1_125' title='bbox 521 1565 686 1643; x_wconf 89' lang='lat' dir='ltr'>aquiloniae</span> <span class='ocrx_word' id='word_1_126' title='bbox 699 1565 863 1626; x_wconf 89' lang='lat' dir='ltr'>meridianis</span> <span class='ocrx_word' id='word_1_127' title='bbox 880 1565 1038 1642; x_wconf 87' lang='lat' dir='ltr'>oppositae</span> <span class='ocrx_word' id='word_1_128' title='bbox 1052 1560 1162 1620; x_wconf 90' lang='lat' dir='ltr'>solibus</span> <span class='ocrx_word' id='word_1_129' title='bbox 1170 1575 1190 1616; x_wconf 81' lang='lat' dir='ltr'>nt</span> 
     </span>
     <span class='ocr_line' id='line_1_17' title="bbox 118 1644 1197 1728; baseline -0.012 -12"><span class='ocrx_word' id='word_1_130' title='bbox 118 1651 357 1726; x_wconf 75' lang='lat' dir='ltr'>dllinderentur,</span> <span class='ocrx_word' id='word_1_131' title='bbox 377 1659 406 1709; x_wconf 89' lang='lat' dir='ltr'>et</span> <span class='ocrx_word' id='word_1_132' title='bbox 422 1649 555 1727; x_wconf 79' lang='lat' dir='ltr'>algerent</span> <span class='ocrx_word' id='word_1_133' title='bbox 575 1650 750 1711; x_wconf 89' lang='lat' dir='ltr'>meridianae</span> <span class='ocrx_word' id='word_1_134' title='bbox 766 1647 957 1728; x_wconf 88' lang='lat' dir='ltr'>aquilonibus.</span> <span class='ocrx_word' id='word_1_135' title='bbox 989 1645 1072 1725; x_wconf 93' lang='lat' dir='ltr'>quod</span> <span class='ocrx_word' id='word_1_136' title='bbox 1094 1644 1162 1705; x_wconf 91' lang='lat' dir='ltr'>edi·</span> <span class='ocrx_word' id='word_1_137' title='bbox 1196 1647 1197 1650; x_wconf 74' lang='grc'>’</span> 
     </span>
     <span class='ocr_line' id='line_1_18' title="bbox 161 1729 1163 1811; baseline -0.007 -17"><span class='ocrx_word' id='word_1_138' title='bbox 161 1753 248 1795; x_wconf 88' lang='lat' dir='ltr'>verso</span> <span class='ocrx_word' id='word_1_139' title='bbox 265 1734 411 1795; x_wconf 86' lang='lat' dir='ltr'>adlectant</span> <span class='ocrx_word' id='word_1_140' title='bbox 427 1735 511 1793; x_wconf 90' lang='lat' dir='ltr'>etiam</span> <span class='ocrx_word' id='word_1_141' title='bbox 526 1735 640 1811; x_wconf 90' lang='lat' dir='ltr'>quidam</span> <span class='ocrx_word' id='word_1_142' title='bbox 656 1735 685 1792; x_wconf 92' lang='lat' dir='ltr'>in</span> <span class='ocrx_word' id='word_1_143' title='bbox 700 1734 757 1793; x_wconf 89' lang='lat' dir='ltr'>vite</span> <span class='ocrx_word' id='word_1_144' title='bbox 776 1733 902 1810; x_wconf 90' lang='lat' dir='ltr'>licoque,</span> <span class='ocrx_word' id='word_1_145' title='bbox 917 1739 1121 1810; x_wconf 88' lang='lat' dir='ltr'>permutantes</span> <span class='ocrx_word' id='word_1_146' title='bbox 1138 1729 1163 1787; x_wconf 96' lang='lat' dir='ltr'>in</span> 
     </span>
     <span class='ocr_line' id='line_1_19' title="bbox 162 1817 1163 1894; baseline -0.006 -16"><span class='ocrx_word' id='word_1_147' title='bbox 162 1819 345 1878; x_wconf 89' lang='lat' dir='ltr'>eontrarium.</span> <span class='ocrx_word' id='word_1_148' title='bbox 372 1818 525 1878; x_wconf 90' lang='lat' dir='ltr'>densiores</span> <span class='ocrx_word' id='word_1_149' title='bbox 536 1819 611 1877; x_wconf 90' lang='lat' dir='ltr'>enirn</span> <span class='ocrx_word' id='word_1_150' title='bbox 624 1817 695 1877; x_wconf 93' lang='lat' dir='ltr'>iolio</span> <span class='ocrx_word' id='word_1_151' title='bbox 706 1819 744 1877; x_wconf 92' lang='lat' dir='ltr'>ita</span> <span class='ocrx_word' id='word_1_152' title='bbox 759 1817 821 1876; x_wconf 89' lang='lat' dir='ltr'>lieri</span> <span class='ocrx_word' id='word_1_153' title='bbox 834 1817 986 1894; x_wconf 88' lang='lat' dir='ltr'>magisque</span> <span class='ocrx_word' id='word_1_154' title='bbox 999 1823 1163 1893; x_wconf 87' lang='lat' dir='ltr'>protegere</span> 
     </span>
     <span class='ocr_line' id='line_1_20' title="bbox 161 1897 1164 1980; baseline -0.006 -18"><span class='ocrx_word' id='word_1_155' title='bbox 161 1902 283 1962; x_wconf 81' lang='lat' dir='ltr'>fructum</span> <span class='ocrx_word' id='word_1_156' title='bbox 309 1909 338 1960; x_wconf 91' lang='lat' dir='ltr'>et</span> <span class='ocrx_word' id='word_1_157' title='bbox 360 1903 452 1961; x_wconf 89' lang='lat' dir='ltr'>minus</span> <span class='ocrx_word' id='word_1_158' title='bbox 477 1903 627 1978; x_wconf 89' lang='lat' dir='ltr'>amittere,</span> <span class='ocrx_word' id='word_1_159' title='bbox 654 1901 795 1980; x_wconf 87' lang='lat' dir='ltr'>ficumque</span> <span class='ocrx_word' id='word_1_160' title='bbox 821 1901 864 1959; x_wconf 89' lang='lat' dir='ltr'>sic</span> <span class='ocrx_word' id='word_1_161' title='bbox 890 1902 977 1959; x_wconf 89' lang='lat' dir='ltr'>etiam</span> <span class='ocrx_word' id='word_1_162' title='bbox 1008 1897 1164 1958; x_wconf 81' lang='lat' dir='ltr'>scansilem</span> 
     </span>
     <span class='ocr_line' id='line_1_21' title="bbox 162 1982 1190 2063; baseline -0.006 -18"><span class='ocrx_word' id='word_1_163' title='bbox 162 1986 233 2045; x_wconf 91' lang='lat' dir='ltr'>lieri.</span> <span class='ocrx_word' id='word_1_164' title='bbox 262 1984 396 2063; x_wconf 93' lang='lat' dir='ltr'>plerique</span> <span class='ocrx_word' id='word_1_165' title='bbox 413 1985 441 2044; x_wconf 91' lang='lat' dir='ltr'>id</span> <span class='ocrx_word' id='word_1_166' title='bbox 456 1984 569 2044; x_wconf 88' lang='lat' dir='ltr'>demum</span> <span class='ocrx_word' id='word_1_167' title='bbox 586 1995 691 2046; x_wconf 88' lang='lat' dir='ltr'>cavent</span> <span class='ocrx_word' id='word_1_168' title='bbox 709 1993 739 2044; x_wconf 91' lang='lat' dir='ltr'>ut</span> <span class='ocrx_word' id='word_1_169' title='bbox 754 1985 841 2063; x_wconf 90' lang='lat' dir='ltr'>plaga</span> <span class='ocrx_word' id='word_1_170' title='bbox 856 1983 986 2062; x_wconf 90' lang='lat' dir='ltr'>deputati</span> <span class='ocrx_word' id='word_1_171' title='bbox 1004 1982 1190 2042; x_wconf 85' lang='lat' dir='ltr'>cacuminisu</span> 
     </span>
     <span class='ocr_line' id='line_1_22' title="bbox 161 2064 1162 2146; baseline -0.004 -18"><span class='ocrx_word' id='word_1_172' title='bbox 161 2067 309 2128; x_wconf 89' lang='lat' dir='ltr'>meridiem</span> <span class='ocrx_word' id='word_1_173' title='bbox 332 2077 464 2146; x_wconf 86' lang='lat' dir='ltr'>spectet,</span> <span class='ocrx_word' id='word_1_174' title='bbox 490 2071 582 2146; x_wconf 89' lang='lat' dir='ltr'>ignari</span> <span class='ocrx_word' id='word_1_175' title='bbox 603 2069 714 2129; x_wconf 91' lang='lat' dir='ltr'>lissuris</span> <span class='ocrx_word' id='word_1_176' title='bbox 735 2069 811 2128; x_wconf 91' lang='lat' dir='ltr'>nimii</span> <span class='ocrx_word' id='word_1_177' title='bbox 831 2069 950 2146; x_wconf 88' lang='lat' dir='ltr'>vaporis</span> <span class='ocrx_word' id='word_1_178' title='bbox 973 2068 1102 2146; x_wconf 92' lang='lat' dir='ltr'>opponi.</span> <span class='ocrx_word' id='word_1_179' title='bbox 1137 2064 1162 2124; x_wconf 93' lang='lat' dir='ltr'>id</span> 
     </span>
     <span class='ocr_line' id='line_1_23' title="bbox 162 2149 1163 2233; baseline -0.003 -22"><span class='ocrx_word' id='word_1_180' title='bbox 162 2152 275 2231; x_wconf 90' lang='lat' dir='ltr'>quidem</span> <span class='ocrx_word' id='word_1_181' title='bbox 293 2153 321 2210; x_wconf 91' lang='lat' dir='ltr'>in</span> <span class='ocrx_word' id='word_1_182' title='bbox 342 2153 441 2212; x_wconf 89' lang='lat' dir='ltr'>boram</span> <span class='ocrx_word' id='word_1_183' title='bbox 467 2152 524 2212; x_wconf 94' lang='lat' dir='ltr'>diei</span> <span class='ocrx_word' id='word_1_184' title='bbox 540 2155 664 2233; x_wconf 89' lang='lat' dir='ltr'>quintam</span> <span class='ocrx_word' id='word_1_185' title='bbox 683 2154 731 2212; x_wconf 89' lang='lat' dir='ltr'>vel</span> <span class='ocrx_word' id='word_1_186' title='bbox 748 2161 880 2213; x_wconf 84' lang='lat' dir='ltr'>octavam</span> <span class='ocrx_word' id='word_1_187' title='bbox 900 2160 1040 2230; x_wconf 89' lang='lat' dir='ltr'>spectare</span> <span class='ocrx_word' id='word_1_188' title='bbox 1057 2149 1163 2211; x_wconf 91' lang='lat' dir='ltr'>malue-</span> 
     </span>
     <span class='ocr_line' id='line_1_24' title="bbox 118 2235 1164 2314; baseline -0.009 -14"><span class='ocrx_word' id='word_1_189' title='bbox 118 2239 225 2300; x_wconf 83' lang='lat' dir='ltr'>85rim.</span> <span class='ocrx_word' id='word_1_190' title='bbox 256 2235 360 2314; x_wconf 79' lang='lat' dir='ltr'>Aeque</span> <span class='ocrx_word' id='word_1_191' title='bbox 381 2236 451 2296; x_wconf 89' lang='lat' dir='ltr'>latet</span> <span class='ocrx_word' id='word_1_192' title='bbox 466 2254 523 2296; x_wconf 91' lang='lat' dir='ltr'>non</span> <span class='ocrx_word' id='word_1_193' title='bbox 541 2236 754 2314; x_wconf 89' lang='lat' dir='ltr'>neglegendum</span> <span class='ocrx_word' id='word_1_194' title='bbox 770 2255 806 2297; x_wconf 93' lang='lat' dir='ltr'>ue</span> <span class='ocrx_word' id='word_1_195' title='bbox 827 2236 942 2296; x_wconf 88' lang='lat' dir='ltr'>radices</span> <span class='ocrx_word' id='word_1_196' title='bbox 962 2252 1047 2298; x_wconf 89' lang='lat' dir='ltr'>mora</span> <span class='ocrx_word' id='word_1_197' title='bbox 1071 2237 1164 2294; x_wconf 89' lang='lat' dir='ltr'>inare-</span> 
     </span>
     <span class='ocr_line' id='line_1_25' title="bbox 161 2316 1165 2400; baseline -0.003 -21"><span class='ocrx_word' id='word_1_198' title='bbox 161 2330 243 2379; x_wconf 92' lang='lat' dir='ltr'>scant</span> <span class='ocrx_word' id='word_1_199' title='bbox 257 2338 331 2380; x_wconf 88' lang='lat' dir='ltr'>neve</span> <span class='ocrx_word' id='word_1_200' title='bbox 350 2339 365 2380; x_wconf 91' lang='lat' dir='ltr'>a</span> <span class='ocrx_word' id='word_1_201' title='bbox 381 2322 626 2399; x_wconf 89' lang='lat' dir='ltr'>septentrionibus</span> <span class='ocrx_word' id='word_1_202' title='bbox 644 2329 692 2381; x_wconf 90' lang='lat' dir='ltr'>aut</span> <span class='ocrx_word' id='word_1_203' title='bbox 712 2321 747 2381; x_wconf 92' lang='lat' dir='ltr'>ab</span> <span class='ocrx_word' id='word_1_204' title='bbox 770 2339 804 2380; x_wconf 87' lang='lat' dir='ltr'>ea</span> <span class='ocrx_word' id='word_1_205' title='bbox 821 2330 904 2400; x_wconf 90' lang='lat' dir='ltr'>parte</span> <span class='ocrx_word' id='word_1_206' title='bbox 921 2320 997 2379; x_wconf 91' lang='lat' dir='ltr'>caeli</span> <span class='ocrx_word' id='word_1_207' title='bbox 1014 2337 1113 2398; x_wconf 89' lang='lat' dir='ltr'>usqne</span> <span class='ocrx_word' id='word_1_208' title='bbox 1132 2316 1165 2377; x_wconf 90' lang='lat' dir='ltr'>ad</span> 
     </span>
     <span class='ocr_line' id='line_1_26' title="bbox 162 2398 1192 2480; baseline -0.005 -16"><span class='ocrx_word' id='word_1_209' title='bbox 162 2413 292 2464; x_wconf 89' lang='lat' dir='ltr'>exortum</span> <span class='ocrx_word' id='word_1_210' title='bbox 306 2403 463 2465; x_wconf 89' lang='lat' dir='ltr'>brumalem</span> <span class='ocrx_word' id='word_1_211' title='bbox 479 2415 566 2465; x_wconf 88' lang='lat' dir='ltr'>vento</span> <span class='ocrx_word' id='word_1_212' title='bbox 582 2405 667 2464; x_wconf 88' lang='lat' dir='ltr'>llante</span> <span class='ocrx_word' id='word_1_213' title='bbox 684 2405 855 2466; x_wconf 78' lang='lat' dir='ltr'>effodiantur</span> <span class='ocrx_word' id='word_1_214' title='bbox 870 2398 1005 2480; x_wconf 85' lang='lat' dir='ltr'>arbores,</span> <span class='ocrx_word' id='word_1_215' title='bbox 1023 2413 1075 2464; x_wconf 92' lang='lat' dir='ltr'>aut</span> <span class='ocrx_word' id='word_1_216' title='bbox 1085 2409 1192 2462; x_wconf 79' lang='lat' dir='ltr'>certes</span> 
     </span>
     <span class='ocr_line' id='line_1_27' title="bbox 160 2484 1165 2568; baseline -0.003 -20"><span class='ocrx_word' id='word_1_217' title='bbox 160 2507 217 2549; x_wconf 92' lang='lat' dir='ltr'>uon</span> <span class='ocrx_word' id='word_1_218' title='bbox 232 2489 375 2548; x_wconf 88' lang='lat' dir='ltr'>adversae</span> <span class='ocrx_word' id='word_1_219' title='bbox 396 2489 440 2549; x_wconf 93' lang='lat' dir='ltr'>bis</span> <span class='ocrx_word' id='word_1_220' title='bbox 462 2490 555 2548; x_wconf 90' lang='lat' dir='ltr'>ventis</span> <span class='ocrx_word' id='word_1_221' title='bbox 571 2489 685 2549; x_wconf 89' lang='lat' dir='ltr'>radices</span> <span class='ocrx_word' id='word_1_222' title='bbox 705 2488 918 2568; x_wconf 89' lang='lat' dir='ltr'>praebeantur,</span> <span class='ocrx_word' id='word_1_223' title='bbox 940 2484 1165 2567; x_wconf 89' lang='lat' dir='ltr'>propterquod</span> 
     </span>
     <span class='ocr_line' id='line_1_28' title="bbox 161 2569 1165 2650; baseline -0.007 -17"><span class='ocrx_word' id='word_1_224' title='bbox 161 2575 336 2633; x_wconf 89' lang='lat' dir='ltr'>emoriuntur</span> <span class='ocrx_word' id='word_1_225' title='bbox 356 2573 464 2650; x_wconf 89' lang='lat' dir='ltr'>ignaris</span> <span class='ocrx_word' id='word_1_226' title='bbox 484 2590 590 2632; x_wconf 81' lang='lat' dir='ltr'>causae</span> <span class='ocrx_word' id='word_1_227' title='bbox 613 2574 761 2650; x_wconf 87' lang='lat' dir='ltr'>agricolis.</span> <span class='ocrx_word' id='word_1_228' title='bbox 795 2569 867 2633; x_wconf 84' lang='lat' dir='ltr'>Cato</span> <span class='ocrx_word' id='word_1_229' title='bbox 889 2574 982 2633; x_wconf 88' lang='lat' dir='ltr'>omnis</span> <span class='ocrx_word' id='word_1_230' title='bbox 1005 2581 1117 2632; x_wconf 90' lang='lat' dir='ltr'>ventos</span> <span class='ocrx_word' id='word_1_231' title='bbox 1138 2577 1165 2628; x_wconf 95' lang='lat' dir='ltr'>et</span> 
     </span>
     <span class='ocr_line' id='line_1_29' title="bbox 117 2653 1164 2734; baseline -0.007 -13"><span class='ocrx_word' id='word_1_232' title='bbox 117 2665 152 2720; x_wconf 83' lang='lat'>86</span> <span class='ocrx_word' id='word_1_233' title='bbox 163 2656 281 2716; x_wconf 89' lang='lat' dir='ltr'>imbrem</span> <span class='ocrx_word' id='word_1_234' title='bbox 297 2674 414 2734; x_wconf 91' lang='lat' dir='ltr'>quoque</span> <span class='ocrx_word' id='word_1_235' title='bbox 429 2657 457 2714; x_wconf 91' lang='lat' dir='ltr'>in</span> <span class='ocrx_word' id='word_1_236' title='bbox 472 2665 530 2716; x_wconf 91' lang='lat' dir='ltr'>tota</span> <span class='ocrx_word' id='word_1_237' title='bbox 545 2657 732 2717; x_wconf 90' lang='lat' dir='ltr'>translatione</span> <span class='ocrx_word' id='word_1_238' title='bbox 744 2658 866 2718; x_wconf 89' lang='lat' dir='ltr'>damnat.</span> <span class='ocrx_word' id='word_1_239' title='bbox 882 2655 918 2716; x_wconf 84' lang='lat' dir='ltr'>Et</span> <span class='ocrx_word' id='word_1_240' title='bbox 932 2657 966 2716; x_wconf 91' lang='lat' dir='ltr'>ad</span> <span class='ocrx_word' id='word_1_241' title='bbox 982 2655 1062 2716; x_wconf 88' lang='lat' dir='ltr'>haec</span> <span class='ocrx_word' id='word_1_242' title='bbox 1079 2653 1164 2734; x_wconf 89' lang='lat' dir='ltr'>prod·</span> 
     </span>
     <span class='ocr_line' id='line_1_30' title="bbox 161 2739 1164 2820; baseline -0.004 -20"><span class='ocrx_word' id='word_1_243' title='bbox 161 2741 216 2800; x_wconf 91' lang='lat' dir='ltr'>erit</span> <span class='ocrx_word' id='word_1_244' title='bbox 236 2757 319 2818; x_wconf 90' lang='lat' dir='ltr'>quam</span> <span class='ocrx_word' id='word_1_245' title='bbox 340 2739 499 2817; x_wconf 89' lang='lat' dir='ltr'>plurumum</span> <span class='ocrx_word' id='word_1_246' title='bbox 515 2749 610 2801; x_wconf 90' lang='lat' dir='ltr'>terrae</span> <span class='ocrx_word' id='word_1_247' title='bbox 633 2743 660 2800; x_wconf 93' lang='lat' dir='ltr'>in</span> <span class='ocrx_word' id='word_1_248' title='bbox 683 2760 739 2820; x_wconf 89' lang='lat' dir='ltr'>qua</span> <span class='ocrx_word' id='word_1_249' title='bbox 755 2742 879 2801; x_wconf 88' lang='lat' dir='ltr'>vixerint</span> <span class='ocrx_word' id='word_1_250' title='bbox 892 2741 1043 2800; x_wconf 84' lang='lat' dir='ltr'>radicibus</span> <span class='ocrx_word' id='word_1_251' title='bbox 1057 2739 1164 2800; x_wconf 88' lang='lat' dir='ltr'>cohae-</span> 
     </span>
     <span class='ocr_line' id='line_1_31' title="bbox 159 2822 1193 2904; baseline -0.003 -21"><span class='ocrx_word' id='word_1_252' title='bbox 159 2842 226 2883; x_wconf 89' lang='lat' dir='ltr'>rere</span> <span class='ocrx_word' id='word_1_253' title='bbox 241 2841 275 2882; x_wconf 89' lang='lat' dir='ltr'>ac</span> <span class='ocrx_word' id='word_1_254' title='bbox 284 2831 360 2882; x_wconf 89' lang='lat' dir='ltr'>totas</span> <span class='ocrx_word' id='word_1_255' title='bbox 374 2826 503 2902; x_wconf 84' lang='lat' dir='ltr'>caespite</span> <span class='ocrx_word' id='word_1_256' title='bbox 513 2825 714 2904; x_wconf 86' lang='lat' dir='ltr'>circumligari,</span> <span class='ocrx_word' id='word_1_257' title='bbox 728 2844 791 2885; x_wconf 91' lang='lat' dir='ltr'>cnm</span> <span class='ocrx_word' id='word_1_258' title='bbox 803 2825 841 2884; x_wconf 92' lang='lat' dir='ltr'>ob</span> <span class='ocrx_word' id='word_1_259' title='bbox 854 2824 882 2885; x_wconf 93' lang='lat' dir='ltr'>id</span> <span class='ocrx_word' id='word_1_260' title='bbox 893 2822 966 2884; x_wconf 85' lang='lat' dir='ltr'>Cato</span> <span class='ocrx_word' id='word_1_261' title='bbox 979 2827 1010 2883; x_wconf 92' lang='lat' dir='ltr'>in</span> <span class='ocrx_word' id='word_1_262' title='bbox 1022 2823 1163 2884; x_wconf 89' lang='lat' dir='ltr'>corbibus</span> <span class='ocrx_word' id='word_1_263' title='bbox 1172 2837 1193 2880; x_wconf 86' lang='lat' dir='ltr'>at</span> 
     </span>
     <span class='ocr_line' id='line_1_32' title="bbox 159 2906 1164 2987; baseline -0.001 -20"><span class='ocrx_word' id='word_1_264' title='bbox 159 2906 310 2967; x_wconf 86' lang='lat' dir='ltr'>transferri</span> <span class='ocrx_word' id='word_1_265' title='bbox 325 2907 433 2987; x_wconf 88' lang='lat' dir='ltr'>iubeat,</span> <span class='ocrx_word' id='word_1_266' title='bbox 448 2907 651 2986; x_wconf 92' lang='lat' dir='ltr'>proculdubio</span> <span class='ocrx_word' id='word_1_267' title='bbox 668 2910 827 2969; x_wconf 89' lang='lat' dir='ltr'>utilissime.</span> <span class='ocrx_word' id='word_1_268' title='bbox 856 2908 933 2968; x_wconf 90' lang='lat' dir='ltr'>idem</span> <span class='ocrx_word' id='word_1_269' title='bbox 948 2927 1094 2968; x_wconf 90' lang='lat' dir='ltr'>summam</span> <span class='ocrx_word' id='word_1_270' title='bbox 1110 2917 1164 2968; x_wconf 90' lang='lat' dir='ltr'>ter-</span> 
     </span>
     <span class='ocr_line' id='line_1_33' title="bbox 159 2992 1165 3071; baseline -0.003 -20"><span class='ocrx_word' id='word_1_271' title='bbox 159 3009 219 3051; x_wconf 85' lang='lat' dir='ltr'>ram</span> <span class='ocrx_word' id='word_1_272' title='bbox 241 3000 390 3050; x_wconf 87' lang='lat' dir='ltr'>contentus</span> <span class='ocrx_word' id='word_1_273' title='bbox 413 3001 458 3052; x_wconf 90' lang='lat' dir='ltr'>est</span> <span class='ocrx_word' id='word_1_274' title='bbox 482 2992 573 3054; x_wconf 91' lang='lat' dir='ltr'>subdi.</span> <span class='ocrx_word' id='word_1_275' title='bbox 617 2993 737 3066; x_wconf 80' lang='lat' dir='ltr'>Quidam</span> <span class='ocrx_word' id='word_1_276' title='bbox 766 2993 877 3071; x_wconf 92' lang='lat' dir='ltr'>punicis</span> <span class='ocrx_word' id='word_1_277' title='bbox 903 2993 988 3052; x_wconf 90' lang='lat' dir='ltr'>malis</span> <span class='ocrx_word' id='word_1_278' title='bbox 1013 2993 1165 3052; x_wconf 92' lang='lat' dir='ltr'>substrato</span> 
     </span>
     <span class='ocr_line' id='line_1_34' title="bbox 160 3075 1164 3154; baseline -0.002 -17"><span class='ocrx_word' id='word_1_279' title='bbox 160 3075 257 3154; x_wconf 89' lang='lat' dir='ltr'>lapide</span> <span class='ocrx_word' id='word_1_280' title='bbox 272 3092 330 3134; x_wconf 93' lang='lat' dir='ltr'>non</span> <span class='ocrx_word' id='word_1_281' title='bbox 344 3078 436 3154; x_wconf 88' lang='lat' dir='ltr'>rumpi</span> <span class='ocrx_word' id='word_1_282' title='bbox 453 3093 570 3154; x_wconf 70' lang='lat' dir='ltr'>pomum.</span> <span class='ocrx_word' id='word_1_283' title='bbox 584 3078 611 3136; x_wconf 93' lang='lat' dir='ltr'>in</span> <span class='ocrx_word' id='word_1_284' title='bbox 626 3077 777 3137; x_wconf 88' lang='lat' dir='ltr'>arboribus</span> <span class='ocrx_word' id='word_1_285' title='bbox 793 3077 915 3136; x_wconf 89' lang='lat' dir='ltr'>tradunt.</span> <span class='ocrx_word' id='word_1_286' title='bbox 945 3077 1067 3136; x_wconf 87' lang='lat' dir='ltr'>radices</span> <span class='ocrx_word' id='word_1_287' title='bbox 1085 3075 1164 3136; x_wconf 91' lang='lat' dir='ltr'>inlle·</span> 
     </span>
     <span class='ocr_line' id='line_1_35' title="bbox 158 3159 1165 3240; baseline -0.003 -21"><span class='ocrx_word' id='word_1_288' title='bbox 158 3178 212 3219; x_wconf 88' lang='lat' dir='ltr'>xas</span> <span class='ocrx_word' id='word_1_289' title='bbox 228 3160 296 3237; x_wconf 93' lang='lat' dir='ltr'>poui</span> <span class='ocrx_word' id='word_1_290' title='bbox 311 3159 423 3219; x_wconf 87' lang='lat' dir='ltr'>melius.</span> <span class='ocrx_word' id='word_1_291' title='bbox 454 3159 587 3220; x_wconf 90' lang='lat' dir='ltr'>arborem</span> <span class='ocrx_word' id='word_1_292' title='bbox 601 3164 692 3240; x_wconf 91' lang='lat' dir='ltr'>ipsam</span> <span class='ocrx_word' id='word_1_293' title='bbox 707 3163 746 3220; x_wconf 83' lang='lat' dir='ltr'>ita</span> <span class='ocrx_word' id='word_1_294' title='bbox 761 3161 852 3220; x_wconf 91' lang='lat' dir='ltr'>locari</span> <span class='ocrx_word' id='word_1_295' title='bbox 869 3168 899 3219; x_wconf 93' lang='lat' dir='ltr'>ut</span> <span class='ocrx_word' id='word_1_296' title='bbox 912 3160 1010 3221; x_wconf 91' lang='lat' dir='ltr'>media</span> <span class='ocrx_word' id='word_1_297' title='bbox 1023 3163 1064 3220; x_wconf 90' lang='lat' dir='ltr'>sit</span> <span class='ocrx_word' id='word_1_298' title='bbox 1077 3162 1165 3220; x_wconf 85' lang='lat' dir='ltr'>totius</span> 
     </span>
     <span class='ocr_line' id='line_1_36' title="bbox 115 3243 1194 3308; baseline -0.006 -2"><span class='ocrx_word' id='word_1_299' title='bbox 115 3251 150 3308; x_wconf 82' lang='lat' dir='ltr'>at</span> <span class='ocrx_word' id='word_1_300' title='bbox 160 3243 275 3304; x_wconf 89' lang='lat' dir='ltr'>scrobis</span> <span class='ocrx_word' id='word_1_301' title='bbox 298 3245 505 3304; x_wconf 87' lang='lat' dir='ltr'>necessarium.</span> <span class='ocrx_word' id='word_1_302' title='bbox 545 3243 630 3304; x_wconf 87' lang='lat' dir='ltr'>Ficus</span> <span class='ocrx_word' id='word_1_303' title='bbox 654 3245 678 3304; x_wconf 94' lang='lat' dir='ltr'>si</span> <span class='ocrx_word' id='word_1_304' title='bbox 703 3247 732 3304; x_wconf 94' lang='lat' dir='ltr'>in</span> <span class='ocrx_word' id='word_1_305' title='bbox 755 3243 839 3304; x_wconf 90' lang='lat' dir='ltr'>scilla</span> <span class='ocrx_word' id='word_1_306' title='bbox 858 3279 900 3289; x_wconf 93' lang='lat'><strong>—</strong></span> <span class='ocrx_word' id='word_1_307' title='bbox 921 3243 1084 3304; x_wconf 92' lang='lat' dir='ltr'>bulborum</span> <span class='ocrx_word' id='word_1_308' title='bbox 1109 3245 1194 3304; x_wconf 78' lang='lat' dir='ltr'>hoeni</span> 
     </span>
     <span class='ocr_line' id='line_1_37' title="bbox 159 3328 1164 3407; baseline -0.002 -19"><span class='ocrx_word' id='word_1_309' title='bbox 159 3346 251 3406; x_wconf 91' lang='lat' dir='ltr'>genus</span> <span class='ocrx_word' id='word_1_310' title='bbox 267 3337 312 3388; x_wconf 89' lang='lat' dir='ltr'>est</span> <span class='ocrx_word' id='word_1_311' title='bbox 325 3362 368 3372; x_wconf 88' lang='lat'><strong>—</strong></span> <span class='ocrx_word' id='word_1_312' title='bbox 383 3337 511 3406; x_wconf 89' lang='lat' dir='ltr'>seratur,</span> <span class='ocrx_word' id='word_1_313' title='bbox 533 3329 668 3389; x_wconf 85' lang='lat' dir='ltr'>ocissime</span> <span class='ocrx_word' id='word_1_314' title='bbox 689 3328 766 3388; x_wconf 80' lang='lat' dir='ltr'>ierne</span> <span class='ocrx_word' id='word_1_315' title='bbox 783 3328 903 3388; x_wconf 90' lang='lat' dir='ltr'>traditur</span> <span class='ocrx_word' id='word_1_316' title='bbox 920 3345 1040 3407; x_wconf 90' lang='lat' dir='ltr'>pomum</span> <span class='ocrx_word' id='word_1_317' title='bbox 1066 3346 1164 3406; x_wconf 87' lang='lat' dir='ltr'>neque</span> 
     </span>
     <span class='ocr_line' id='line_1_38' title="bbox 158 3411 1164 3492; baseline 0 -22"><span class='ocrx_word' id='word_1_318' title='bbox 158 3411 386 3472; x_wconf 88' lang='lat' dir='ltr'>vermiculationi</span> <span class='ocrx_word' id='word_1_319' title='bbox 404 3411 574 3489; x_wconf 87' lang='lat' dir='ltr'>obnoxium,</span> <span class='ocrx_word' id='word_1_320' title='bbox 591 3431 648 3491; x_wconf 92' lang='lat' dir='ltr'>quo</span> <span class='ocrx_word' id='word_1_321' title='bbox 667 3413 735 3472; x_wconf 92' lang='lat' dir='ltr'>vitio</span> <span class='ocrx_word' id='word_1_322' title='bbox 761 3421 860 3472; x_wconf 85' lang='lat' dir='ltr'>carent</span> <span class='ocrx_word' id='word_1_323' title='bbox 883 3413 996 3490; x_wconf 91' lang='lat' dir='ltr'>reliqua</span> <span class='ocrx_word' id='word_1_324' title='bbox 1019 3430 1113 3492; x_wconf 87' lang='lat' dir='ltr'>poma</span> <span class='ocrx_word' id='word_1_325' title='bbox 1130 3412 1164 3472; x_wconf 93' lang='lat' dir='ltr'>si·</span> 
     </span>
     <span class='ocr_line' id='line_1_39' title="bbox 159 3495 1166 3574; baseline 0 -20"><span class='ocrx_word' id='word_1_326' title='bbox 159 3496 265 3555; x_wconf 92' lang='lat' dir='ltr'>militer</span> <span class='ocrx_word' id='word_1_327' title='bbox 289 3504 359 3556; x_wconf 91' lang='lat' dir='ltr'>sata.</span> <span class='ocrx_word' id='word_1_328' title='bbox 395 3496 521 3557; x_wconf 89' lang='lat' dir='ltr'>radicum</span> <span class='ocrx_word' id='word_1_329' title='bbox 546 3500 607 3557; x_wconf 93' lang='lat' dir='ltr'>eius</span> <span class='ocrx_word' id='word_1_330' title='bbox 628 3515 758 3574; x_wconf 84' lang='lat' dir='ltr'>magnam</span> <span class='ocrx_word' id='word_1_331' title='bbox 781 3495 971 3557; x_wconf 87' lang='lat' dir='ltr'>adhibendam</span> <span class='ocrx_word' id='word_1_332' title='bbox 993 3516 1117 3574; x_wconf 86' lang='lat' dir='ltr'>euram,</span> <span class='ocrx_word' id='word_1_333' title='bbox 1139 3503 1166 3554; x_wconf 89' lang='lat' dir='ltr'>ut</span> 
     </span>
    </p>
   </div>
   <div class='ocr_carea' id='block_1_3' title="bbox 0 0 1203 3900">
    <p class='ocr_par' dir='ltr' id='par_1_3' title="bbox 0 0 1203 3900">
     <span class='ocr_line' id='line_1_40' title="bbox 0 0 1203 3900; baseline 0 0"><span class='ocrx_word' id='word_1_334' title='bbox 0 0 1203 3900; x_wconf 95' lang='lat' dir='ltr'> </span> 
     </span>
    </p>
   </div>
  </div>
 </body>
</html>
