2406 3914
306 221 386 268 usu.
402 219 594 274 ursuuxn.
606 219 649 272 ns.
665 211 818 289 (ot—71.)
1004 210 1065 273 293

59 374 252 434 collectiones
275 375 366 435 omnis
385 375 509 454 inposita
529 376 613 436 sedat
628 393 819 455 maxumeque
838 375 1021 436 exulceratas
1037 386 1067 436 et

58 458 193 534 rimosm,
219 459 371 520 oculorum
388 468 483 521 autem
503 459 662 538 epiphoras
681 477 744 520 cum
765 459 895 520 meliloto
918 469 966 520 aut
985 469 1066 520 coto·

58 560 118 602 neo.
150 551 256 603 contra
277 544 464 622 suppurantia
486 561 550 603 cunr
571 544 691 622 polenta
712 545 866 622 inponitur.
903 543 1045 604 decoctae
1061 553 1109 607 143

58 645 140 686 sucus
157 626 196 687 ad
214 628 275 687 oris
292 627 526 689 exulcerationes
542 637 571 688 et
590 628 758 706 genitalium
771 626 940 705 adhibetur,
963 626 999 687 ad
1020 645 1066 686 se·

39 711 117 779 rdem
134 726 203 770 cum
221 727 347 772 rosaceo
370 721 419 772 aut
436 721 579 788 cotoneo,
602 713 630 770 in
649 713 683 770 iis
705 730 779 790 quae
799 712 895 770 acrius
909 711 1067 772 remedium

58 797 171 872 exigant
187 813 253 854 curn
269 796 411 874 putamine
428 790 524 874 punici
539 796 627 856 melle
642 796 757 856 modico
770 795 895 855 adiecto.
923 795 958 855 ad
974 794 1002 854 id
1017 796 1067 855 de·

57 896 142 954 num,
155 896 201 948 ,ne
220 879 358 940 celeriter
374 881 536 956 inarescat,
555 879 681 940 adiciunt
696 889 725 939 et
742 878 827 939 betae
843 878 923 939 lolia.
955 881 1065 958 inponi-

56 970 97 1022 tur
114 972 145 1024 et
159 965 291 1039 strumis,
307 965 390 1043 panis
405 964 454 1024 vel
464 965 581 1024 maturis
595 963 644 1024 vel
653 961 915 1024 maturescentibus
927 980 965 1022 ex
979 972 1065 1023 aceto

57 1046 203 1124 discocta,
227 1049 305 1106 rimis
323 1065 361 1108 ex
375 1066 450 1127 aqua
466 1049 557 1109 mulsa
573 1056 602 1108 et
616 1049 792 1125 gangraenis
810 1065 874 1107 cum
889 1047 986 1125 punici
1003 1055 1065 1122 teg·

30 1132 142 1207 umine,
165 1133 238 1192 item
258 1131 399 1210 podagris
416 1150 480 1192 cum
496 1132 616 1211 polenta
637 1139 666 1192 et
680 1131 777 1191 volvis
795 1139 825 1191 et
843 1129 976 1206 renibus,
1000 1147 1065 1208 per·

57 1214 207 1292 niunibus,
223 1214 370 1276 ulceribus
388 1216 506 1277 difficile
523 1216 689 1277 cicatricem
706 1212 894 1275 trahentibus.
924 1222 1047 1292 propter
1060 1224 1109 1277 144

57 1299 277 1360 dissolutionem
298 1300 439 1362 stomachi
461 1301 576 1376 triginta
598 1317 688 1377 grana
709 1298 795 1360 lentis
817 1298 1001 1358 devorantur.
1037 1299 1066 1356 in

58 1382 183 1443 choleris
206 1400 323 1463 quoque
346 1394 376 1445 et
394 1385 553 1459 dysinteria
581 1383 732 1444 efficacior
752 1383 847 1443 estin
867 1381 958 1442 tribus
983 1382 1065 1461 aquis

60 1475 154 1542 cocta,
173 1468 204 1527 in
219 1484 275 1546 quo
291 1486 343 1529 usu
356 1467 459 1528 melius
471 1486 590 1547 semper
604 1485 668 1528 earu
683 1476 796 1528 torrere
808 1473 874 1527 ante
887 1474 917 1525 et
932 1464 1065 1542 tundere,

31 1560 86 1612 scut
100 1568 188 1629 quarn
205 1553 372 1614 tenuissima
394 1551 478 1613 detur
494 1551 543 1612 vel
565 1570 619 1630 per
639 1570 671 1610 sa
692 1551 739 1610 vel
760 1568 825 1610 cum
846 1557 971 1609 cotoneo
989 1549 1065 1609 malo

58 1644 100 1694 ant
114 1635 190 1712 piris
206 1645 254 1696 aut
264 1645 358 1710 myrto
370 1645 417 1696 aut
433 1635 531 1696 intubo
548 1636 675 1696 erratico
688 1643 735 1694 aut
750 1634 817 1694 beta
830 1634 912 1710 nigra
926 1643 973 1692 aut
984 1633 1064 1712 plan·

57 1719 160 1796 lagine.
184 1719 313 1798 pulmoni
328 1729 373 1780 est
385 1720 490 1780 inutilis
503 1730 533 1781 et
545 1721 647 1798 capitis
662 1718 756 1779 dolori
770 1718 962 1796 nervosisque
976 1713 1064 1777 omnii-

59 1801 106 1862 bus
128 1812 158 1862 et
182 1802 266 1879 ielli,
294 1822 351 1864 nec
377 1822 478 1865 somno
505 1803 617 1878 iacilis,
646 1802 682 1864 ad
703 1801 822 1880 pusulas
844 1800 923 1860 utilis
947 1801 1065 1878 ignique

59 1904 138 1948 sacro
154 1896 186 1946 et
203 1888 330 1948 mammis
346 1888 374 1948 in
393 1905 466 1966 aqua
482 1889 589 1948 marina
604 1887 743 1963 decocta,
762 1887 791 1945 in
805 1895 889 1946 aceto
907 1893 1001 1944 autem
1017 1883 1065 1944 du·

33 1971 135 2032 ruritius
150 1980 181 2030 et
202 1978 326 2033 strumas
349 1971 474 2032 discutit.
504 1971 645 2034 stomachi
668 1969 783 2049 quidem
806 1987 893 2030 causa
910 1968 1047 2046 polentae
1058 1977 1107 2031 145

60 2055 140 2115 modo
154 2055 324 2133 potionibus
342 2057 526 2135 inspergitur.
561 2063 716 2134 quaesunt
737 2052 867 2114 ambusta
891 2069 965 2130 aqua
982 2054 1065 2112 semi-

61 2147 139 2199 cocta
156 2148 254 2216 curat,
280 2148 383 2218 postea
398 2141 463 2200 trita
479 2148 508 2198 et
524 2157 577 2220 per
598 2138 722 2199 cribrum
738 2137 831 2198 effuso
847 2136 976 2211 iurlure,
998 2153 1066 2196 mox

62 2222 246 2300 procedendo
270 2224 418 2284 curatione
442 2223 540 2283 addito
562 2223 661 2283 melle.
703 2240 741 2281 ex
763 2239 854 2300 posca
876 2221 1008 2299 coquitur
1030 2220 1066 2279 ad

62 2315 180 2382 guttura.
216 2304 271 2367 Est
291 2315 321 2368 et
343 2307 479 2384 palustris
499 2307 563 2366 lens
585 2325 640 2385 per
661 2323 839 2366 senescens
863 2307 891 2364 in
913 2321 987 2383 aqua
1009 2321 1066 2363 non

34 2390 228 2468 asprollnenti,
244 2390 481 2469 refrigeratoriae
497 2400 633 2466 naturae,
659 2399 779 2469 propter
795 2388 872 2468 quod
887 2387 1065 2448 collectioni·

63 2472 112 2533 bus
126 2474 253 2535 inlinitur
274 2484 303 2534 et
322 2492 454 2535 maxume
476 2474 614 2553 podagris
635 2483 664 2534 et
685 2491 739 2551 per
762 2491 794 2533 se
811 2481 841 2532 et
855 2489 919 2532 cum
936 2470 1064 2548 polenta.

64 2556 177 2633 glutinat
191 2567 221 2618 et
239 2559 387 2620 interanea
402 2558 594 2638 procidentia.

122 2644 207 2722 (71.)
229 2641 283 2702 list
302 2643 445 2703 silvestris
467 2641 665 2720 elelisphacos
681 2641 758 2700 dicta
780 2657 798 2698 a
817 2636 954 2712 Graecis,
981 2636 1045 2696 aliis
1059 2645 1108 2700 146

65 2725 185 2804 sphacos
208 2726 303 2803 dicta,
326 2728 419 2787 sativa
436 2726 515 2786 lente
537 2727 633 2786 levior
649 2734 678 2785 et
693 2723 765 2784 lolio
779 2721 891 2782 minore
907 2729 993 2800 atque
1009 2721 1065 2781 sic·

38 2810 139 2870 ociore
164 2821 194 2871 et
213 2811 390 2872 odoratiore.
422 2809 476 2870 Est
497 2819 526 2869 et
547 2810 669 2870 alterum
691 2825 784 2884 genus
805 2806 868 2865 eius
889 2803 1062 2881 silvestrius,

67 2893 150 2954 odore
165 2896 265 2972 gravi,
287 2895 362 2956 haec
384 2895 488 2954 mitior.
523 2893 595 2954 folia
618 2891 706 2952 habet
729 2891 845 2950 cotonei
866 2889 932 2949 mali
957 2889 1067 2967 effigie,

68 2977 115 3038 sed
133 2980 242 3039 minora
263 2987 293 3038 et
314 2977 450 3052 candida,
471 2995 547 3056 quac
568 2995 630 3037 curn
652 2975 738 3036 ramis
764 2973 953 3034 decocuntur.
988 2990 1066 3033 men·

68 3077 113 3119 sss
127 3064 182 3122 ciet
197 3072 225 3124 et
241 3064 356 3138 urinas,
372 3071 401 3122 et
415 3063 581 3140 pastinacae
596 3063 670 3120 ictus
686 3065 778 3119 sanat.
809 3067 958 3138 torporem
974 3065 1068 3116 antem

70 3142 177 3205 obducit
190 3163 334 3224 percusso
351 3146 430 3207 loco.
458 3145 564 3205 bibitur
576 3163 640 3205 cum
652 3143 794 3205 absinthio
815 3151 845 3202 et
861 3141 1045 3217 dysinteriae.
1060 3150 1110 3204 147

42 3242 129 3288 ascum
156 3231 222 3292 uino
250 3229 353 3292 eadam
382 3231 585 3290 commorantis
618 3245 734 3288 menses
762 3226 864 3305 trahit,
899 3224 1067 3285 abundantis

71 3310 137 3372 sistit
147 3313 270 3375 decocto
287 3316 351 3378 eins
366 3322 446 3393 poto.
477 3331 531 3390 per
545 3331 578 3372 se
592 3312 718 3390 inposita
733 3308 824 3372 herba
837 3309 989 3369 volnerum
1004 3325 1068 3368 san-

72 3396 176 3470 guinem
192 3398 319 3460 cohibet.
349 3407 454 3476 purgat
476 3406 506 3457 et
526 3396 703 3475 serpentium
717 3411 831 3456 morsus
848 3402 891 3468 et,
913 3393 938 3453 si
955 3392 984 3450 in
1001 3393 1068 3451 uino

1 3527 2 3556 ἶ
74 3477 257 3560 decoquatur,
287 3482 414 3560 pruritus
443 3481 558 3540 testium
580 3479 673 3540 sedat.
717 3477 808 3540 nostri
833 3477 882 3557 qui
909 3493 984 3536 nnnc
1005 3484 1070 3535 sunt
