2370 3922
265 277 346 324 unu.
361 275 453 325 mss.
468 223 570 324 xx111'.
593 265 617 324 1.
636 265 788 343 (ιι-ιι.)
990 268 1025 326 11

26 445 101 488 mum
124 433 264 508 sentiant,
298 431 500 512 dysintericis,
526 430 711 490 sudatoribus
736 431 861 508 elonga
884 434 973 506 tussi,
1000 434 1029 490 in

1 588 2 599 ἵ
27 513 179 591 epiphoris
203 531 354 574 meracum.
397 515 536 574 cardiacis
562 516 591 573 in
618 531 736 574 mamma
761 515 844 575 laeva
869 533 978 574 merum
996 518 1071 579 iuda
1180 507 1181 512 ¹

26 613 159 673 spongea
186 599 285 675 inponi
318 597 456 675 prodest,
488 599 523 657 ad
553 600 646 681 omnia
666 606 761 660 autem
783 615 914 657 maxume
935 597 1029 657 album

1 711 2 758 3
26 682 254 741 inveterascens.
287 682 399 740 utiliter
414 690 444 742 et
458 682 576 741 levetur
590 684 659 741 vino
675 681 768 742 calido
786 683 908 742 virilitas
921 683 1028 741 iumen·

4 765 83 839 ιιιιι,
112 765 208 824 infuso
228 782 320 825 cornu
339 764 538 825 lassitudinem
559 765 683 842 auferri,
705 767 801 824 simias
821 764 1028 843 quadripedes-

1 863 3 867 *
28 865 83 925 qne
98 847 203 924 quibus
219 849 302 926 digiti
319 856 386 908 sunt
401 858 509 926 negant
529 867 667 908 crescere
682 849 817 908 adsuetas
832 851 904 907 meri
923 857 1002 926 potu.

4 937 8 966 ¹
85 931 170 1010 (24.)
199 930 282 992 Nunc
304 934 381 992 circa
402 932 600 1010 aegritudines
624 949 721 994 senno
735 932 771 992 de
788 933 862 990 vinis
879 933 943 992 erit.
972 931 1070 995 vsa-45

1 1019 11 1054 ι
27 1013 211 1074 laberrimum
226 1014 390 1076 liberaliter
401 1018 509 1093 genitis
524 1013 696 1094 Campaniae
708 1016 907 1093 quodcumque
920 1017 1029 1073 tenuis·

3 1098 143 1174 asinum,
163 1098 253 1176 volgo
274 1116 348 1159 vero
368 1098 448 1176 quod
464 1116 607 1178 quemque
625 1117 756 1158 maxume
771 1100 878 1157 iuverit
894 1097 1027 1156 validum.

1 1212 4 1224 ·
56 1181 207 1240 ilissimnm
232 1181 363 1242 omnibus
386 1199 471 1242 sacco
490 1183 600 1243 viribus
614 1184 723 1243 fractis.
753 1183 966 1241 meminerimus
983 1199 1029 1240 su·

2 1253 13 1298 ι
26 1281 86 1323 enm
109 1283 180 1324 esse
203 1268 250 1342 qni
273 1266 415 1326 fervendo
439 1267 510 1326 viris
531 1285 548 1326 e
569 1274 664 1326 musto
688 1266 743 1326 sibi
765 1266 880 1326 ιιιιιιι.
910 1266 1027 1324 misceri

1 1347 104 1408 lnra
117 1365 231 1424 genera
244 1349 375 1424 omnibus
386 1349 496 1410 inutile.
524 1347 743 1409 saluberrimum
754 1367 799 1409 cur
792 1347 904 1407 '‘nihil
895 1367 924 1408 ιι
935 1356 1028 1408 musta

1 1423 11 1476 ι
43 1431 147 1490 dditum
168 1440 232 1508 est,
261 1420 439 1510 meliusque,
468 1435 493 1492 si
513 1451 568 1492 nee
587 1435 665 1492 vasis
687 1434 738 1510 pix
754 1432 851 1491 adluit.
884 1450 1027 1491 marmore

10 1501 98 1574 ιιιιιιι
122 1523 154 1574 et
178 1533 275 1594 gppso
298 1523 347 1576 aut
369 1516 452 1576 calce
473 1517 588 1576 condita
609 1518 673 1593 qais
694 1532 752 1575 non
768 1524 799 1576 et
813 1515 923 1575 validus
940 1531 1027 1592 erpa-

1 1600 7 1645 ι
45 1595 156 1656 erit?
146 1616 177 1657 m
198 1601 298 1676 primis
312 1601 402 1677 igitur
418 1601 515 1658 vinum
528 1601 636 1659 marina
651 1616 724 1676 aqua
740 1599 846 1658 lactum
861 1598 963 1656 inutile
980 1606 1070 1664 estha

1 1677 19 1729 ι
73 1681 175 1741 macho
185 1685 327 1759 ,nervis,
342 1684 469 1743 vesicae.
499 1683 597 1743 resina
612 1683 727 1741 condita
742 1681 855 1758 frigidis
871 1680 1026 1741 stomachis

45 1764 102 1824 tilia
120 1767 340 1843 existimantur,
363 1784 421 1826 non
439 1766 581 1844 expedire
595 1765 818 1840 vomitionibus,
842 1767 916 1824 sicut
930 1781 1026 1840 neque

15 1841 17 1848 ’
70 1857 145 1908 stum
160 1866 256 1926 neque
272 1867 342 1928 sapa
356 1867 451 1928 neque
465 1867 589 1929 passum
621 1850 765 1908 novicium
780 1850 938 1908 resinatum
955 1847 1026 1906 nulli

1 1925 19 1982 ι
61 1932 177 2008 ιιιιιι,
203 1934 308 2011 capitis
329 1933 462 1993 dolorem
479 1942 510 1994 et
520 1933 694 2032 vertigines
711 1932 797 2007 facit,
823 1931 858 1991 ab
878 1930 935 1990 hoc
951 1929 1027 1990 diota

11 2051 12 2055 =
59 2015 141 2093 apula
162 2023 218 2074 est.
247 2017 441 2076 tussientibus
465 2025 496 2076 et
518 2018 547 2075 in
566 2015 773 2076 rheumatismo
797 2017 943 2074 nominata
959 2031 1027 2092 pro·

1 2111 12 2150 ι
61 2106 105 2175 ιι,
129 2099 201 2158 item
216 2099 354 2159 coeliacis
373 2108 403 2159 et
419 2099 622 2176 dysintericis,
644 2099 795 2158 mulierum
810 2098 967 2158 mensibus.
997 2099 1028 2156 ιι

12 2141 105 2240 titos
108 2199 223 2258 genere
249 2183 366 2242 rubrum
392 2185 541 2282 nigrumve
564 2184 657 2260 magis
679 2185 854 2259 constringit
874 2183 1027 2280 magisque

5 2263 166 2326 stanleiacit
190 2267 373 2325 innocentius
391 2269 457 2345 pice
478 2266 541 2326 sola
559 2267 712 2326 conditum.
744 2265 797 2326 sed
813 2275 843 2325 et
859 2267 955 2343 picem
969 2281 1027 2323 rae·
1043 2312 1046 2327 .

0 2348 142 2408 atminisse
170 2348 310 2408 debemus
335 2368 394 2409 non
419 2349 495 2409 aliud
521 2368 589 2409 esse
616 2367 698 2426 qnam
720 2350 888 2410 combustae
909 2349 1027 2407 resinae

4 2416 138 2572 ιτνιιιιι.
170 2429 234 2491 llec
257 2450 350 2509 genus
368 2435 426 2492 ιιιι
445 2432 613 2508 excalfacit,
633 2433 807 2530 concoquit,
829 2439 952 2508 purgat,
973 2448 1024 2507 pe·
1013 2440 1068 2496 -st

0 2528 21 2567 Ρι
59 2531 116 2591 orr,
133 2517 230 2574 ventri
245 2517 333 2591 utile,
353 2519 423 2576 item
438 2515 588 2575 volvarum
604 2515 719 2592 dolori,
737 2517 761 2575 si
779 2517 843 2574 sine
857 2515 944 2573 febre
959 2515 1027 2589 sint,

7 2591 119 2657 dasteri
133 2598 357 2676 rheumatismo,
380 2599 607 2674 exulcerationi,
628 2601 738 2677 ruptis,
755 2596 922 2670 convolsis,
937 2598 1028 2654 vomi·

28 2681 85 2758 ',a
103 2692 259 2741 nervorum
272 2681 429 2742 infirmitati
431 2641 666 2760 ,inflationibus
682 2683 766 2757 tussi,
782 2678 1027 2754 anhelationibus,

22 2758 131 2823 natis
157 2766 187 2824 in
211 2766 310 2826 sucida
332 2766 397 2826 lana
419 2726 585 2844 ibpositnm.
615 2765 764 2824 adomnia
786 2764 858 2822 haec
880 2762 977 2820 utilius
998 2761 1027 2820 id

1 2863 22 2909 ιιι
69 2847 105 2907 od
123 2857 229 2926 spante
252 2858 370 2910 naturae
387 2867 457 2910 suae
473 2851 568 2927 picem
584 2850 688 2946 resipit
702 2849 886 2925 picatumque
901 2843 1027 2924 appella·

1 2933 23 2992 ιιι
63 2947 75 2988 ι
91 2929 275 2991 llelvetico
266 2951 296 2991 m
312 2950 403 3010 agro,
424 2950 482 3011 quo
498 2941 594 2992 tamen
610 2933 698 2989 nimio
713 2939 798 3009 caput
809 2931 944 3006 temptari
958 2945 1027 2987 corr

1 3015 115 3082 ;tvenit.
149 3014 227 3112 quod
249 3016 285 3075 ad
307 3017 432 3076 febrium
448 3016 621 3076 valitudines
644 3016 747 3074 attinet
768 3023 879 3073 certum
900 3020 946 3072 est
966 3022 1071 3076 nonsit

1 3057 180 3170 ⁹atlarrdum
171 3115 202 3156 m
228 3099 307 3158 febri
332 3101 389 3160 nisi
414 3099 566 3160 veteribus
587 3100 685 3176 aegris
707 3115 763 3158 nec
783 3099 839 3156 nisi
863 3095 1027 3156 declinante

1 3180 177 3257 rumoris,
169 3199 199 3241 ιιι
214 3184 305 3242 acutis
322 3199 393 3244 vere
407 3184 546 3262 periculis
561 3182 647 3242 nullis
664 3184 718 3242 nisi
735 3183 783 3259 qui
800 3181 966 3240 manifestas
981 3193 1028 3236 re·

1 3240 183 3325 ιιιιιιιιιοιιι
206 3265 348 3344 habeant,
377 3275 407 3327 et
428 3267 479 3327 has
495 3274 583 3326 noctu
598 3267 713 3343 potius,
739 3265 852 3326 dimidia
868 3265 943 3322 enim
960 3277 1027 3338 pars

2 3357 35 3411 ιιι
42 3348 152 3420 pariendi
173 3357 222 3408 est
241 3359 345 3427 noctu,
373 3351 430 3411 hoo
451 3359 496 3410 eat
517 3365 571 3428 spe
591 3351 701 3425 somni,
726 3348 911 3423 bibentibus,
936 3359 1028 3403 neca

2 3430 115 3502 uttpartu
136 3432 279 3493 abortuve
300 3452 355 3494 nec
376 3453 392 3494 a
410 3435 530 3495 libidine
544 3433 783 3510 aegrotantibus,
809 3449 864 3490 nec
879 3433 909 3488 in
924 3426 1027 3505 capitis

2 3517 35 3578 id
46 3508 192 3592 doloribus,
207 3533 262 3576 nee
276 3535 398 3596 quorum
413 3521 599 3580 accessiones
615 3533 678 3592 cum
689 3516 802 3593 frigore
815 3515 1029 3574 extremitatum
