<?xml version="1.0" encoding="UTF-8"?>
<!DOCTYPE html PUBLIC "-//W3C//DTD XHTML 1.0 Transitional//EN"
    "http://www.w3.org/TR/xhtml1/DTD/xhtml1-transitional.dtd">
<html xmlns="http://www.w3.org/1999/xhtml" xml:lang="en" lang="en">
 <head>
  <title>
</title>
<meta http-equiv="Content-Type" content="text/html;charset=utf-8" />
  <meta name='ocr-system' content='tesseract 3.04.00' />
  <meta name='ocr-capabilities' content='ocr_page ocr_carea ocr_par ocr_line ocrx_word'/>
</head>
<body>
  <div class='ocr_page' id='page_1' title='image "./naturalishistor00plingoog_0598.png"; bbox 0 0 2508 3924; ppageno 0'>
   <div class='ocr_carea' id='block_1_1' title="bbox 211 209 850 314">
    <p class='ocr_par' dir='ltr' id='par_1_1' title="bbox 211 209 850 314">
     <span class='ocr_line' id='line_1_1' title="bbox 211 209 850 314; baseline 0.009 -42"><span class='ocrx_word' id='word_1_1' title='bbox 211 209 271 277; x_wconf 81' lang='lat'><strong>186</strong></span> <span class='ocrx_word' id='word_1_2' title='bbox 544 226 850 314; x_wconf 71' lang='lat' dir='ltr'><strong>crumancuaor</strong></span> 
     </span>
    </p>
   </div>
   <div class='ocr_carea' id='block_1_2' title="bbox 125 377 1206 3534">
    <p class='ocr_par' dir='ltr' id='par_1_2' title="bbox 125 377 1206 3534">
     <span class='ocr_line' id='line_1_2' title="bbox 210 377 1170 461; baseline -0.005 -19"><span class='ocrx_word' id='word_1_3' title='bbox 210 380 296 444; x_wconf 85' lang='lat' dir='ltr'><strong>haedi</strong></span> <span class='ocrx_word' id='word_1_4' title='bbox 309 382 357 442; x_wconf 89' lang='lat' dir='ltr'><strong>vel</strong></span> <span class='ocrx_word' id='word_1_5' title='bbox 375 380 441 458; x_wconf 79' lang='lat' dir='ltr'><strong>agni</strong></span> <span class='ocrx_word' id='word_1_6' title='bbox 454 379 606 443; x_wconf 85' lang='lat' dir='ltr'><strong>drachmae</strong></span> <span class='ocrx_word' id='word_1_7' title='bbox 620 377 804 461; x_wconf 81' lang='lat' dir='ltr'><strong>poddereex</strong></span> <span class='ocrx_word' id='word_1_8' title='bbox 818 383 895 458; x_wconf 81' lang='lat' dir='ltr'><strong>vino,</strong></span> <span class='ocrx_word' id='word_1_9' title='bbox 913 381 1021 460; x_wconf 82' lang='lat' dir='ltr'><strong>leporis</strong></span> <span class='ocrx_word' id='word_1_10' title='bbox 1040 379 1170 454; x_wconf 76' lang='lat' dir='ltr'><strong>coagulum</strong></span> 
     </span>
     <span class='ocr_line' id='line_1_3' title="bbox 212 463 1170 542; baseline -0.002 -18"><span class='ocrx_word' id='word_1_11' title='bbox 212 473 241 524; x_wconf 88' lang='lat' dir='ltr'><strong>et</strong></span> <span class='ocrx_word' id='word_1_12' title='bbox 260 474 358 526; x_wconf 89' lang='lat' dir='ltr'><strong>contra</strong></span> <span class='ocrx_word' id='word_1_13' title='bbox 373 481 483 524; x_wconf 86' lang='lat' dir='ltr'><strong>venena</strong></span> <span class='ocrx_word' id='word_1_14' title='bbox 499 463 620 524; x_wconf 87' lang='lat' dir='ltr'><strong>additum</strong></span> <span class='ocrx_word' id='word_1_15' title='bbox 634 465 776 525; x_wconf 88' lang='lat' dir='ltr'><strong>antidotis.</strong></span> <span class='ocrx_word' id='word_1_16' title='bbox 806 466 916 542; x_wconf 89' lang='lat' dir='ltr'><strong>Papilio</strong></span> <span class='ocrx_word' id='word_1_17' title='bbox 932 480 1045 542; x_wconf 89' lang='lat' dir='ltr'><strong>quoque</strong></span> <span class='ocrx_word' id='word_1_18' title='bbox 1060 463 1170 522; x_wconf 83' lang='lat' dir='ltr'><strong>lucerna·</strong></span> 
     </span>
     <span class='ocr_line' id='line_1_4' title="bbox 211 548 1169 620; baseline -0.004 -14"><span class='ocrx_word' id='word_1_19' title='bbox 211 565 272 609; x_wconf 88' lang='lat' dir='ltr'><strong>rum</strong></span> <span class='ocrx_word' id='word_1_20' title='bbox 290 548 439 610; x_wconf 80' lang='lat' dir='ltr'>luminibus</span> <span class='ocrx_word' id='word_1_21' title='bbox 459 548 598 608; x_wconf 77' lang='lat' dir='ltr'><strong>advolans</strong></span> <span class='ocrx_word' id='word_1_22' title='bbox 614 549 689 620; x_wconf 80' lang='lat' dir='ltr'><strong>inter</strong></span> <span class='ocrx_word' id='word_1_23' title='bbox 702 548 776 608; x_wconf 86' lang='lat' dir='ltr'><strong>mala</strong></span> <span class='ocrx_word' id='word_1_24' title='bbox 793 549 1001 609; x_wconf 86' lang='lat' dir='ltr'><strong>medicamenta</strong></span> <span class='ocrx_word' id='word_1_25' title='bbox 1020 555 1169 604; x_wconf 74' lang='lat' dir='ltr'><strong>nummatus</strong></span> 
     </span>
     <span class='ocr_line' id='line_1_5' title="bbox 212 629 1169 710; baseline -0.004 -20"><span class='ocrx_word' id='word_1_26' title='bbox 212 630 277 690; x_wconf 92' lang='lat' dir='ltr'><strong>bnic</strong></span> <span class='ocrx_word' id='word_1_27' title='bbox 293 633 465 692; x_wconf 87' lang='lat' dir='ltr'><strong>contrarium</strong></span> <span class='ocrx_word' id='word_1_28' title='bbox 484 640 530 690; x_wconf 90' lang='lat' dir='ltr'><strong>est</strong></span> <span class='ocrx_word' id='word_1_29' title='bbox 544 631 628 692; x_wconf 91' lang='lat' dir='ltr'><strong>iocur</strong></span> <span class='ocrx_word' id='word_1_30' title='bbox 645 633 804 710; x_wconf 82' lang='lat' dir='ltr'><strong>caprinum,</strong></span> <span class='ocrx_word' id='word_1_31' title='bbox 829 633 903 692; x_wconf 89' lang='lat' dir='ltr'><strong>sicut</strong></span> <span class='ocrx_word' id='word_1_32' title='bbox 922 630 962 690; x_wconf 88' lang='lat' dir='ltr'><strong>fel</strong></span> <span class='ocrx_word' id='word_1_33' title='bbox 984 629 1124 688; x_wconf 85' lang='lat' dir='ltr'><strong>veneficiis</strong></span> <span class='ocrx_word' id='word_1_34' title='bbox 1140 645 1169 686; x_wconf 83' lang='lat' dir='ltr'><strong>er</strong></span> 
     </span>
     <span class='ocr_line' id='line_1_6' title="bbox 212 711 1186 792; baseline -0.001 -21"><span class='ocrx_word' id='word_1_35' title='bbox 212 714 332 774; x_wconf 79' lang='lat' dir='ltr'><strong>mustela</strong></span> <span class='ocrx_word' id='word_1_36' title='bbox 346 719 451 774; x_wconf 86' lang='lat' dir='ltr'><strong>rustica</strong></span> <span class='ocrx_word' id='word_1_37' title='bbox 466 714 559 774; x_wconf 90' lang='lat' dir='ltr'><strong>iactis.</strong></span> <span class='ocrx_word' id='word_1_38' title='bbox 594 713 667 774; x_wconf 91' lang='lat' dir='ltr'><strong>llinc</strong></span> <span class='ocrx_word' id='word_1_39' title='bbox 683 714 784 776; x_wconf 90' lang='lat' dir='ltr'><strong>deiude</strong></span> <span class='ocrx_word' id='word_1_40' title='bbox 803 722 1019 792; x_wconf 73' lang='lat' dir='ltr'><strong>praevertemur</strong></span> <span class='ocrx_word' id='word_1_41' title='bbox 1032 711 1068 771; x_wconf 89' lang='lat' dir='ltr'><strong>ad</strong></span> <span class='ocrx_word' id='word_1_42' title='bbox 1081 724 1186 788; x_wconf 76' lang='lat' dir='ltr'><strong>generat</strong></span> 
     </span>
     <span class='ocr_line' id='line_1_7' title="bbox 212 796 386 857; baseline 0 -1"><span class='ocrx_word' id='word_1_43' title='bbox 212 796 386 857; x_wconf 82' lang='lat' dir='ltr'><strong>morborum.</strong></span> 
     </span>
     <span class='ocr_line' id='line_1_8' title="bbox 171 876 1174 957; baseline -0.008 -15"><span class='ocrx_word' id='word_1_44' title='bbox 171 889 222 946; x_wconf 80' lang='grc'><strong>163</strong></span> <span class='ocrx_word' id='word_1_45' title='bbox 286 881 335 940; x_wconf 88' lang='grc'><strong>11.</strong></span> <span class='ocrx_word' id='word_1_46' title='bbox 352 880 434 957; x_wconf 89' lang='grc'>(46.)</span> <span class='ocrx_word' id='word_1_47' title='bbox 450 878 552 957; x_wconf 78' lang='lat' dir='ltr'><strong>Capilli</strong></span> <span class='ocrx_word' id='word_1_48' title='bbox 565 879 810 940; x_wconf 86' lang='lat' dir='ltr'><strong>dednvianrsinus</strong></span> <span class='ocrx_word' id='word_1_49' title='bbox 821 881 903 957; x_wconf 91' lang='lat' dir='ltr'><strong>adips</strong></span> <span class='ocrx_word' id='word_1_50' title='bbox 911 877 1038 938; x_wconf 76' lang='lat' dir='ltr'><strong>admirato</strong></span> <span class='ocrx_word' id='word_1_51' title='bbox 1050 876 1141 936; x_wconf 88' lang='lat' dir='ltr'><strong>ladano</strong></span> <span class='ocrx_word' id='word_1_52' title='bbox 1150 884 1174 934; x_wconf 88' lang='lat' dir='ltr'><strong>et</strong></span> 
     </span>
     <span class='ocr_line' id='line_1_9' title="bbox 192 959 1175 1040; baseline -0.003 -21"><span class='ocrx_word' id='word_1_53' title='bbox 192 1009 195 1019; x_wconf 90' lang='lat'>.</span> <span class='ocrx_word' id='word_1_54' title='bbox 212 962 325 1024; x_wconf 89' lang='lat' dir='ltr'><strong>adianto</strong></span> <span class='ocrx_word' id='word_1_55' title='bbox 334 964 459 1024; x_wconf 90' lang='lat' dir='ltr'><strong>continet</strong></span> <span class='ocrx_word' id='word_1_56' title='bbox 467 963 672 1040; x_wconf 86' lang='lat' dir='ltr'><strong>alopeciasque</strong></span> <span class='ocrx_word' id='word_1_57' title='bbox 680 962 811 1021; x_wconf 89' lang='lat' dir='ltr'><strong>emendat</strong></span> <span class='ocrx_word' id='word_1_58' title='bbox 818 959 1175 1039; x_wconf 86' lang='lat' dir='ltr'><strong>raritatemsnperciliorum</strong></span> 
     </span>
     <span class='ocr_line' id='line_1_10' title="bbox 211 1043 1174 1123; baseline -0.006 -17"><span class='ocrx_word' id='word_1_59' title='bbox 211 1063 276 1106; x_wconf 92' lang='lat' dir='ltr'><strong>cum</strong></span> <span class='ocrx_word' id='word_1_60' title='bbox 289 1045 383 1122; x_wconf 79' lang='lat' dir='ltr'><strong>iungis</strong></span> <span class='ocrx_word' id='word_1_61' title='bbox 401 1046 579 1106; x_wconf 89' lang='lat' dir='ltr'><strong>lucernarum</strong></span> <span class='ocrx_word' id='word_1_62' title='bbox 596 1064 631 1109; x_wconf 90' lang='lat' dir='ltr'><strong>ac</strong></span> <span class='ocrx_word' id='word_1_63' title='bbox 645 1045 763 1123; x_wconf 82' lang='lat' dir='ltr'><strong>iuligine</strong></span> <span class='ocrx_word' id='word_1_64' title='bbox 779 1061 851 1122; x_wconf 87' lang='lat' dir='ltr'><strong>quae</strong></span> <span class='ocrx_word' id='word_1_65' title='bbox 867 1054 912 1105; x_wconf 91' lang='lat' dir='ltr'><strong>est</strong></span> <span class='ocrx_word' id='word_1_66' title='bbox 924 1046 953 1103; x_wconf 91' lang='lat' dir='ltr'><strong>iu</strong></span> <span class='ocrx_word' id='word_1_67' title='bbox 963 1043 1071 1103; x_wconf 88' lang='lat' dir='ltr'><strong>rostris</strong></span> <span class='ocrx_word' id='word_1_68' title='bbox 1086 1060 1174 1102; x_wconf 82' lang='lat' dir='ltr'><strong>amum.</strong></span> 
     </span>
     <span class='ocr_line' id='line_1_11' title="bbox 211 1126 1198 1208; baseline -0.005 -20"><span class='ocrx_word' id='word_1_69' title='bbox 211 1129 244 1188; x_wconf 81' lang='lat' dir='ltr'><strong>in</strong></span> <span class='ocrx_word' id='word_1_70' title='bbox 251 1130 425 1206; x_wconf 79' lang='lat' dir='ltr'><strong>porriginem</strong></span> <span class='ocrx_word' id='word_1_71' title='bbox 433 1146 494 1188; x_wconf 89' lang='lat' dir='ltr'><strong>cum</strong></span> <span class='ocrx_word' id='word_1_72' title='bbox 502 1129 711 1208; x_wconf 84' lang='lat' dir='ltr'><strong>vinoprodest.</strong></span> <span class='ocrx_word' id='word_1_73' title='bbox 725 1129 761 1188; x_wconf 86' lang='lat' dir='ltr'><strong>ad</strong></span> <span class='ocrx_word' id='word_1_74' title='bbox 769 1128 842 1198; x_wconf 87' lang='lat' dir='ltr'><strong>banc</strong></span> <span class='ocrx_word' id='word_1_75' title='bbox 849 1138 878 1187; x_wconf 89' lang='lat' dir='ltr'><strong>et</strong></span> <span class='ocrx_word' id='word_1_76' title='bbox 887 1145 993 1187; x_wconf 90' lang='lat' dir='ltr'><strong>cornus</strong></span> <span class='ocrx_word' id='word_1_77' title='bbox 1005 1127 1111 1186; x_wconf 85' lang='lat' dir='ltr'><strong>cervini</strong></span> <span class='ocrx_word' id='word_1_78' title='bbox 1117 1126 1198 1184; x_wconf 87' lang='lat' dir='ltr'><strong>ciniso</strong></span> 
     </span>
     <span class='ocr_line' id='line_1_12' title="bbox 213 1209 1176 1290; baseline -0.003 -21"><span class='ocrx_word' id='word_1_79' title='bbox 213 1214 321 1288; x_wconf 88' lang='lat' dir='ltr'><strong>eviuo,</strong></span> <span class='ocrx_word' id='word_1_80' title='bbox 339 1221 425 1289; x_wconf 91' lang='lat' dir='ltr'><strong>utque</strong></span> <span class='ocrx_word' id='word_1_81' title='bbox 441 1227 498 1271; x_wconf 92' lang='lat' dir='ltr'><strong>non</strong></span> <span class='ocrx_word' id='word_1_82' title='bbox 516 1212 609 1272; x_wconf 88' lang='lat' dir='ltr'><strong>taedia</strong></span> <span class='ocrx_word' id='word_1_83' title='bbox 626 1212 784 1272; x_wconf 89' lang='lat' dir='ltr'><strong>animalium</strong></span> <span class='ocrx_word' id='word_1_84' title='bbox 801 1211 912 1290; x_wconf 90' lang='lat' dir='ltr'><strong>capillis</strong></span> <span class='ocrx_word' id='word_1_85' title='bbox 930 1212 1109 1286; x_wconf 87' lang='lat' dir='ltr'><strong>increscant,</strong></span> <span class='ocrx_word' id='word_1_86' title='bbox 1121 1209 1176 1267; x_wconf 89' lang='lat' dir='ltr'><strong>item</strong></span> 
     </span>
     <span class='ocr_line' id='line_1_13' title="bbox 211 1291 1177 1372; baseline -0.003 -20"><span class='ocrx_word' id='word_1_87' title='bbox 211 1293 253 1353; x_wconf 84' lang='lat' dir='ltr'><strong>iel</strong></span> <span class='ocrx_word' id='word_1_88' title='bbox 269 1295 413 1372; x_wconf 65' lang='lat' dir='ltr'><strong>caprinum</strong></span> <span class='ocrx_word' id='word_1_89' title='bbox 429 1311 492 1354; x_wconf 89' lang='lat' dir='ltr'><strong>cum</strong></span> <span class='ocrx_word' id='word_1_90' title='bbox 509 1303 588 1356; x_wconf 91' lang='lat' dir='ltr'><strong>creta</strong></span> <span class='ocrx_word' id='word_1_91' title='bbox 604 1293 724 1354; x_wconf 82' lang='lat' dir='ltr'><strong>Cimolia</strong></span> <span class='ocrx_word' id='word_1_92' title='bbox 738 1303 768 1354; x_wconf 92' lang='lat' dir='ltr'><strong>et</strong></span> <span class='ocrx_word' id='word_1_93' title='bbox 781 1305 864 1355; x_wconf 88' lang='lat' dir='ltr'><strong>aceto</strong></span> <span class='ocrx_word' id='word_1_94' title='bbox 879 1296 922 1354; x_wconf 92' lang='lat' dir='ltr'><strong>sic</strong></span> <span class='ocrx_word' id='word_1_95' title='bbox 937 1302 968 1353; x_wconf 92' lang='lat' dir='ltr'><strong>ut</strong></span> <span class='ocrx_word' id='word_1_96' title='bbox 978 1293 1092 1372; x_wconf 86' lang='lat' dir='ltr'><strong>paulum</strong></span> <span class='ocrx_word' id='word_1_97' title='bbox 1106 1291 1177 1370; x_wconf 88' lang='lat' dir='ltr'><strong>capiti</strong></span> 
     </span>
     <span class='ocr_line' id='line_1_14' title="bbox 211 1376 1177 1454; baseline -0.002 -19"><span class='ocrx_word' id='word_1_98' title='bbox 211 1377 383 1452; x_wconf 88' lang='lat' dir='ltr'><strong>inarescant,</strong></span> <span class='ocrx_word' id='word_1_99' title='bbox 397 1379 464 1436; x_wconf 85' lang='lat' dir='ltr'><strong>item</strong></span> <span class='ocrx_word' id='word_1_100' title='bbox 478 1377 517 1436; x_wconf 89' lang='lat' dir='ltr'><strong>fel</strong></span> <span class='ocrx_word' id='word_1_101' title='bbox 532 1378 694 1454; x_wconf 81' lang='lat' dir='ltr'><strong>serotinum,</strong></span> <span class='ocrx_word' id='word_1_102' title='bbox 715 1378 794 1438; x_wconf 89' lang='lat' dir='ltr'><strong>urina</strong></span> <span class='ocrx_word' id='word_1_103' title='bbox 809 1379 891 1438; x_wconf 87' lang='lat' dir='ltr'><strong>tauri.</strong></span> <span class='ocrx_word' id='word_1_104' title='bbox 921 1380 944 1438; x_wconf 91' lang='lat' dir='ltr'><strong>si</strong></span> <span class='ocrx_word' id='word_1_105' title='bbox 962 1394 1037 1437; x_wconf 92' lang='lat' dir='ltr'><strong>vero</strong></span> <span class='ocrx_word' id='word_1_106' title='bbox 1052 1384 1129 1434; x_wconf 91' lang='lat' dir='ltr'><strong>vetus</strong></span> <span class='ocrx_word' id='word_1_107' title='bbox 1141 1376 1177 1448; x_wconf 86' lang='lat' dir='ltr'><strong>sit,</strong></span> 
     </span>
     <span class='ocr_line' id='line_1_15' title="bbox 171 1457 1178 1538; baseline -0.008 -16"><span class='ocrx_word' id='word_1_108' title='bbox 171 1468 223 1524; x_wconf 85' lang='lat' dir='ltr'><strong>rot</strong></span> <span class='ocrx_word' id='word_1_109' title='bbox 232 1459 356 1531; x_wconf 81' lang='lat' dir='ltr'><strong>furfures</strong></span> <span class='ocrx_word' id='word_1_110' title='bbox 371 1461 456 1520; x_wconf 89' lang='lat' dir='ltr'><strong>etiam</strong></span> <span class='ocrx_word' id='word_1_111' title='bbox 476 1460 589 1521; x_wconf 89' lang='lat' dir='ltr'><strong>adiecto</strong></span> <span class='ocrx_word' id='word_1_112' title='bbox 616 1461 733 1538; x_wconf 76' lang='lat' dir='ltr'><strong>sulpure</strong></span> <span class='ocrx_word' id='word_1_113' title='bbox 762 1461 902 1520; x_wconf 86' lang='lat' dir='ltr'><strong>emendat.</strong></span> <span class='ocrx_word' id='word_1_114' title='bbox 940 1462 1040 1520; x_wconf 87' lang='lat' dir='ltr'><strong>cinere</strong></span> <span class='ocrx_word' id='word_1_115' title='bbox 1064 1457 1178 1536; x_wconf 80' lang='lat' dir='ltr'><strong>genitalis</strong></span> 
     </span>
     <span class='ocr_line' id='line_1_16' title="bbox 213 1541 1200 1622; baseline -0.006 -20"><span class='ocrx_word' id='word_1_116' title='bbox 213 1544 284 1603; x_wconf 84' lang='lat' dir='ltr'><strong>asini</strong></span> <span class='ocrx_word' id='word_1_117' title='bbox 299 1544 420 1622; x_wconf 83' lang='lat' dir='ltr'><strong>spissari</strong></span> <span class='ocrx_word' id='word_1_118' title='bbox 440 1543 573 1622; x_wconf 90' lang='lat' dir='ltr'><strong>capillum</strong></span> <span class='ocrx_word' id='word_1_119' title='bbox 589 1552 687 1622; x_wconf 87' lang='lat' dir='ltr'><strong>putant</strong></span> <span class='ocrx_word' id='word_1_120' title='bbox 704 1553 762 1604; x_wconf 87' lang='lat' dir='ltr'><strong>eta</strong></span> <span class='ocrx_word' id='word_1_121' title='bbox 784 1545 888 1604; x_wconf 88' lang='lat' dir='ltr'><strong>canitie</strong></span> <span class='ocrx_word' id='word_1_122' title='bbox 904 1543 1060 1616; x_wconf 86' lang='lat' dir='ltr'><strong>vindicari,</strong></span> <span class='ocrx_word' id='word_1_123' title='bbox 1084 1543 1107 1600; x_wconf 92' lang='lat' dir='ltr'><strong>si</strong></span> <span class='ocrx_word' id='word_1_124' title='bbox 1119 1541 1200 1600; x_wconf 84' lang='lat' dir='ltr'><strong>rasiso</strong></span> 
     </span>
     <span class='ocr_line' id='line_1_17' title="bbox 211 1621 1179 1705; baseline -0.005 -19"><span class='ocrx_word' id='word_1_125' title='bbox 211 1627 354 1703; x_wconf 87' lang='lat' dir='ltr'><strong>inlinatur,</strong></span> <span class='ocrx_word' id='word_1_126' title='bbox 371 1625 543 1705; x_wconf 77' lang='lat' dir='ltr'><strong>plumboque</strong></span> <span class='ocrx_word' id='word_1_127' title='bbox 562 1629 643 1687; x_wconf 90' lang='lat' dir='ltr'><strong>tritos</strong></span> <span class='ocrx_word' id='word_1_128' title='bbox 657 1643 720 1686; x_wconf 90' lang='lat' dir='ltr'><strong>cum</strong></span> <span class='ocrx_word' id='word_1_129' title='bbox 734 1626 816 1705; x_wconf 87' lang='lat' dir='ltr'><strong>oleo,</strong></span> <span class='ocrx_word' id='word_1_130' title='bbox 833 1627 947 1698; x_wconf 80' lang='lat' dir='ltr'><strong>densari</strong></span> <span class='ocrx_word' id='word_1_131' title='bbox 960 1635 990 1686; x_wconf 86' lang='lat' dir='ltr'><strong>et</strong></span> <span class='ocrx_word' id='word_1_132' title='bbox 1009 1625 1108 1686; x_wconf 87' lang='lat' dir='ltr'><strong>asinini</strong></span> <span class='ocrx_word' id='word_1_133' title='bbox 1123 1621 1179 1702; x_wconf 91' lang='lat' dir='ltr'><strong>pulli</strong></span> 
     </span>
     <span class='ocr_line' id='line_1_18' title="bbox 213 1705 1179 1788; baseline -0.006 -16"><span class='ocrx_word' id='word_1_134' title='bbox 213 1729 276 1772; x_wconf 90' lang='lat' dir='ltr'><strong>cum</strong></span> <span class='ocrx_word' id='word_1_135' title='bbox 295 1711 389 1785; x_wconf 87' lang='lat' dir='ltr'><strong>urina,</strong></span> <span class='ocrx_word' id='word_1_136' title='bbox 409 1709 567 1773; x_wconf 72' lang='lat' dir='ltr'><strong>admiscent</strong></span> <span class='ocrx_word' id='word_1_137' title='bbox 579 1709 695 1772; x_wconf 87' lang='lat' dir='ltr'><strong>nardum</strong></span> <span class='ocrx_word' id='word_1_138' title='bbox 715 1709 810 1770; x_wconf 82' lang='lat' dir='ltr'><strong>fastidi</strong></span> <span class='ocrx_word' id='word_1_139' title='bbox 831 1712 933 1786; x_wconf 79' lang='lat' dir='ltr'><strong>gratia.</strong></span> <span class='ocrx_word' id='word_1_140' title='bbox 961 1709 1111 1788; x_wconf 81' lang='lat' dir='ltr'><strong>alopecias</strong></span> <span class='ocrx_word' id='word_1_141' title='bbox 1123 1705 1179 1766; x_wconf 85' lang='lat' dir='ltr'><strong>ielle</strong></span> 
     </span>
     <span class='ocr_line' id='line_1_19' title="bbox 211 1787 1179 1872; baseline -0.006 -19"><span class='ocrx_word' id='word_1_142' title='bbox 211 1794 323 1854; x_wconf 88' lang='lat' dir='ltr'><strong>taurino</strong></span> <span class='ocrx_word' id='word_1_143' title='bbox 341 1810 403 1852; x_wconf 92' lang='lat' dir='ltr'><strong>cum</strong></span> <span class='ocrx_word' id='word_1_144' title='bbox 416 1793 564 1871; x_wconf 72' lang='lat' dir='ltr'><strong>Aegyptio</strong></span> <span class='ocrx_word' id='word_1_145' title='bbox 577 1793 697 1853; x_wconf 88' lang='lat' dir='ltr'><strong>alumine</strong></span> <span class='ocrx_word' id='word_1_146' title='bbox 712 1793 865 1872; x_wconf 77' lang='lat' dir='ltr'><strong>tepefactis</strong></span> <span class='ocrx_word' id='word_1_147' title='bbox 881 1793 1010 1853; x_wconf 89' lang='lat' dir='ltr'><strong>inlinunt.</strong></span> <span class='ocrx_word' id='word_1_148' title='bbox 1041 1787 1179 1869; x_wconf 86' lang='lat' dir='ltr'><strong>capitisul·</strong></span> 
     </span>
     <span class='ocr_line' id='line_1_20' title="bbox 213 1875 1179 1952; baseline -0.008 -14"><span class='ocrx_word' id='word_1_149' title='bbox 213 1895 281 1938; x_wconf 87' lang='lat' dir='ltr'><strong>cera</strong></span> <span class='ocrx_word' id='word_1_150' title='bbox 298 1877 437 1939; x_wconf 89' lang='lat' dir='ltr'><strong>manantia</strong></span> <span class='ocrx_word' id='word_1_151' title='bbox 451 1878 531 1936; x_wconf 87' lang='lat' dir='ltr'><strong>urina</strong></span> <span class='ocrx_word' id='word_1_152' title='bbox 545 1879 617 1938; x_wconf 89' lang='lat' dir='ltr'><strong>tauri</strong></span> <span class='ocrx_word' id='word_1_153' title='bbox 631 1877 792 1938; x_wconf 79' lang='lat' dir='ltr'><strong>efficaciter</strong></span> <span class='ocrx_word' id='word_1_154' title='bbox 807 1885 901 1952; x_wconf 88' lang='lat' dir='ltr'><strong>sanat,</strong></span> <span class='ocrx_word' id='word_1_155' title='bbox 923 1879 991 1936; x_wconf 90' lang='lat' dir='ltr'><strong>item</strong></span> <span class='ocrx_word' id='word_1_156' title='bbox 1013 1875 1131 1936; x_wconf 87' lang='lat' dir='ltr'><strong>bominis</strong></span> <span class='ocrx_word' id='word_1_157' title='bbox 1141 1889 1179 1930; x_wconf 85' lang='lat' dir='ltr'><strong>ve·</strong></span> 
     </span>
     <span class='ocr_line' id='line_1_21' title="bbox 212 1954 1206 2036; baseline -0.006 -16"><span class='ocrx_word' id='word_1_158' title='bbox 212 1969 273 2033; x_wconf 87' lang='lat' dir='ltr'><strong>tus,</strong></span> <span class='ocrx_word' id='word_1_159' title='bbox 291 1960 315 2020; x_wconf 94' lang='lat' dir='ltr'><strong>si</strong></span> <span class='ocrx_word' id='word_1_160' title='bbox 330 1959 515 2033; x_wconf 77' lang='lat' dir='ltr'><strong>cyclaminum</strong></span> <span class='ocrx_word' id='word_1_161' title='bbox 530 1960 667 2020; x_wconf 83' lang='lat' dir='ltr'><strong>adiciatur</strong></span> <span class='ocrx_word' id='word_1_162' title='bbox 687 1969 716 2034; x_wconf 85' lang='lat' dir='ltr'><strong>et</strong></span> <span class='ocrx_word' id='word_1_163' title='bbox 738 1959 851 2036; x_wconf 89' lang='lat' dir='ltr'><strong>sulpur,</strong></span> <span class='ocrx_word' id='word_1_164' title='bbox 874 1960 1024 2018; x_wconf 89' lang='lat' dir='ltr'><strong>ellicacius</strong></span> <span class='ocrx_word' id='word_1_165' title='bbox 1045 1966 1134 2016; x_wconf 90' lang='lat' dir='ltr'><strong>tamen</strong></span> <span class='ocrx_word' id='word_1_166' title='bbox 1149 1954 1206 2014; x_wconf 79' lang='lat' dir='ltr'><strong>vico</strong></span> 
     </span>
     <span class='ocr_line' id='line_1_22' title="bbox 213 2037 1182 2120; baseline -0.008 -17"><span class='ocrx_word' id='word_1_167' title='bbox 213 2043 330 2103; x_wconf 89' lang='lat' dir='ltr'><strong>tulinum</strong></span> <span class='ocrx_word' id='word_1_168' title='bbox 349 2041 406 2117; x_wconf 86' lang='lat' dir='ltr'><strong>fel,</strong></span> <span class='ocrx_word' id='word_1_169' title='bbox 436 2059 492 2120; x_wconf 89' lang='lat' dir='ltr'><strong>qno</strong></span> <span class='ocrx_word' id='word_1_170' title='bbox 518 2061 581 2102; x_wconf 90' lang='lat' dir='ltr'><strong>cum</strong></span> <span class='ocrx_word' id='word_1_171' title='bbox 603 2037 851 2103; x_wconf 66' lang='lat' dir='ltr'><strong>aceto*calefacto</strong></span> <span class='ocrx_word' id='word_1_172' title='bbox 873 2050 902 2104; x_wconf 86' lang='lat' dir='ltr'><strong>et</strong></span> <span class='ocrx_word' id='word_1_173' title='bbox 922 2041 1025 2102; x_wconf 87' lang='lat' dir='ltr'><strong>lendes</strong></span> <span class='ocrx_word' id='word_1_174' title='bbox 1052 2040 1182 2100; x_wconf 89' lang='lat' dir='ltr'><strong>tolluntur.</strong></span> 
     </span>
     <span class='ocr_line' id='line_1_23' title="bbox 172 2120 1182 2205; baseline -0.009 -17"><span class='ocrx_word' id='word_1_175' title='bbox 172 2135 221 2190; x_wconf 80' lang='lat'><strong>165</strong></span> <span class='ocrx_word' id='word_1_176' title='bbox 233 2124 332 2184; x_wconf 89' lang='lat' dir='ltr'><strong>sebum</strong></span> <span class='ocrx_word' id='word_1_177' title='bbox 348 2125 493 2186; x_wconf 87' lang='lat' dir='ltr'><strong>vitulinum</strong></span> <span class='ocrx_word' id='word_1_178' title='bbox 514 2127 615 2205; x_wconf 89' lang='lat' dir='ltr'><strong>capitis</strong></span> <span class='ocrx_word' id='word_1_179' title='bbox 634 2125 779 2186; x_wconf 87' lang='lat' dir='ltr'><strong>ulceribus</strong></span> <span class='ocrx_word' id='word_1_180' title='bbox 801 2143 863 2186; x_wconf 92' lang='lat' dir='ltr'><strong>cnm</strong></span> <span class='ocrx_word' id='word_1_181' title='bbox 885 2125 946 2184; x_wconf 88' lang='lat' dir='ltr'><strong>sale</strong></span> <span class='ocrx_word' id='word_1_182' title='bbox 967 2125 1065 2184; x_wconf 85' lang='lat' dir='ltr'><strong>tritum</strong></span> <span class='ocrx_word' id='word_1_183' title='bbox 1086 2120 1182 2183; x_wconf 78' lang='lat' dir='ltr'><strong>utilissi-</strong></span> 
     </span>
     <span class='ocr_line' id='line_1_24' title="bbox 212 2206 1182 2288; baseline -0.002 -22"><span class='ocrx_word' id='word_1_184' title='bbox 212 2225 295 2267; x_wconf 91' lang='lat' dir='ltr'><strong>mum.</strong></span> <span class='ocrx_word' id='word_1_185' title='bbox 324 2207 453 2268; x_wconf 88' lang='lat' dir='ltr'><strong>laudatur</strong></span> <span class='ocrx_word' id='word_1_186' title='bbox 468 2217 497 2267; x_wconf 92' lang='lat' dir='ltr'><strong>et</strong></span> <span class='ocrx_word' id='word_1_187' title='bbox 508 2208 634 2288; x_wconf 93' lang='lat' dir='ltr'><strong>volpium</strong></span> <span class='ocrx_word' id='word_1_188' title='bbox 645 2209 738 2288; x_wconf 83' lang='lat' dir='ltr'><strong>adips,</strong></span> <span class='ocrx_word' id='word_1_189' title='bbox 754 2209 805 2268; x_wconf 88' lang='lat' dir='ltr'><strong>sed</strong></span> <span class='ocrx_word' id='word_1_190' title='bbox 820 2210 977 2288; x_wconf 78' lang='lat' dir='ltr'><strong>praecipue</strong></span> <span class='ocrx_word' id='word_1_191' title='bbox 991 2208 1093 2267; x_wconf 86' lang='lat' dir='ltr'><strong>lelium</strong></span> <span class='ocrx_word' id='word_1_192' title='bbox 1106 2206 1182 2266; x_wconf 84' lang='lat' dir='ltr'><strong>inan</strong></span> 
     </span>
     <span class='ocr_line' id='line_1_25' title="bbox 213 2287 1181 2371; baseline -0.005 -21"><span class='ocrx_word' id='word_1_193' title='bbox 213 2309 277 2350; x_wconf 89' lang='lat' dir='ltr'><strong>cum</strong></span> <span class='ocrx_word' id='word_1_194' title='bbox 296 2291 402 2368; x_wconf 90' lang='lat' dir='ltr'><strong>sinapis</strong></span> <span class='ocrx_word' id='word_1_195' title='bbox 418 2292 579 2371; x_wconf 89' lang='lat' dir='ltr'><strong>parimodo</strong></span> <span class='ocrx_word' id='word_1_196' title='bbox 595 2293 712 2352; x_wconf 87' lang='lat' dir='ltr'><strong>inlitum.</strong></span> <span class='ocrx_word' id='word_1_197' title='bbox 743 2293 852 2370; x_wconf 80' lang='lat' dir='ltr'><strong>caprini</strong></span> <span class='ocrx_word' id='word_1_198' title='bbox 868 2309 972 2352; x_wconf 89' lang='lat' dir='ltr'><strong>cornus</strong></span> <span class='ocrx_word' id='word_1_199' title='bbox 985 2291 1081 2350; x_wconf 86' lang='lat' dir='ltr'><strong>lerina</strong></span> <span class='ocrx_word' id='word_1_200' title='bbox 1096 2289 1139 2348; x_wconf 84' lang='lat' dir='ltr'><strong>rel</strong></span> <span class='ocrx_word' id='word_1_201' title='bbox 1152 2287 1181 2346; x_wconf 90' lang='lat' dir='ltr'><strong>ci·</strong></span> 
     </span>
     <span class='ocr_line' id='line_1_26' title="bbox 212 2369 1203 2453; baseline -0.004 -21"><span class='ocrx_word' id='word_1_202' title='bbox 212 2375 267 2450; x_wconf 91' lang='lat' dir='ltr'><strong>nis,</strong></span> <span class='ocrx_word' id='word_1_203' title='bbox 287 2375 435 2453; x_wconf 83' lang='lat' dir='ltr'><strong>magisque</strong></span> <span class='ocrx_word' id='word_1_204' title='bbox 449 2375 561 2451; x_wconf 86' lang='lat' dir='ltr'><strong>hircini,</strong></span> <span class='ocrx_word' id='word_1_205' title='bbox 577 2375 672 2436; x_wconf 91' lang='lat' dir='ltr'><strong>addito</strong></span> <span class='ocrx_word' id='word_1_206' title='bbox 686 2375 760 2434; x_wconf 91' lang='lat' dir='ltr'><strong>nitro</strong></span> <span class='ocrx_word' id='word_1_207' title='bbox 775 2385 805 2434; x_wconf 92' lang='lat' dir='ltr'><strong>et</strong></span> <span class='ocrx_word' id='word_1_208' title='bbox 819 2375 960 2436; x_wconf 89' lang='lat' dir='ltr'><strong>tamaricis</strong></span> <span class='ocrx_word' id='word_1_209' title='bbox 973 2377 1088 2434; x_wconf 90' lang='lat' dir='ltr'><strong>semine</strong></span> <span class='ocrx_word' id='word_1_210' title='bbox 1102 2381 1129 2431; x_wconf 92' lang='lat' dir='ltr'><strong>et</strong></span> <span class='ocrx_word' id='word_1_211' title='bbox 1141 2369 1203 2429; x_wconf 80' lang='lat' dir='ltr'><strong>brt-a</strong></span> 
     </span>
     <span class='ocr_line' id='line_1_27' title="bbox 213 2456 1182 2538; baseline -0.006 -22"><span class='ocrx_word' id='word_1_212' title='bbox 213 2466 276 2532; x_wconf 77' lang='lat' dir='ltr'><strong>tyro</strong></span> <span class='ocrx_word' id='word_1_213' title='bbox 293 2458 434 2536; x_wconf 84' lang='lat' dir='ltr'><strong>oleoque,</strong></span> <span class='ocrx_word' id='word_1_214' title='bbox 457 2460 536 2538; x_wconf 90' lang='lat' dir='ltr'><strong>prius</strong></span> <span class='ocrx_word' id='word_1_215' title='bbox 553 2458 648 2537; x_wconf 89' lang='lat' dir='ltr'><strong>capite</strong></span> <span class='ocrx_word' id='word_1_216' title='bbox 661 2475 746 2535; x_wconf 90' lang='lat' dir='ltr'><strong>raso,</strong></span> <span class='ocrx_word' id='word_1_217' title='bbox 767 2459 838 2518; x_wconf 88' lang='lat' dir='ltr'><strong>mire</strong></span> <span class='ocrx_word' id='word_1_218' title='bbox 853 2459 998 2519; x_wconf 89' lang='lat' dir='ltr'><strong>continent</strong></span> <span class='ocrx_word' id='word_1_219' title='bbox 1012 2459 1053 2516; x_wconf 88' lang='lat' dir='ltr'><strong>ita</strong></span> <span class='ocrx_word' id='word_1_220' title='bbox 1067 2456 1182 2516; x_wconf 84' lang='lat' dir='ltr'><strong>liuentem</strong></span> 
     </span>
     <span class='ocr_line' id='line_1_28' title="bbox 215 2539 1181 2621; baseline -0.008 -20"><span class='ocrx_word' id='word_1_221' title='bbox 215 2542 360 2621; x_wconf 88' lang='lat' dir='ltr'><strong>capillum,</strong></span> <span class='ocrx_word' id='word_1_222' title='bbox 385 2542 466 2602; x_wconf 91' lang='lat' dir='ltr'><strong>sicuti</strong></span> <span class='ocrx_word' id='word_1_223' title='bbox 483 2544 576 2602; x_wconf 87' lang='lat' dir='ltr'><strong>carnis</strong></span> <span class='ocrx_word' id='word_1_224' title='bbox 592 2545 688 2603; x_wconf 90' lang='lat' dir='ltr'><strong>cinere</strong></span> <span class='ocrx_word' id='word_1_225' title='bbox 704 2560 741 2601; x_wconf 87' lang='lat' dir='ltr'><strong>ex</strong></span> <span class='ocrx_word' id='word_1_226' title='bbox 756 2541 823 2602; x_wconf 88' lang='lat' dir='ltr'><strong>oleo</strong></span> <span class='ocrx_word' id='word_1_227' title='bbox 837 2541 917 2603; x_wconf 87' lang='lat' dir='ltr'><strong>inlita</strong></span> <span class='ocrx_word' id='word_1_228' title='bbox 930 2539 1088 2618; x_wconf 89' lang='lat' dir='ltr'><strong>supercilia</strong></span> <span class='ocrx_word' id='word_1_229' title='bbox 1104 2540 1181 2613; x_wconf 78' lang='lat' dir='ltr'><strong>nigre·</strong></span> 
     </span>
     <span class='ocr_line' id='line_1_29' title="bbox 172 2617 1182 2704; baseline -0.01 -16"><span class='ocrx_word' id='word_1_230' title='bbox 172 2637 223 2690; x_wconf 89' lang='lat'><strong>166</strong></span> <span class='ocrx_word' id='word_1_231' title='bbox 234 2635 329 2686; x_wconf 80' lang='lat' dir='ltr'><strong>scunt·</strong></span> <span class='ocrx_word' id='word_1_232' title='bbox 354 2626 430 2686; x_wconf 88' lang='lat' dir='ltr'><strong>lacte</strong></span> <span class='ocrx_word' id='word_1_233' title='bbox 453 2626 571 2704; x_wconf 84' lang='lat' dir='ltr'><strong>caprino</strong></span> <span class='ocrx_word' id='word_1_234' title='bbox 592 2624 684 2686; x_wconf 87' lang='lat' dir='ltr'><strong>lendis</strong></span> <span class='ocrx_word' id='word_1_235' title='bbox 701 2624 770 2684; x_wconf 83' lang='lat' dir='ltr'><strong>tolli</strong></span> <span class='ocrx_word' id='word_1_236' title='bbox 791 2625 919 2701; x_wconf 87' lang='lat' dir='ltr'><strong>tradunt,</strong></span> <span class='ocrx_word' id='word_1_237' title='bbox 942 2625 1008 2684; x_wconf 84' lang='lat' dir='ltr'><strong>fimo</strong></span> <span class='ocrx_word' id='word_1_238' title='bbox 1031 2641 1094 2682; x_wconf 92' lang='lat' dir='ltr'><strong>cum</strong></span> <span class='ocrx_word' id='word_1_239' title='bbox 1112 2617 1182 2680; x_wconf 83' lang='lat' dir='ltr'><strong>mela</strong></span> 
     </span>
     <span class='ocr_line' id='line_1_30' title="bbox 214 2704 1182 2788; baseline -0.006 -20"><span class='ocrx_word' id='word_1_240' title='bbox 214 2710 362 2787; x_wconf 88' lang='lat' dir='ltr'><strong>alopecias</strong></span> <span class='ocrx_word' id='word_1_241' title='bbox 380 2709 506 2788; x_wconf 83' lang='lat' dir='ltr'><strong>expleri,</strong></span> <span class='ocrx_word' id='word_1_242' title='bbox 523 2710 590 2768; x_wconf 90' lang='lat' dir='ltr'><strong>item</strong></span> <span class='ocrx_word' id='word_1_243' title='bbox 611 2704 778 2784; x_wconf 78' lang='lat' dir='ltr'><strong>ungularum</strong></span> <span class='ocrx_word' id='word_1_244' title='bbox 793 2710 890 2768; x_wconf 89' lang='lat' dir='ltr'><strong>cinere</strong></span> <span class='ocrx_word' id='word_1_245' title='bbox 906 2725 969 2766; x_wconf 92' lang='lat' dir='ltr'><strong>cum</strong></span> <span class='ocrx_word' id='word_1_246' title='bbox 984 2707 1052 2784; x_wconf 90' lang='lat' dir='ltr'><strong>pice</strong></span> <span class='ocrx_word' id='word_1_247' title='bbox 1067 2706 1182 2765; x_wconf 85' lang='lat' dir='ltr'><strong>lluentctn</strong></span> 
     </span>
     <span class='ocr_line' id='line_1_31' title="bbox 215 2783 1204 2869; baseline -0.014 -15"><span class='ocrx_word' id='word_1_248' title='bbox 215 2793 348 2869; x_wconf 90' lang='lat' dir='ltr'><strong>capillum</strong></span> <span class='ocrx_word' id='word_1_249' title='bbox 364 2793 513 2862; x_wconf 82' lang='lat' dir='ltr'><strong>contineri,</strong></span> <span class='ocrx_word' id='word_1_250' title='bbox 543 2791 702 2869; x_wconf 77' lang='lat' dir='ltr'><strong>leporinus</strong></span> <span class='ocrx_word' id='word_1_251' title='bbox 720 2792 791 2850; x_wconf 91' lang='lat' dir='ltr'><strong>cinis</strong></span> <span class='ocrx_word' id='word_1_252' title='bbox 809 2808 872 2850; x_wconf 91' lang='lat' dir='ltr'><strong>cum</strong></span> <span class='ocrx_word' id='word_1_253' title='bbox 887 2790 953 2850; x_wconf 89' lang='lat' dir='ltr'><strong>oleo</strong></span> <span class='ocrx_word' id='word_1_254' title='bbox 968 2797 1081 2864; x_wconf 72' lang='lat' dir='ltr'><strong>myrteo</strong></span> <span class='ocrx_word' id='word_1_255' title='bbox 1096 2783 1204 2865; x_wconf 76' lang='lat' dir='ltr'><strong>capitiis</strong></span> 
     </span>
     <span class='ocr_line' id='line_1_32' title="bbox 214 2865 1182 2952; baseline -0.008 -18"><span class='ocrx_word' id='word_1_256' title='bbox 214 2875 345 2934; x_wconf 90' lang='lat' dir='ltr'><strong>dolorem</strong></span> <span class='ocrx_word' id='word_1_257' title='bbox 360 2876 456 2951; x_wconf 89' lang='lat' dir='ltr'><strong>sedat,</strong></span> <span class='ocrx_word' id='word_1_258' title='bbox 482 2883 551 2952; x_wconf 85' lang='lat' dir='ltr'><strong>pots</strong></span> <span class='ocrx_word' id='word_1_259' title='bbox 572 2891 646 2952; x_wconf 86' lang='lat' dir='ltr'><strong>aqua</strong></span> <span class='ocrx_word' id='word_1_260' title='bbox 667 2891 740 2952; x_wconf 91' lang='lat' dir='ltr'><strong>quac</strong></span> <span class='ocrx_word' id='word_1_261' title='bbox 756 2875 859 2934; x_wconf 85' lang='lat' dir='ltr'><strong>relicta</strong></span> <span class='ocrx_word' id='word_1_262' title='bbox 874 2882 948 2933; x_wconf 88' lang='lat' dir='ltr'><strong>este</strong></span> <span class='ocrx_word' id='word_1_263' title='bbox 966 2872 1050 2932; x_wconf 90' lang='lat' dir='ltr'><strong>bovis</strong></span> <span class='ocrx_word' id='word_1_264' title='bbox 1066 2880 1113 2931; x_wconf 91' lang='lat' dir='ltr'><strong>ant</strong></span> <span class='ocrx_word' id='word_1_265' title='bbox 1125 2865 1182 2928; x_wconf 84' lang='lat' dir='ltr'><strong>asiai</strong></span> 
     </span>
     <span class='ocr_line' id='line_1_33' title="bbox 214 2953 1180 3036; baseline -0.002 -21"><span class='ocrx_word' id='word_1_266' title='bbox 214 2965 285 3036; x_wconf 90' lang='lat' dir='ltr'><strong>potu</strong></span> <span class='ocrx_word' id='word_1_267' title='bbox 305 2966 348 3030; x_wconf 90' lang='lat' dir='ltr'><strong>et,</strong></span> <span class='ocrx_word' id='word_1_268' title='bbox 371 2960 395 3016; x_wconf 93' lang='lat' dir='ltr'><strong>si</strong></span> <span class='ocrx_word' id='word_1_269' title='bbox 418 2958 575 3033; x_wconf 87' lang='lat' dir='ltr'><strong>credimus,</strong></span> <span class='ocrx_word' id='word_1_270' title='bbox 601 2957 697 3035; x_wconf 90' lang='lat' dir='ltr'><strong>volpis</strong></span> <span class='ocrx_word' id='word_1_271' title='bbox 712 2957 856 3017; x_wconf 89' lang='lat' dir='ltr'><strong>masculae</strong></span> <span class='ocrx_word' id='word_1_272' title='bbox 870 2956 996 3033; x_wconf 81' lang='lat' dir='ltr'><strong>genitale</strong></span> <span class='ocrx_word' id='word_1_273' title='bbox 1019 2953 1180 3028; x_wconf 77' lang='lat' dir='ltr'><strong>circumliga-</strong></span> 
     </span>
     <span class='ocr_line' id='line_1_34' title="bbox 214 3041 1182 3118; baseline -0.009 -18"><span class='ocrx_word' id='word_1_274' title='bbox 214 3049 280 3115; x_wconf 86' lang='lat' dir='ltr'><strong>tum,</strong></span> <span class='ocrx_word' id='word_1_275' title='bbox 296 3056 400 3118; x_wconf 89' lang='lat' dir='ltr'><strong>cornus</strong></span> <span class='ocrx_word' id='word_1_276' title='bbox 418 3042 526 3100; x_wconf 88' lang='lat' dir='ltr'><strong>cervini</strong></span> <span class='ocrx_word' id='word_1_277' title='bbox 541 3042 613 3102; x_wconf 88' lang='lat' dir='ltr'><strong>cinis</strong></span> <span class='ocrx_word' id='word_1_278' title='bbox 626 3041 723 3100; x_wconf 89' lang='lat' dir='ltr'><strong>inlitus</strong></span> <span class='ocrx_word' id='word_1_279' title='bbox 738 3057 776 3098; x_wconf 87' lang='lat' dir='ltr'><strong>ex</strong></span> <span class='ocrx_word' id='word_1_280' title='bbox 790 3048 875 3100; x_wconf 88' lang='lat' dir='ltr'><strong>aceto</strong></span> <span class='ocrx_word' id='word_1_281' title='bbox 888 3048 939 3098; x_wconf 89' lang='lat' dir='ltr'><strong>aut</strong></span> <span class='ocrx_word' id='word_1_282' title='bbox 952 3055 1079 3099; x_wconf 88' lang='lat' dir='ltr'><strong>rosaceo</strong></span> <span class='ocrx_word' id='word_1_283' title='bbox 1099 3045 1142 3097; x_wconf 90' lang='lat' dir='ltr'><strong>aut</strong></span> <span class='ocrx_word' id='word_1_284' title='bbox 1152 3050 1182 3092; x_wconf 81' lang='lat' dir='ltr'><strong>ex</strong></span> 
     </span>
     <span class='ocr_line' id='line_1_35' title="bbox 215 3139 297 3182; baseline -0.024 0"><span class='ocrx_word' id='word_1_285' title='bbox 215 3139 297 3182; x_wconf 84' lang='lat' dir='ltr'><strong>rrrno.</strong></span> 
     </span>
     <span class='ocr_line' id='line_1_36' title="bbox 125 3203 1204 3284; baseline -0.01 -14"><span class='ocrx_word' id='word_1_286' title='bbox 125 3213 127 3220; x_wconf 83' lang='lat'>&#39;</span> <span class='ocrx_word' id='word_1_287' title='bbox 173 3215 222 3272; x_wconf 80' lang='lat' dir='ltr'><strong>rot</strong></span> <span class='ocrx_word' id='word_1_288' title='bbox 288 3204 371 3284; x_wconf 87' lang='grc'>(47.)</span> <span class='ocrx_word' id='word_1_289' title='bbox 394 3203 548 3266; x_wconf 89' lang='lat' dir='ltr'><strong>Oculorum</strong></span> <span class='ocrx_word' id='word_1_290' title='bbox 562 3205 718 3284; x_wconf 81' lang='lat' dir='ltr'><strong>epiphoras</strong></span> <span class='ocrx_word' id='word_1_291' title='bbox 738 3204 845 3268; x_wconf 87' lang='lat' dir='ltr'><strong>bubulo</strong></span> <span class='ocrx_word' id='word_1_292' title='bbox 863 3205 934 3267; x_wconf 90' lang='lat' dir='ltr'><strong>sebo</strong></span> <span class='ocrx_word' id='word_1_293' title='bbox 949 3223 1013 3266; x_wconf 87' lang='lat' dir='ltr'><strong>cum</strong></span> <span class='ocrx_word' id='word_1_294' title='bbox 1027 3203 1093 3263; x_wconf 90' lang='lat' dir='ltr'><strong>oleo</strong></span> <span class='ocrx_word' id='word_1_295' title='bbox 1110 3207 1204 3261; x_wconf 75' lang='lat' dir='ltr'><strong>codott</strong></span> 
     </span>
     <span class='ocr_line' id='line_1_37' title="bbox 214 3287 1179 3374; baseline -0.003 -27"><span class='ocrx_word' id='word_1_296' title='bbox 214 3288 341 3374; x_wconf 84' lang='lat' dir='ltr'><strong>inlionpt.</strong></span> <span class='ocrx_word' id='word_1_297' title='bbox 371 3290 478 3348; x_wconf 85' lang='lat' dir='ltr'><strong>cervini</strong></span> <span class='ocrx_word' id='word_1_298' title='bbox 490 3305 595 3348; x_wconf 90' lang='lat' dir='ltr'><strong>cornus</strong></span> <span class='ocrx_word' id='word_1_299' title='bbox 609 3291 706 3348; x_wconf 89' lang='lat' dir='ltr'><strong>cinere</strong></span> <span class='ocrx_word' id='word_1_300' title='bbox 721 3289 872 3350; x_wconf 85' lang='lat' dir='ltr'><strong>scabritias</strong></span> <span class='ocrx_word' id='word_1_301' title='bbox 883 3287 1039 3348; x_wconf 87' lang='lat' dir='ltr'><strong>eorundem</strong></span> <span class='ocrx_word' id='word_1_302' title='bbox 1049 3288 1179 3361; x_wconf 79' lang='lat' dir='ltr'><strong>inungunt,</strong></span> 
     </span>
     <span class='ocr_line' id='line_1_38' title="bbox 214 3365 1179 3450; baseline -0.004 -23"><span class='ocrx_word' id='word_1_303' title='bbox 214 3385 366 3428; x_wconf 89' lang='lat' dir='ltr'><strong>mucrones</strong></span> <span class='ocrx_word' id='word_1_304' title='bbox 380 3379 473 3428; x_wconf 87' lang='lat' dir='ltr'><strong>autem</strong></span> <span class='ocrx_word' id='word_1_305' title='bbox 488 3371 569 3444; x_wconf 89' lang='lat' dir='ltr'><strong>ipsos</strong></span> <span class='ocrx_word' id='word_1_306' title='bbox 591 3372 774 3432; x_wconf 83' lang='lat' dir='ltr'><strong>efficaciores</strong></span> <span class='ocrx_word' id='word_1_307' title='bbox 789 3381 896 3448; x_wconf 86' lang='lat' dir='ltr'><strong>putant.</strong></span> <span class='ocrx_word' id='word_1_308' title='bbox 929 3371 989 3450; x_wconf 89' lang='lat' dir='ltr'><strong>lupi</strong></span> <span class='ocrx_word' id='word_1_309' title='bbox 1005 3365 1179 3430; x_wconf 85' lang='lat' dir='ltr'><strong>excrementis</strong></span> 
     </span>
     <span class='ocr_line' id='line_1_39' title="bbox 216 3449 1178 3534; baseline -0.004 -24"><span class='ocrx_word' id='word_1_310' title='bbox 216 3449 372 3510; x_wconf 86' lang='lat' dir='ltr'><strong>circumlini</strong></span> <span class='ocrx_word' id='word_1_311' title='bbox 398 3450 581 3514; x_wconf 88' lang='lat' dir='ltr'><strong>subfusiones</strong></span> <span class='ocrx_word' id='word_1_312' title='bbox 604 3454 737 3534; x_wconf 86' lang='lat' dir='ltr'><strong>prodest,</strong></span> <span class='ocrx_word' id='word_1_313' title='bbox 765 3455 864 3522; x_wconf 89' lang='lat' dir='ltr'><strong>cinere</strong></span> <span class='ocrx_word' id='word_1_314' title='bbox 889 3469 990 3514; x_wconf 88' lang='lat' dir='ltr'><strong>eorum</strong></span> <span class='ocrx_word' id='word_1_315' title='bbox 1012 3471 1073 3514; x_wconf 91' lang='lat' dir='ltr'><strong>cum</strong></span> <span class='ocrx_word' id='word_1_316' title='bbox 1096 3450 1178 3512; x_wconf 79' lang='lat' dir='ltr'><strong>Attico</strong></span> 
     </span>
    </p>
   </div>
   <div class='ocr_carea' id='block_1_3' title="bbox 0 0 1263 3924">
    <p class='ocr_par' dir='ltr' id='par_1_3' title="bbox 0 0 1263 3924">
     <span class='ocr_line' id='line_1_40' title="bbox 0 0 1263 3924; baseline 0 0"><span class='ocrx_word' id='word_1_317' title='bbox 0 0 1263 3924; x_wconf 95' lang='lat' dir='ltr'><strong> </strong></span> 
     </span>
    </p>
   </div>
  </div>
 </body>
</html>
