2504 3930
117 261 120 270 ·
195 239 255 303 278
517 253 547 302 o.
570 253 667 300 emur
687 251 837 300 succuum

191 407 311 486 pellant.
338 409 448 466 transiit
462 407 564 467 deinde
578 408 607 464 in
622 406 776 480 luxuriam,
796 415 1005 484 creveruntque
1021 424 1134 481 genera
1147 407 1182 467 ad

191 491 336 566 inlinitum,
353 491 436 550 sicuti
447 509 545 567 garum
560 491 593 550 ad
607 490 735 548 colorem
750 490 834 549 mulsi
846 493 953 548 veteris
965 490 1101 568 adeoque
1113 491 1180 551 diln-
1239 565 1240 568 Ἴ

190 583 245 633 tam
266 576 433 633 suavitatem
447 584 475 632 ut
491 574 550 633 bibi
571 575 675 652 possit.
707 573 783 632 aliud
800 591 871 632 vero
893 565 1123 634 castimoniarum
1138 594 1177 633 su·

191 659 352 734 perstitioni
366 659 450 717 etiam
465 659 614 736 sacrisque
629 656 742 716 ludaeis
758 656 895 732 dicatum,
919 658 994 734 quod
1017 657 1082 716 lite
1099 659 1178 734 pisci·

189 741 242 800 bus
254 757 370 818 squama
385 741 556 801 carentibus.
579 744 622 799 sic
634 740 712 799 allex
724 741 902 818 pervenitad
914 749 1038 815 ostreas,
1051 741 1181 814 echinos,
1192 769 1203 808 s

188 827 294 884 urticas
305 828 405 901 maris,
420 825 570 884 mullorum
586 825 730 898 iocinera,
747 826 960 902 innumerisque
974 824 1134 900 generibus
1149 824 1183 884 ad

145 919 180 972 96
191 925 311 986 sapores
323 907 410 985 gulae
424 910 522 986 coepit
536 909 577 966 sal
591 907 753 966 tabescere.
778 907 961 968 Haecobiter
981 907 1108 967 indicata
1129 909 1184 966 sint

188 990 339 1050 desideriis
354 995 445 1067 vitae,
468 997 497 1050 et
517 995 579 1070 ipsa
602 1001 696 1050 tamen
711 1009 768 1050 uon
783 990 887 1050 nullius
903 1009 972 1050 usus
983 992 1014 1049 in
1026 991 1181 1050 medendo.

187 1092 309 1152 namque
321 1084 348 1133 et
361 1075 455 1134 allece
468 1074 584 1133 scabies
596 1075 713 1153 pecoris
727 1084 841 1134 sanatur
852 1073 946 1133 inlusa
961 1093 1015 1153 per
1031 1083 1127 1133 cutem
1143 1076 1182 1132 irr-

187 1160 289 1234 cisam,
311 1167 339 1216 et
359 1169 458 1218 contra
480 1160 558 1218 canis
578 1176 691 1216 morsus
713 1157 904 1234 draconisque
925 1159 1025 1218 marini
1052 1158 1183 1235 prodest,
1193 1183 1214 1225 p

144 1249 178 1305 97
190 1242 218 1299 in
234 1240 361 1300 linteolis
376 1251 469 1301 autem
488 1243 655 1320 concerptis
671 1243 824 1319 inponitur.
849 1241 886 1300 Et
905 1259 977 1318 garo
992 1241 1124 1301 ambusta
1139 1259 1183 1299 re·

186 1326 279 1384 centia
294 1335 443 1400 sanantur,
460 1328 484 1384 si
502 1326 565 1403 quis
581 1325 707 1384 inlundat
720 1343 755 1385 ac
769 1343 826 1383 nou
837 1326 964 1384 nominet
976 1343 1086 1402 garum.
1116 1341 1183 1382 con·

186 1416 230 1467 tra
246 1425 345 1467 canum
362 1427 479 1487 quoque
499 1426 610 1468 morsus
632 1409 751 1486 prodest
773 1425 962 1486 maxumeque
985 1407 1129 1468 crocodili
1155 1415 1185 1466 et

186 1491 331 1550 ulceribus
348 1510 421 1569 quae
437 1503 557 1571 serpunt
577 1501 623 1550 aut
645 1493 777 1552 sordidis.
807 1494 866 1551 oris
890 1511 1006 1570 quoque
1028 1493 1185 1551 staurium
1238 1521 1239 1530 κ

186 1574 333 1634 ulceribus
355 1585 402 1635 aut
418 1576 566 1636 doloribus
585 1577 704 1636 mirifice
719 1575 848 1652 prodest.
876 1576 967 1636 liluria
982 1592 1100 1653 quoque
1122 1576 1184 1633 sive
1194 1601 1217 1641 15

143 1677 167 1712 cs
189 1659 238 1718 illa
260 1659 376 1736 salsugo
395 1663 519 1737 spissat,
543 1659 669 1734 mordet,
692 1669 846 1735 extenuat,
869 1661 975 1733 siccat,
999 1658 1185 1732 dysintericis

187 1743 279 1815 utilis,
300 1743 383 1802 etiarn
401 1745 425 1801 si
443 1762 526 1804 nome
541 1745 673 1802 intestina
690 1744 829 1820 conripit‚
845 1742 1025 1816 ischiadicis,
1043 1741 1185 1800 coeliacis

186 1824 332 1884 veteribus
349 1826 511 1886 infunditur.
541 1827 602 1887 iotu
619 1843 735 1905 quoquc
751 1825 827 1904 apud
846 1826 1076 1885 mediterraneos
1091 1842 1184 1902 aquae

185 1910 308 1968 marinae
325 1911 417 1968 vicem
434 1920 546 1986 pensat.

143 2001 178 2055 98
249 1994 279 2052 9.
304 1992 387 2069 (45.)
408 1993 483 2052 Salis
499 2002 598 2052 natura
612 2002 657 2051 est
671 2010 769 2071 perse
783 1993 868 2070 ignea
883 2001 911 2052 et
928 1993 1041 2052 inimica
1056 1990 1218 2067 ignibus,20
1238 2007 1240 2018 ·

185 2075 300 2149 fugiens
318 2093 387 2149 eos,
407 2079 500 2134 omnia
518 2076 659 2150 erodeus,
678 2093 804 2153 corpora
820 2092 891 2135 vero
907 2075 1109 2151 adstringens,
1128 2075 1184 2133 sic·

90 2222 92 2226 ,
187 2175 271 2231 cans,
286 2157 433 2234 adligans,
455 2160 590 2218 defuncta
606 2161 690 2218 etiam
704 2177 720 2218 a
743 2159 926 2236 putrescendi
941 2159 1008 2218 tabe
1025 2157 1185 2232 vindicans,

184 2249 214 2300 ut
230 2241 331 2299 durent
351 2243 388 2301 ita
405 2261 458 2320 per
473 2243 606 2316 saecula,
623 2243 652 2300 iu
673 2242 814 2301 medendo
845 2259 915 2302 vero
939 2242 1093 2318 mordens,
1117 2242 1185 2300 adu·
1239 2263 1240 2276 ¹

185 2341 268 2398 rens,
284 2342 460 2402 repurgans,
479 2335 652 2402 extenuans,
666 2325 844 2400 dissolvens,
858 2325 1007 2385 stomacho
1023 2335 1132 2384 tantum
1144 2327 1186 2383 in·

185 2408 277 2483 utilis,
294 2419 494 2487 praeterquam
508 2410 543 2468 ad
560 2409 739 2469 excitandam
760 2409 942 2484 aviditatem,
965 2408 1107 2468 adversus
1123 2426 1218 2476 ser-25

186 2493 311 2568 pontium
327 2509 439 2552 morsus
454 2511 517 2552 cum
539 2493 674 2569 origano,
697 2493 802 2568 melle,
825 2493 959 2570 hysopo,
982 2501 1084 2552 contra
1103 2509 1186 2550 cera·

142 2584 176 2638 99
188 2583 251 2634 sten
268 2593 330 2634 cum
345 2578 467 2653 origano
485 2585 532 2635 aut
552 2577 649 2636 cedria
671 2585 719 2635 aut
742 2576 808 2652 pice
831 2585 878 2635 aut
897 2576 993 2635 melle.
1031 2575 1187 2636 auxiliatur

186 2667 285 2718 contra
306 2659 514 2736 scolopendras
536 2677 573 2718 ex
596 2668 680 2720 aceto
708 2667 810 2735 potus,
837 2659 976 2718 adversus
995 2659 1187 2737 scorpionum

184 2744 258 2800 ictus
273 2760 335 2800 cum
349 2752 449 2821 quarta
465 2751 547 2822 parte
561 2744 610 2803 lini
628 2744 742 2802 seminis
758 2761 796 2803 ex
812 2742 879 2801 oleo
897 2742 946 2801 vel
967 2751 1053 2802 aceto
1074 2741 1186 2812 inlitus,

184 2825 324 2884 adversus
340 2825 497 2886 crabrones
516 2845 588 2886 vero
605 2837 636 2886 et
654 2844 761 2904 vespas
784 2827 943 2904 similiaque
965 2844 1002 2884 ex
1023 2833 1128 2900 aceto,
1149 2822 1218 2882 adso

184 2907 401 2968 heterocranias
419 2911 579 2989 capitisque
597 2911 695 2969 ulcera
713 2919 742 2969 ct
760 2909 877 2987 pusulas
894 2910 1054 2988 papulasve
1070 2917 1101 2967 et
1114 2906 1185 2966 inci·

185 2992 290 3069 pientis
303 3011 440 3053 verrucas
457 3012 520 3052 cum
535 2994 609 3054 sebo
627 2992 765 3070 vitulino,
784 2994 852 3052 item
874 2993 1024 3052 oculorum
1045 2991 1185 3052 remediis

185 3082 214 3133 et
231 3074 265 3134 ad
282 3079 480 3136 excrescentis
495 3077 534 3136 ibi
550 3079 644 3136 carnis
659 3078 804 3153 totiusque
822 3078 956 3154 corporis
968 3077 1115 3154 pterygia,
1132 3073 1186 3134 scd

183 3159 212 3216 in
232 3158 322 3218 oculis
338 3160 540 3236 peculiariter,
557 3159 594 3218 ob
613 3160 641 3219 id
655 3160 802 3233 collyriis,
823 3159 988 3237 emplastris
1001 3177 1123 3237 quoque
1136 3155 1186 3216 ad·

185 3240 274 3315 ditur,
286 3275 328 3288 --
339 3243 375 3301 ad
386 3243 459 3302 haec
472 3261 603 3302 maxume
618 3241 758 3320 probatur
769 3243 906 3302 Tattaeus
919 3252 966 3302 aut
979 3242 1132 3318 caunites,
1142 3265 1218 3309 -ss

141 3335 193 3386 100
204 3341 241 3382 ex
257 3327 315 3384 ictu
332 3342 403 3384 vero
424 3326 548 3385 subfusis
563 3344 666 3385 cruore
682 3326 774 3385 oculis
790 3327 989 3402 suggillatisve
1007 3345 1074 3385 cnm
1088 3342 1186 3386 murra

182 3407 245 3479 pari
258 3409 389 3484 pondere
405 3427 439 3467 ac
456 3409 543 3468 melle
558 3419 605 3469 aut
620 3427 683 3468 cum
698 3409 811 3486 hysopo
825 3428 862 3468 ex
877 3429 949 3488 aqua
966 3409 1079 3484 calida,
1094 3419 1185 3487 utque

142 3495 146 3502 '
182 3486 333 3549 foveantur
344 3492 499 3567 salsugine.
528 3492 563 3550 ad
573 3492 647 3552 haec
657 3492 855 3569 Hispaniensis
869 3494 1001 3570 eligitur,
1018 3503 1183 3570 contraque
