2458 3906
275 220 357 268 uxr.
372 220 463 270 tarsu.
479 220 580 270 xv111.
596 218 717 272 32-34.
734 206 890 290 (to-77.)
1021 209 1080 272 149

34 385 35 398 ¹
84 375 149 437 bruc
162 372 266 457 ltaliae
281 374 416 454 palmites
431 386 583 455 spectent,
607 377 660 438 sed
680 394 737 437 non
756 377 862 456 plagae
884 375 1018 437 arborum
1039 377 1081 436 vi·

83 463 191 521 innare.
224 458 273 520 hic
289 459 386 520 olivae
398 461 532 522 timeatur
547 461 733 540 vergiliarum
750 460 919 539 quatriduo,
943 461 1019 521 huno
1034 478 1080 521 ca·

83 553 142 605 reat
157 543 263 604 insitor
276 543 396 604 calamis
409 546 591 626 gemmisque
606 545 778 606 inoculator.
798 544 844 605 De
855 546 920 624 ipsa
935 546 1064 622 regionis
1071 554 1124 610 330

84 631 135 690 eins
150 627 225 689 lrora
238 629 460 706 praemonuisse
476 630 638 691 conveniat.
666 629 798 690 frondem
812 629 907 690 medio
921 628 979 705 die,
996 628 1080 690 arbo·

32 741 34 790 p
68 723 164 789 arator,
176 730 215 774 ne
233 711 360 773 caedito.
392 731 457 774 cum
472 714 623 775 meridiem
637 713 743 774 adesso
758 715 879 789 senties,
899 722 1011 792 pastor,
1030 731 1079 774 ae·

84 807 148 858 state
164 796 356 857 contrahente
372 815 407 857 se
424 798 535 874 umbra,
554 797 696 877 pecudem
711 817 728 858 e
745 797 809 858 sole
825 799 853 858 iu
865 815 958 877 opaca
968 799 1076 875 cogito.

31 893 33 960 i
84 901 138 944 tum
162 889 276 942 aestate
298 897 421 960 pasces,
445 883 474 942 in
499 882 682 944 occidentem
708 891 810 961 specta
834 891 900 942 ante
919 881 1080 958 meridiem,

31 965 33 1044 l
84 975 142 1046 post
164 964 316 1026 meridiem
333 967 363 1026 iu
385 967 544 1043 orientem,
571 968 657 1028 aliter
676 968 808 1042 noxium,
832 968 907 1026 sieut
932 965 1027 1026 hieme
1052 975 1081 1026 et

31 1049 33 1110 l
85 1069 147 1112 rere
162 1050 189 1109 ai
204 1050 235 1108 iu
248 1049 429 1111 rorulentum
444 1051 543 1114 duces.
578 1070 614 1112 ne
632 1061 732 1112 eontra
748 1051 976 1131 septentrionem
992 1069 1079 1128 pave-

30 1163 32 1222 ,
63 1138 122 1205 aris
135 1151 223 1213 supra
238 1133 355 1194 dictum.
390 1135 541 1196 clodantur
555 1136 594 1197 ita
615 1135 776 1215 lippiuutve
791 1134 828 1196 ab
847 1134 953 1196 adflatu
970 1143 999 1194 et
1015 1135 1081 1194 aluo

30 1225 32 1303 l
86 1221 136 1282 cita
148 1227 282 1298 pereunt.
316 1221 365 1296 qui
378 1219 499 1282 laminas
515 1221 633 1299 concipi
647 1220 731 1280 voles
746 1220 775 1279 in
789 1220 865 1280 hunc
882 1227 996 1278 ventum
1012 1237 1078 1297 spe·

30 1307 32 1370 l
86 1304 179 1366 cautis
197 1302 262 1362 iniri
281 1304 392 1380 cogito.

30 1371 32 1394 ¹
138 1387 186 1450 34.
210 1387 296 1466 (77.)
320 1387 361 1466 [1]
376 1383 506 1448 Diximus
524 1395 555 1447 ut
575 1388 604 1446 iu
620 1387 713 1448 media
736 1385 803 1448 lidia
820 1387 1121 1464 designaretursnasr

86 1471 238 1533 umbilicus.
258 1488 313 1550 per
325 1471 401 1531 buno
415 1472 539 1533 medium
548 1480 680 1531 traversa
693 1481 790 1532 currat
806 1471 871 1532 alia.
889 1471 963 1532 baec
976 1472 1030 1531 erit
1043 1472 1079 1532 ab

65 1573 81 1617 a
88 1564 178 1618 exortu
192 1555 401 1632 aequinoctiali
415 1555 450 1616 ad
467 1573 604 1616 occasum
618 1555 870 1633 aequinoctialem,
887 1564 917 1614 et
932 1554 1015 1614 limes
1032 1557 1080 1634 qui

88 1642 120 1702 ita
128 1638 238 1700 secabit
249 1657 351 1716 agrum
365 1638 541 1700 decumanus
552 1639 713 1701 vocabitur.
737 1640 876 1700 ducantur
888 1639 992 1698 deiude
1005 1640 1080 1699 aliae

88 1725 149 1786 duae
162 1724 251 1784 liniae
267 1724 296 1783 in
311 1723 444 1784 decussis
459 1724 607 1803 obliquae,
627 1725 665 1784 ita
682 1733 711 1784 ut
727 1742 743 1784 a
756 1723 963 1802 septentrionis
979 1722 1080 1783 dextra

89 1810 217 1886 laevaque
239 1807 277 1869 ad
298 1809 388 1868 austri
410 1807 540 1870 dextram
561 1825 596 1868 ao
611 1808 723 1870 laevam
738 1807 943 1882 descendant.¹
960 1824 1059 1866 omnes
1071 1815 1123 1869 333

89 1911 133 1970 per
148 1892 271 1954 eundem
290 1901 407 1952 currant
426 1892 608 1968 umbilicum,
636 1909 737 1952 omnes
760 1894 886 1952 interae
905 1909 992 1971 pares
1013 1893 1079 1966 siut,

65 1977 199 2039 sonnium
224 1976 380 2037 intervalla
397 1978 488 2055 paria.
529 1995 604 2056 quae
619 1977 693 2037 ratio
717 1976 809 2036 semel
830 1978 858 2036 in
874 1993 991 2056 quoque
1009 1992 1080 2054 agro

88 2060 197 2121 beanda
212 2061 269 2120 erit
283 2060 349 2136 vel,
373 2061 398 2120 si
414 2061 533 2140 saepius
547 2060 638 2121 libeat
651 2062 702 2137 uti,
732 2080 748 2121 e
774 2062 854 2138 ligno
869 2059 1013 2136 iacienda,
1033 2079 1080 2120 re·

88 2145 151 2221 gulis
166 2142 288 2224 paribus
308 2145 337 2204 iu
353 2153 518 2225 tympanum
536 2146 671 2223 exiguum
692 2146 746 2206 sed
770 2147 937 2206 circinatum
959 2144 1077 2206 adactis.

88 2230 186 2289 ratione
202 2245 259 2306 qua
275 2227 372 2289 doceo
391 2230 602 2291 occurrendum
616 2230 741 2307 ingeniis
755 2248 871 2309 quoque
891 2230 1079 2308 inperitorum

27 2339 29 2412 p
88 2321 132 2372 eat.
161 2311 312 2374 meridiem
329 2315 426 2374 excuti
440 2313 550 2393 placet,
568 2315 702 2393 quoniam
717 2333 835 2393 semper
851 2314 927 2374 idem
943 2321 998 2389 est,
1014 2313 1059 2372 sol
1070 2323 1123 2377 333

27 2415 29 2488 p
66 2406 170 2458 atatem
186 2397 295 2457 cotidie
311 2415 349 2457 ex
368 2397 426 2458 alio
444 2397 520 2458 caeli
535 2407 679 2458 momento
702 2415 785 2476 quam
805 2398 898 2477 pridie
918 2399 1023 2470 oritur,
1044 2415 1080 2456 ue

89 2481 142 2558 quis
155 2482 232 2541 lorte
246 2481 283 2542 ad
299 2491 433 2542 exortum
453 2482 624 2561 capiendam
642 2492 723 2562 putet
746 2482 850 2542 liniam.
880 2480 923 2541 lta
939 2479 1013 2544 caeli
1029 2498 1078 2540 ex·

89 2573 142 2625 acta
154 2575 236 2645 parte
250 2565 329 2645 quod
346 2566 433 2626 luerit
454 2566 539 2626 liniae
560 2577 646 2644 caput
666 2566 858 2645 septentrioni
878 2581 1048 2644 proxumum
1063 2582 1080 2624 a

27 2693 29 2728 ,
89 2658 159 2726 parte
173 2651 306 2711 exortiva
321 2650 504 2711 solstitialem
518 2649 636 2711 habebit
651 2659 799 2724 exortum,
826 2649 882 2710 hoo
908 2657 953 2708 est
971 2647 1079 2724 longis·

27 2729 29 2798 ξ
89 2734 142 2792 sini
155 2733 228 2809 diei,
250 2743 427 2812 ventumque
443 2735 609 2812 aquilonem
629 2735 739 2796 borean
758 2733 877 2794 Graecis
894 2733 1009 2793 dictum.
1038 2734 1124 2796 33334

27 2815 28 2820 ’
66 2816 152 2877 abuuc
166 2821 266 2897 ponito
283 2818 406 2879 arbores
420 2820 556 2898 vitisque.
587 2819 640 2880 sed
656 2819 714 2880 hoo
734 2819 821 2880 dante
836 2836 873 2878 ne
897 2826 995 2892 arato,
1022 2817 1079 2878 iru-

27 2955 29 2962 .
90 2917 145 2976 qen
163 2921 198 2963 ne
219 2905 330 2978 serito,
351 2921 453 2963 semen
472 2921 509 2962 ne
530 2903 628 2964 iacito.
668 2903 855 2981 praestringit
877 2904 968 2978 enim,
992 2910 1079 2979 atque

89 2987 229 3061 praecellit
239 2987 288 3047 bic
299 2986 446 3048 radicibus
458 2986 593 3048 arborum
606 3005 677 3066 quas
689 2987 835 3066 positurus
848 2980 975 3047 adferes.
997 3003 1080 3064 prae·

90 3068 178 3130 doctas
193 3081 275 3133 esto:
299 3071 356 3132 alia
373 3070 501 3132 robustis
520 3080 658 3150 prosunt,
680 3070 737 3131 alia
757 3070 922 3132 infantibus.
940 3104 983 3114 -
1002 3079 1123 3134 333333

27 3175 29 3226 ;
91 3171 142 3214 sum
158 3155 265 3217 oblitus
286 3157 314 3216 in
334 3155 389 3216 bac
411 3165 494 3234 parte
522 3165 638 3216 rentum
659 3153 778 3216 Graecis
805 3157 874 3234 poui
903 3172 988 3232 quem
1013 3170 1078 3214 eae·

27 3247 28 3302 i
67 3237 145 3298 arian
167 3250 281 3301 vocant.
327 3240 380 3300 sed
407 3241 484 3300 idem
504 3239 698 3318 Aristoteles,
733 3241 775 3300 vir
797 3242 944 3300 inmensae
968 3236 1080 3296 subtili-

28 3395 29 3398 *
93 3322 158 3400 tatis,
177 3324 267 3402 quiid
284 3326 378 3404 ipsum
393 3326 479 3400 lecit,
499 3326 641 3386 rationem
656 3326 846 3385 convexitatis
863 3321 958 3381 muudi
973 3320 1080 3397 reddit,

27 3457 29 3490 z
94 3419 140 3480 qua
162 3410 320 3472 contrarius
346 3409 444 3487 aquilo
469 3409 571 3470 Africo
600 3408 658 3468 dat.
676 3443 717 3454 —-
736 3427 792 3468 neo
813 3418 908 3468 tamen
928 3423 992 3464 eum
1017 3413 1079 3464 toto

27 3517 29 3574 ἐ
94 3503 156 3551 auno
169 3493 196 3554 in
207 3493 365 3574 praedictis
379 3494 460 3554 timet
475 3492 615 3571 agricola.
638 3492 763 3554 mollitur
778 3492 875 3553 sidere
890 3497 1003 3549 aestate
1018 3506 1077 3548 me·
