<?xml version="1.0" encoding="UTF-8"?>
<!DOCTYPE html PUBLIC "-//W3C//DTD XHTML 1.0 Transitional//EN"
    "http://www.w3.org/TR/xhtml1/DTD/xhtml1-transitional.dtd">
<html xmlns="http://www.w3.org/1999/xhtml" xml:lang="en" lang="en">
 <head>
  <title>
</title>
<meta http-equiv="Content-Type" content="text/html;charset=utf-8" />
  <meta name='ocr-system' content='tesseract 3.04.00' />
  <meta name='ocr-capabilities' content='ocr_page ocr_carea ocr_par ocr_line ocrx_word'/>
</head>
<body>
  <div class='ocr_page' id='page_1' title='image "./naturalishistor00plingoog_0072.png"; bbox 0 0 2430 3896; ppageno 0'>
   <div class='ocr_carea' id='block_1_1' title="bbox 174 235 824 296">
    <p class='ocr_par' dir='ltr' id='par_1_1' title="bbox 174 235 824 296">
     <span class='ocr_line' id='line_1_1' title="bbox 174 235 824 296; baseline -0.009 -2"><span class='ocrx_word' id='word_1_1' title='bbox 174 235 212 296; x_wconf 88' lang='grc'><strong>16</strong></span> <span class='ocrx_word' id='word_1_2' title='bbox 521 241 824 292; x_wconf 56' lang='lat' dir='ltr'><strong>decimumnonum</strong></span> 
     </span>
    </p>
   </div>
   <div class='ocr_carea' id='block_1_2' title="bbox 123 397 1206 3259">
    <p class='ocr_par' dir='ltr' id='par_1_2' title="bbox 171 397 1187 563">
     <span class='ocr_line' id='line_1_2' title="bbox 171 397 1187 477; baseline -0.005 -17"><span class='ocrx_word' id='word_1_3' title='bbox 171 401 308 477; x_wconf 87' lang='lat' dir='ltr'><strong>materie,</strong></span> <span class='ocrx_word' id='word_1_4' title='bbox 334 401 414 460; x_wconf 91' lang='lat' dir='ltr'><strong>cuins</strong></span> <span class='ocrx_word' id='word_1_5' title='bbox 432 399 535 460; x_wconf 87' lang='lat' dir='ltr'><strong>liorem</strong></span> <span class='ocrx_word' id='word_1_6' title='bbox 553 398 707 460; x_wconf 80' lang='lat' dir='ltr'>cubitalem</span> <span class='ocrx_word' id='word_1_7' title='bbox 731 397 910 475; x_wconf 80' lang='lat' dir='ltr'><strong>longitndine</strong></span> <span class='ocrx_word' id='word_1_8' title='bbox 931 414 1002 476; x_wconf 90' lang='lat' dir='ltr'><strong>apes</strong></span> <span class='ocrx_word' id='word_1_9' title='bbox 1020 414 1079 457; x_wconf 93' lang='lat' dir='ltr'><strong>non</strong></span> <span class='ocrx_word' id='word_1_10' title='bbox 1096 397 1187 457; x_wconf 89' lang='lat' dir='ltr'><strong>attin-</strong></span> 
     </span>
     <span class='ocr_line' id='line_1_3' title="bbox 171 480 1186 563; baseline -0.006 -18"><span class='ocrx_word' id='word_1_11' title='bbox 171 493 250 562; x_wconf 77' lang='lat' dir='ltr'><strong>gunt.</strong></span> <span class='ocrx_word' id='word_1_12' title='bbox 282 484 342 544; x_wconf 91' lang='lat' dir='ltr'><strong>odit</strong></span> <span class='ocrx_word' id='word_1_13' title='bbox 360 493 389 544; x_wconf 90' lang='lat' dir='ltr'><strong>et</strong></span> <span class='ocrx_word' id='word_1_14' title='bbox 404 501 478 563; x_wconf 91' lang='lat' dir='ltr'><strong>qnae</strong></span> <span class='ocrx_word' id='word_1_15' title='bbox 496 482 659 562; x_wconf 88' lang='lat' dir='ltr'><strong>appellatur</strong></span> <span class='ocrx_word' id='word_1_16' title='bbox 673 483 751 544; x_wconf 88' lang='lat' dir='ltr'><strong>lovis</strong></span> <span class='ocrx_word' id='word_1_17' title='bbox 767 480 876 558; x_wconf 87' lang='lat' dir='ltr'><strong>barba,</strong></span> <span class='ocrx_word' id='word_1_18' title='bbox 898 483 927 540; x_wconf 92' lang='lat' dir='ltr'><strong>in</strong></span> <span class='ocrx_word' id='word_1_19' title='bbox 942 499 1035 559; x_wconf 89' lang='lat' dir='ltr'><strong>opere</strong></span> <span class='ocrx_word' id='word_1_20' title='bbox 1050 482 1186 560; x_wconf 88' lang='lat' dir='ltr'><strong>topiario</strong></span> 
     </span>
    </p>

    <p class='ocr_par' dir='ltr' id='par_1_3' title="bbox 130 565 1206 1154">
     <span class='ocr_line' id='line_1_4' title="bbox 130 565 1187 646; baseline -0.009 -13"><span class='ocrx_word' id='word_1_21' title='bbox 130 576 163 633; x_wconf 85' lang='grc'><strong>77</strong></span> <span class='ocrx_word' id='word_1_22' title='bbox 173 568 287 630; x_wconf 92' lang='lat' dir='ltr'><strong>tonsilis</strong></span> <span class='ocrx_word' id='word_1_23' title='bbox 305 577 334 628; x_wconf 90' lang='lat' dir='ltr'><strong>ct</strong></span> <span class='ocrx_word' id='word_1_24' title='bbox 349 569 378 626; x_wconf 94' lang='lat' dir='ltr'><strong>in</strong></span> <span class='ocrx_word' id='word_1_25' title='bbox 398 567 603 628; x_wconf 71' lang='lat' dir='ltr'><strong>rotunditatem</strong></span> <span class='ocrx_word' id='word_1_26' title='bbox 624 569 737 646; x_wconf 87' lang='lat' dir='ltr'><strong>spissa,</strong></span> <span class='ocrx_word' id='word_1_27' title='bbox 758 574 901 644; x_wconf 76' lang='lat' dir='ltr'><strong>argenteo</strong></span> <span class='ocrx_word' id='word_1_28' title='bbox 925 565 1012 625; x_wconf 85' lang='lat' dir='ltr'><strong>lolio.</strong></span> <span class='ocrx_word' id='word_1_29' title='bbox 1041 583 1102 626; x_wconf 91' lang='lat' dir='ltr'><strong>non</strong></span> <span class='ocrx_word' id='word_1_30' title='bbox 1124 567 1187 626; x_wconf 92' lang='lat' dir='ltr'><strong>nisi</strong></span> 
     </span>
     <span class='ocr_line' id='line_1_5' title="bbox 170 649 1186 732; baseline -0.002 -20"><span class='ocrx_word' id='word_1_31' title='bbox 170 656 198 712; x_wconf 89' lang='lat' dir='ltr'><strong>in</strong></span> <span class='ocrx_word' id='word_1_32' title='bbox 213 654 332 732; x_wconf 81' lang='lat' dir='ltr'>aquosis</span> <span class='ocrx_word' id='word_1_33' title='bbox 347 653 521 731; x_wconf 84' lang='lat' dir='ltr'><strong>proveniunt</strong></span> <span class='ocrx_word' id='word_1_34' title='bbox 536 651 655 729; x_wconf 88' lang='lat' dir='ltr'><strong>salices,</strong></span> <span class='ocrx_word' id='word_1_35' title='bbox 668 651 737 726; x_wconf 87' lang='lat' dir='ltr'><strong>alni,</strong></span> <span class='ocrx_word' id='word_1_36' title='bbox 754 650 865 730; x_wconf 91' lang='lat' dir='ltr'><strong>populi,</strong></span> <span class='ocrx_word' id='word_1_37' title='bbox 881 649 963 727; x_wconf 88' lang='lat' dir='ltr'><strong>siler,</strong></span> <span class='ocrx_word' id='word_1_38' title='bbox 980 649 1104 727; x_wconf 80' lang='lat' dir='ltr'><strong>ligustra</strong></span> <span class='ocrx_word' id='word_1_39' title='bbox 1121 659 1186 710; x_wconf 88' lang='lat' dir='ltr'><strong>tes·</strong></span> 
     </span>
     <span class='ocr_line' id='line_1_6' title="bbox 171 733 1206 813; baseline -0.005 -16"><span class='ocrx_word' id='word_1_40' title='bbox 171 739 246 798; x_wconf 86' lang='lat' dir='ltr'><strong>seris</strong></span> <span class='ocrx_word' id='word_1_41' title='bbox 263 737 423 813; x_wconf 89' lang='lat' dir='ltr'><strong>utilissima,</strong></span> <span class='ocrx_word' id='word_1_42' title='bbox 441 737 509 796; x_wconf 92' lang='lat' dir='ltr'><strong>item</strong></span> <span class='ocrx_word' id='word_1_43' title='bbox 524 737 654 796; x_wconf 88' lang='lat' dir='ltr'><strong>vaccinia</strong></span> <span class='ocrx_word' id='word_1_44' title='bbox 673 735 774 797; x_wconf 88' lang='lat' dir='ltr'><strong>ltaliae</strong></span> <span class='ocrx_word' id='word_1_45' title='bbox 790 736 819 794; x_wconf 90' lang='lat' dir='ltr'><strong>in</strong></span> <span class='ocrx_word' id='word_1_46' title='bbox 832 735 963 813; x_wconf 82' lang='lat' dir='ltr'><strong>aucupiis</strong></span> <span class='ocrx_word' id='word_1_47' title='bbox 979 743 1052 811; x_wconf 90' lang='lat' dir='ltr'><strong>sata,</strong></span> <span class='ocrx_word' id='word_1_48' title='bbox 1062 733 1206 795; x_wconf 73' lang='lat' dir='ltr'><strong>Galliaec</strong></span> 
     </span>
     <span class='ocr_line' id='line_1_7' title="bbox 170 819 1185 900; baseline -0.006 -18"><span class='ocrx_word' id='word_1_49' title='bbox 170 838 242 882; x_wconf 89' lang='lat' dir='ltr'><strong>vero</strong></span> <span class='ocrx_word' id='word_1_50' title='bbox 259 823 344 882; x_wconf 89' lang='lat' dir='ltr'><strong>etiam</strong></span> <span class='ocrx_word' id='word_1_51' title='bbox 360 838 506 900; x_wconf 80' lang='lat' dir='ltr'><strong>purpurae</strong></span> <span class='ocrx_word' id='word_1_52' title='bbox 525 820 701 898; x_wconf 74' lang='lat' dir='ltr'><strong>tinguendae</strong></span> <span class='ocrx_word' id='word_1_53' title='bbox 716 837 805 880; x_wconf 88' lang='lat' dir='ltr'><strong>causa</strong></span> <span class='ocrx_word' id='word_1_54' title='bbox 822 819 858 880; x_wconf 90' lang='lat' dir='ltr'><strong>ad</strong></span> <span class='ocrx_word' id='word_1_55' title='bbox 874 819 1058 890; x_wconf 89' lang='lat' dir='ltr'><strong>servitiorum</strong></span> <span class='ocrx_word' id='word_1_56' title='bbox 1074 819 1185 878; x_wconf 85' lang='lat' dir='ltr'><strong>vestis.</strong></span> 
     </span>
     <span class='ocr_line' id='line_1_8' title="bbox 171 903 1187 984; baseline -0.004 -18"><span class='ocrx_word' id='word_1_57' title='bbox 171 904 377 984; x_wconf 76' lang='lat' dir='ltr'><strong>Quaecumque</strong></span> <span class='ocrx_word' id='word_1_58' title='bbox 395 905 554 965; x_wconf 88' lang='lat' dir='ltr'><strong>communia</strong></span> <span class='ocrx_word' id='word_1_59' title='bbox 573 914 636 965; x_wconf 86' lang='lat' dir='ltr'><strong>sunt</strong></span> <span class='ocrx_word' id='word_1_60' title='bbox 652 903 795 964; x_wconf 89' lang='lat' dir='ltr'><strong>montibus</strong></span> <span class='ocrx_word' id='word_1_61' title='bbox 811 903 963 982; x_wconf 83' lang='lat' dir='ltr'><strong>planisque</strong></span> <span class='ocrx_word' id='word_1_62' title='bbox 983 905 1093 964; x_wconf 85' lang='lat' dir='ltr'><strong>maiora</strong></span> <span class='ocrx_word' id='word_1_63' title='bbox 1110 903 1187 962; x_wconf 86' lang='lat' dir='ltr'><strong>liunt</strong></span> 
     </span>
     <span class='ocr_line' id='line_1_9' title="bbox 170 987 1185 1070; baseline -0.005 -19"><span class='ocrx_word' id='word_1_64' title='bbox 170 990 311 1070; x_wconf 89' lang='lat' dir='ltr'><strong>adspectu</strong></span> <span class='ocrx_word' id='word_1_65' title='bbox 328 989 554 1068; x_wconf 87' lang='lat' dir='ltr'><strong>pulchrioraqne</strong></span> <span class='ocrx_word' id='word_1_66' title='bbox 571 990 600 1048; x_wconf 93' lang='lat' dir='ltr'><strong>in</strong></span> <span class='ocrx_word' id='word_1_67' title='bbox 615 987 838 1068; x_wconf 88' lang='lat' dir='ltr'><strong>campestribus,</strong></span> <span class='ocrx_word' id='word_1_68' title='bbox 851 987 973 1048; x_wconf 88' lang='lat' dir='ltr'><strong>meliora</strong></span> <span class='ocrx_word' id='word_1_69' title='bbox 988 989 1111 1048; x_wconf 89' lang='lat' dir='ltr'><strong>materie</strong></span> <span class='ocrx_word' id='word_1_70' title='bbox 1125 989 1185 1047; x_wconf 95' lang='lat' dir='ltr'><strong>cri·</strong></span> 
     </span>
     <span class='ocr_line' id='line_1_10' title="bbox 170 1072 936 1154; baseline -0.008 -18"><span class='ocrx_word' id='word_1_71' title='bbox 170 1076 326 1154; x_wconf 87' lang='lat' dir='ltr'><strong>spioraqoe</strong></span> <span class='ocrx_word' id='word_1_72' title='bbox 343 1077 371 1133; x_wconf 95' lang='lat' dir='ltr'><strong>in</strong></span> <span class='ocrx_word' id='word_1_73' title='bbox 385 1073 530 1135; x_wconf 89' lang='lat' dir='ltr'><strong>montibus</strong></span> <span class='ocrx_word' id='word_1_74' title='bbox 546 1075 679 1154; x_wconf 84' lang='lat' dir='ltr'><strong>exceptis</strong></span> <span class='ocrx_word' id='word_1_75' title='bbox 695 1072 778 1134; x_wconf 85' lang='lat' dir='ltr'><strong>malis</strong></span> <span class='ocrx_word' id='word_1_76' title='bbox 795 1073 936 1151; x_wconf 84' lang='lat' dir='ltr'><strong>pirisque.</strong></span> 
     </span>
    </p>

    <p class='ocr_par' dir='ltr' id='par_1_4' title="bbox 128 1155 1206 1660">
     <span class='ocr_line' id='line_1_11' title="bbox 128 1155 1206 1239; baseline -0.012 -16"><span class='ocrx_word' id='word_1_77' title='bbox 128 1166 162 1223; x_wconf 84' lang='lat' dir='ltr'><strong>ta</strong></span> <span class='ocrx_word' id='word_1_78' title='bbox 237 1161 285 1222; x_wconf 88' lang='grc'><strong>19.</strong></span> <span class='ocrx_word' id='word_1_79' title='bbox 309 1159 393 1239; x_wconf 88' lang='grc'><strong>(32.)</strong></span> <span class='ocrx_word' id='word_1_80' title='bbox 424 1158 581 1219; x_wconf 89' lang='lat' dir='ltr'><strong>Praeterea</strong></span> <span class='ocrx_word' id='word_1_81' title='bbox 597 1158 732 1219; x_wconf 89' lang='lat' dir='ltr'><strong>arborum</strong></span> <span class='ocrx_word' id='word_1_82' title='bbox 753 1156 818 1217; x_wconf 91' lang='lat' dir='ltr'><strong>aliis</strong></span> <span class='ocrx_word' id='word_1_83' title='bbox 841 1156 977 1217; x_wconf 89' lang='lat' dir='ltr'><strong>decidunt</strong></span> <span class='ocrx_word' id='word_1_84' title='bbox 991 1155 1081 1232; x_wconf 84' lang='lat' dir='ltr'><strong>folia,</strong></span> <span class='ocrx_word' id='word_1_85' title='bbox 1101 1155 1206 1218; x_wconf 84' lang='lat' dir='ltr'><strong>aliaet</strong></span> 
     </span>
     <span class='ocr_line' id='line_1_12' title="bbox 169 1240 1183 1322; baseline -0.004 -18"><span class='ocrx_word' id='word_1_86' title='bbox 169 1245 345 1322; x_wconf 90' lang='lat' dir='ltr'><strong>sempiterna</strong></span> <span class='ocrx_word' id='word_1_87' title='bbox 361 1261 444 1304; x_wconf 87' lang='lat' dir='ltr'><strong>coma</strong></span> <span class='ocrx_word' id='word_1_88' title='bbox 459 1245 564 1319; x_wconf 86' lang='lat' dir='ltr'><strong>virent,</strong></span> <span class='ocrx_word' id='word_1_89' title='bbox 579 1260 663 1321; x_wconf 91' lang='lat' dir='ltr'><strong>qnam</strong></span> <span class='ocrx_word' id='word_1_90' title='bbox 675 1241 867 1302; x_wconf 78' lang='lat' dir='ltr'><strong>differentiam</strong></span> <span class='ocrx_word' id='word_1_91' title='bbox 880 1240 1034 1301; x_wconf 77' lang='lat' dir='ltr'><strong>antecedat</strong></span> <span class='ocrx_word' id='word_1_92' title='bbox 1048 1259 1183 1302; x_wconf 88' lang='lat' dir='ltr'><strong>necesse</strong></span> 
     </span>
     <span class='ocr_line' id='line_1_13' title="bbox 169 1324 1182 1407; baseline -0.001 -19"><span class='ocrx_word' id='word_1_93' title='bbox 169 1329 316 1407; x_wconf 87' lang='lat' dir='ltr'><strong>estprior.</strong></span> <span class='ocrx_word' id='word_1_94' title='bbox 339 1337 405 1388; x_wconf 89' lang='lat' dir='ltr'><strong>sunt</strong></span> <span class='ocrx_word' id='word_1_95' title='bbox 415 1329 488 1387; x_wconf 92' lang='lat' dir='ltr'><strong>enim</strong></span> <span class='ocrx_word' id='word_1_96' title='bbox 496 1326 631 1388; x_wconf 87' lang='lat' dir='ltr'><strong>arborum</strong></span> <span class='ocrx_word' id='word_1_97' title='bbox 639 1326 782 1406; x_wconf 88' lang='lat' dir='ltr'><strong>quaedam</strong></span> <span class='ocrx_word' id='word_1_98' title='bbox 791 1327 905 1386; x_wconf 91' lang='lat' dir='ltr'><strong>omnino</strong></span> <span class='ocrx_word' id='word_1_99' title='bbox 913 1324 1077 1402; x_wconf 83' lang='lat' dir='ltr'><strong>silvestres,</strong></span> <span class='ocrx_word' id='word_1_100' title='bbox 1087 1343 1182 1404; x_wconf 87' lang='lat' dir='ltr'><strong>qnae·</strong></span> 
     </span>
     <span class='ocr_line' id='line_1_14' title="bbox 168 1409 1180 1492; baseline -0.005 -20"><span class='ocrx_word' id='word_1_101' title='bbox 168 1413 232 1473; x_wconf 83' lang='lat' dir='ltr'><strong>dant</strong></span> <span class='ocrx_word' id='word_1_102' title='bbox 247 1412 436 1488; x_wconf 82' lang='lat' dir='ltr'><strong>urbaniores,</strong></span> <span class='ocrx_word' id='word_1_103' title='bbox 458 1413 598 1492; x_wconf 77' lang='lat' dir='ltr'><strong>quoniam</strong></span> <span class='ocrx_word' id='word_1_104' title='bbox 614 1410 658 1472; x_wconf 92' lang='lat' dir='ltr'><strong>his</strong></span> <span class='ocrx_word' id='word_1_105' title='bbox 680 1411 780 1490; x_wconf 88' lang='lat' dir='ltr'><strong>placet</strong></span> <span class='ocrx_word' id='word_1_106' title='bbox 801 1409 962 1470; x_wconf 91' lang='lat' dir='ltr'><strong>nominibus</strong></span> <span class='ocrx_word' id='word_1_107' title='bbox 983 1409 1180 1488; x_wconf 75' lang='lat' dir='ltr'><strong>distinguere.</strong></span> 
     </span>
     <span class='ocr_line' id='line_1_15' title="bbox 168 1494 1181 1576; baseline -0.004 -18"><span class='ocrx_word' id='word_1_108' title='bbox 168 1495 224 1558; x_wconf 87' lang='lat' dir='ltr'><strong>hae</strong></span> <span class='ocrx_word' id='word_1_109' title='bbox 241 1499 340 1576; x_wconf 89' lang='lat' dir='ltr'><strong>mites,</strong></span> <span class='ocrx_word' id='word_1_110' title='bbox 358 1515 431 1576; x_wconf 88' lang='lat' dir='ltr'><strong>qnae</strong></span> <span class='ocrx_word' id='word_1_111' title='bbox 447 1497 543 1557; x_wconf 85' lang='lat' dir='ltr'><strong>fructu</strong></span> <span class='ocrx_word' id='word_1_112' title='bbox 558 1505 606 1558; x_wconf 90' lang='lat' dir='ltr'><strong>aot</strong></span> <span class='ocrx_word' id='word_1_113' title='bbox 621 1495 717 1575; x_wconf 87' lang='lat' dir='ltr'><strong>aliqua</strong></span> <span class='ocrx_word' id='word_1_114' title='bbox 741 1495 810 1556; x_wconf 91' lang='lat' dir='ltr'><strong>dote</strong></span> <span class='ocrx_word' id='word_1_115' title='bbox 832 1494 1054 1573; x_wconf 88' lang='lat' dir='ltr'><strong>umbrarumque</strong></span> <span class='ocrx_word' id='word_1_116' title='bbox 1076 1495 1181 1556; x_wconf 85' lang='lat' dir='ltr'><strong>officio</strong></span> 
     </span>
     <span class='ocr_line' id='line_1_16' title="bbox 168 1579 1206 1660; baseline -0.007 -17"><span class='ocrx_word' id='word_1_117' title='bbox 168 1582 317 1643; x_wconf 88' lang='lat' dir='ltr'><strong>humanius</strong></span> <span class='ocrx_word' id='word_1_118' title='bbox 332 1582 440 1656; x_wconf 82' lang='lat' dir='ltr'><strong>iuvant,</strong></span> <span class='ocrx_word' id='word_1_119' title='bbox 456 1598 514 1640; x_wconf 89' lang='lat' dir='ltr'><strong>non</strong></span> <span class='ocrx_word' id='word_1_120' title='bbox 528 1579 652 1660; x_wconf 91' lang='lat' dir='ltr'><strong>inprobe</strong></span> <span class='ocrx_word' id='word_1_121' title='bbox 670 1581 801 1642; x_wconf 87' lang='lat' dir='ltr'><strong>dieantur</strong></span> <span class='ocrx_word' id='word_1_122' title='bbox 813 1579 951 1640; x_wconf 87' lang='lat' dir='ltr'><strong>urbanae.</strong></span> <span class='ocrx_word' id='word_1_123' title='bbox 1192 1595 1206 1638; x_wconf 86' lang='lat' dir='ltr'><strong>n</strong></span> 
     </span>
    </p>

    <p class='ocr_par' dir='ltr' id='par_1_5' title="bbox 126 1663 1206 2250">
     <span class='ocr_line' id='line_1_17' title="bbox 126 1663 1180 1747; baseline -0.006 -17"><span class='ocrx_word' id='word_1_124' title='bbox 126 1675 160 1730; x_wconf 79' lang='lat'><strong>79</strong></span> <span class='ocrx_word' id='word_1_125' title='bbox 230 1665 280 1730; x_wconf 85' lang='lat'><strong>20.</strong></span> <span class='ocrx_word' id='word_1_126' title='bbox 303 1665 386 1747; x_wconf 88' lang='lat'><strong>(33.)</strong></span> <span class='ocrx_word' id='word_1_127' title='bbox 409 1665 515 1726; x_wconf 89' lang='lat' dir='ltr'><strong>Harum</strong></span> <span class='ocrx_word' id='word_1_128' title='bbox 529 1667 632 1744; x_wconf 78' lang='lat' dir='ltr'><strong>generi</strong></span> <span class='ocrx_word' id='word_1_129' title='bbox 648 1683 705 1725; x_wconf 91' lang='lat' dir='ltr'><strong>non</strong></span> <span class='ocrx_word' id='word_1_130' title='bbox 720 1663 871 1725; x_wconf 89' lang='lat' dir='ltr'><strong>decidunt:</strong></span> <span class='ocrx_word' id='word_1_131' title='bbox 889 1664 986 1742; x_wconf 90' lang='lat' dir='ltr'><strong>oleae,</strong></span> <span class='ocrx_word' id='word_1_132' title='bbox 1001 1663 1096 1742; x_wconf 90' lang='lat' dir='ltr'><strong>lauro,</strong></span> <span class='ocrx_word' id='word_1_133' title='bbox 1113 1665 1180 1744; x_wconf 94' lang='lat' dir='ltr'><strong>pal·</strong></span> 
     </span>
     <span class='ocr_line' id='line_1_18' title="bbox 168 1748 1180 1830; baseline -0.004 -19"><span class='ocrx_word' id='word_1_134' title='bbox 168 1769 242 1827; x_wconf 88' lang='lat' dir='ltr'><strong>mae,</strong></span> <span class='ocrx_word' id='word_1_135' title='bbox 256 1759 360 1830; x_wconf 82' lang='lat' dir='ltr'><strong>myrto,</strong></span> <span class='ocrx_word' id='word_1_136' title='bbox 374 1768 527 1828; x_wconf 88' lang='lat' dir='ltr'><strong>cupresso,</strong></span> <span class='ocrx_word' id='word_1_137' title='bbox 537 1752 622 1829; x_wconf 85' lang='lat' dir='ltr'><strong>pinis,</strong></span> <span class='ocrx_word' id='word_1_138' title='bbox 631 1748 771 1824; x_wconf 89' lang='lat' dir='ltr'><strong>hederae,</strong></span> <span class='ocrx_word' id='word_1_139' title='bbox 779 1748 987 1810; x_wconf 90' lang='lat' dir='ltr'><strong>rhododendro</strong></span> <span class='ocrx_word' id='word_1_140' title='bbox 995 1757 1035 1828; x_wconf 89' lang='lat' dir='ltr'><strong>et,</strong></span> <span class='ocrx_word' id='word_1_141' title='bbox 1045 1751 1180 1827; x_wconf 85' lang='lat' dir='ltr'><strong>quamvis</strong></span> 
     </span>
     <span class='ocr_line' id='line_1_19' title="bbox 167 1832 1180 1912; baseline -0.003 -16"><span class='ocrx_word' id='word_1_142' title='bbox 167 1835 396 1911; x_wconf 86' lang='lat' dir='ltr'><strong>herbadicatnr,</strong></span> <span class='ocrx_word' id='word_1_143' title='bbox 410 1834 539 1894; x_wconf 86' lang='lat' dir='ltr'><strong>sabinae.</strong></span> <span class='ocrx_word' id='word_1_144' title='bbox 568 1832 811 1908; x_wconf 71' lang='lat' dir='ltr'><strong>rhododendron,</strong></span> <span class='ocrx_word' id='word_1_145' title='bbox 828 1843 859 1894; x_wconf 87' lang='lat' dir='ltr'><strong>nt</strong></span> <span class='ocrx_word' id='word_1_146' title='bbox 873 1835 988 1894; x_wconf 86' lang='lat' dir='ltr'><strong>nomine</strong></span> <span class='ocrx_word' id='word_1_147' title='bbox 1003 1833 1144 1912; x_wconf 83' lang='lat' dir='ltr'><strong>adparet,</strong></span> <span class='ocrx_word' id='word_1_148' title='bbox 1164 1851 1180 1893; x_wconf 90' lang='lat' dir='ltr'><strong>a</strong></span> 
     </span>
     <span class='ocr_line' id='line_1_20' title="bbox 168 1916 1178 1996; baseline -0.003 -17"><span class='ocrx_word' id='word_1_149' title='bbox 168 1919 288 1979; x_wconf 85' lang='lat' dir='ltr'><strong>Graecis</strong></span> <span class='ocrx_word' id='word_1_150' title='bbox 298 1919 387 1977; x_wconf 84' lang='lat' dir='ltr'><strong>venit.</strong></span> <span class='ocrx_word' id='word_1_151' title='bbox 419 1918 467 1978; x_wconf 88' lang='lat' dir='ltr'><strong>alii</strong></span> <span class='ocrx_word' id='word_1_152' title='bbox 481 1919 592 1978; x_wconf 87' lang='lat' dir='ltr'><strong>nerium</strong></span> <span class='ocrx_word' id='word_1_153' title='bbox 607 1927 758 1994; x_wconf 89' lang='lat' dir='ltr'><strong>vocarunt,</strong></span> <span class='ocrx_word' id='word_1_154' title='bbox 776 1916 826 1978; x_wconf 93' lang='lat' dir='ltr'><strong>alii</strong></span> <span class='ocrx_word' id='word_1_155' title='bbox 842 1918 1084 1996; x_wconf 79' lang='lat' dir='ltr'><strong>rhododaphnen,</strong></span> <span class='ocrx_word' id='word_1_156' title='bbox 1099 1935 1178 1976; x_wconf 88' lang='lat' dir='ltr'><strong>seur·</strong></span> 
     </span>
     <span class='ocr_line' id='line_1_21' title="bbox 166 2001 1206 2080; baseline 0.002 -20"><span class='ocrx_word' id='word_1_157' title='bbox 166 2003 309 2080; x_wconf 88' lang='lat' dir='ltr'><strong>piternum</strong></span> <span class='ocrx_word' id='word_1_158' title='bbox 335 2001 460 2077; x_wconf 84' lang='lat' dir='ltr'><strong>fronde,</strong></span> <span class='ocrx_word' id='word_1_159' title='bbox 486 2019 574 2062; x_wconf 88' lang='lat' dir='ltr'><strong>rosae</strong></span> <span class='ocrx_word' id='word_1_160' title='bbox 600 2001 802 2078; x_wconf 86' lang='lat' dir='ltr'><strong>similitudine,</strong></span> <span class='ocrx_word' id='word_1_161' title='bbox 830 2001 961 2062; x_wconf 87' lang='lat' dir='ltr'><strong>caulibus</strong></span> <span class='ocrx_word' id='word_1_162' title='bbox 991 2002 1206 2062; x_wconf 82' lang='lat' dir='ltr'><strong>fruticosum.²t</strong></span> 
     </span>
     <span class='ocr_line' id='line_1_22' title="bbox 167 2085 1177 2166; baseline 0.002 -22"><span class='ocrx_word' id='word_1_163' title='bbox 167 2087 301 2146; x_wconf 89' lang='lat' dir='ltr'><strong>iumentis</strong></span> <span class='ocrx_word' id='word_1_164' title='bbox 317 2087 472 2166; x_wconf 90' lang='lat' dir='ltr'><strong>caprisque</strong></span> <span class='ocrx_word' id='word_1_165' title='bbox 489 2096 517 2147; x_wconf 87' lang='lat' dir='ltr'><strong>et</strong></span> <span class='ocrx_word' id='word_1_166' title='bbox 535 2086 638 2146; x_wconf 87' lang='lat' dir='ltr'><strong>ovibus</strong></span> <span class='ocrx_word' id='word_1_167' title='bbox 655 2104 798 2147; x_wconf 87' lang='lat' dir='ltr'><strong>venenum</strong></span> <span class='ocrx_word' id='word_1_168' title='bbox 815 2095 871 2163; x_wconf 89' lang='lat' dir='ltr'><strong>est,</strong></span> <span class='ocrx_word' id='word_1_169' title='bbox 887 2086 964 2147; x_wconf 90' lang='lat' dir='ltr'><strong>idem</strong></span> <span class='ocrx_word' id='word_1_170' title='bbox 981 2085 1089 2146; x_wconf 91' lang='lat' dir='ltr'><strong>homini</strong></span> <span class='ocrx_word' id='word_1_171' title='bbox 1105 2104 1177 2148; x_wconf 90' lang='lat' dir='ltr'><strong>con·</strong></span> 
     </span>
     <span class='ocr_line' id='line_1_23' title="bbox 167 2171 685 2250; baseline -0.004 -20"><span class='ocrx_word' id='word_1_172' title='bbox 167 2180 210 2232; x_wconf 88' lang='lat' dir='ltr'><strong>tra</strong></span> <span class='ocrx_word' id='word_1_173' title='bbox 228 2172 405 2250; x_wconf 90' lang='lat' dir='ltr'><strong>serpentium</strong></span> <span class='ocrx_word' id='word_1_174' title='bbox 417 2189 531 2232; x_wconf 84' lang='lat' dir='ltr'><strong>venena</strong></span> <span class='ocrx_word' id='word_1_175' title='bbox 544 2171 685 2231; x_wconf 86' lang='lat' dir='ltr'><strong>remedio.</strong></span> 
     </span>
    </p>

    <p class='ocr_par' dir='ltr' id='par_1_6' title="bbox 124 2253 1206 2671">
     <span class='ocr_line' id='line_1_24' title="bbox 124 2253 1177 2334; baseline -0.006 -14"><span class='ocrx_word' id='word_1_176' title='bbox 124 2266 159 2320; x_wconf 85' lang='grc'><strong>80</strong></span> <span class='ocrx_word' id='word_1_177' title='bbox 235 2253 285 2314; x_wconf 91' lang='grc'><strong>21.</strong></span> <span class='ocrx_word' id='word_1_178' title='bbox 316 2255 497 2316; x_wconf 88' lang='lat' dir='ltr'><strong>Silvestrinm</strong></span> <span class='ocrx_word' id='word_1_179' title='bbox 511 2256 630 2334; x_wconf 77' lang='lat' dir='ltr'><strong>generis</strong></span> <span class='ocrx_word' id='word_1_180' title='bbox 647 2254 718 2316; x_wconf 87' lang='lat' dir='ltr'><strong>lolia</strong></span> <span class='ocrx_word' id='word_1_181' title='bbox 736 2271 795 2314; x_wconf 90' lang='lat' dir='ltr'><strong>non</strong></span> <span class='ocrx_word' id='word_1_182' title='bbox 810 2255 946 2316; x_wconf 91' lang='lat' dir='ltr'><strong>decidunt</strong></span> <span class='ocrx_word' id='word_1_183' title='bbox 960 2255 1061 2332; x_wconf 84' lang='lat' dir='ltr'><strong>abieti,</strong></span> <span class='ocrx_word' id='word_1_184' title='bbox 1079 2254 1177 2330; x_wconf 88' lang='lat' dir='ltr'><strong>larici,</strong></span> 
     </span>
     <span class='ocr_line' id='line_1_25' title="bbox 167 2338 1176 2419; baseline 0.001 -20"><span class='ocrx_word' id='word_1_185' title='bbox 167 2341 312 2419; x_wconf 89' lang='lat' dir='ltr'><strong>pinastro,</strong></span> <span class='ocrx_word' id='word_1_186' title='bbox 330 2341 470 2418; x_wconf 89' lang='lat' dir='ltr'><strong>iunipiro,</strong></span> <span class='ocrx_word' id='word_1_187' title='bbox 488 2340 595 2415; x_wconf 90' lang='lat' dir='ltr'><strong>cedro,</strong></span> <span class='ocrx_word' id='word_1_188' title='bbox 613 2339 797 2416; x_wconf 88' lang='lat' dir='ltr'><strong>terebintho,</strong></span> <span class='ocrx_word' id='word_1_189' title='bbox 812 2339 909 2417; x_wconf 85' lang='lat' dir='ltr'><strong>buxo,</strong></span> <span class='ocrx_word' id='word_1_190' title='bbox 925 2338 1002 2416; x_wconf 89' lang='lat' dir='ltr'><strong>ilici,</strong></span> <span class='ocrx_word' id='word_1_191' title='bbox 1018 2338 1176 2419; x_wconf 82' lang='lat' dir='ltr'><strong>aquifolio,</strong></span> 
     </span>
     <span class='ocr_line' id='line_1_26' title="bbox 167 2423 1206 2503; baseline 0.002 -19"><span class='ocrx_word' id='word_1_192' title='bbox 167 2423 281 2500; x_wconf 89' lang='lat' dir='ltr'><strong>suberi,</strong></span> <span class='ocrx_word' id='word_1_193' title='bbox 299 2433 387 2498; x_wconf 83' lang='lat' dir='ltr'><strong>taxo,</strong></span> <span class='ocrx_word' id='word_1_194' title='bbox 408 2425 547 2484; x_wconf 86' lang='lat' dir='ltr'><strong>tamarici.</strong></span> <span class='ocrx_word' id='word_1_195' title='bbox 578 2424 652 2483; x_wconf 88' lang='lat' dir='ltr'><strong>inter</strong></span> <span class='ocrx_word' id='word_1_196' title='bbox 668 2433 790 2503; x_wconf 88' lang='lat' dir='ltr'><strong>utraque</strong></span> <span class='ocrx_word' id='word_1_197' title='bbox 806 2442 916 2502; x_wconf 84' lang='lat' dir='ltr'><strong>genera</strong></span> <span class='ocrx_word' id='word_1_198' title='bbox 933 2431 998 2484; x_wconf 90' lang='lat' dir='ltr'><strong>snut</strong></span> <span class='ocrx_word' id='word_1_199' title='bbox 1013 2423 1206 2487; x_wconf 78' lang='lat' dir='ltr'><strong>andrachlen</strong></span> 
     </span>
     <span class='ocr_line' id='line_1_27' title="bbox 165 2506 1176 2588; baseline 0.001 -21"><span class='ocrx_word' id='word_1_200' title='bbox 165 2509 193 2567; x_wconf 94' lang='lat' dir='ltr'><strong>in</strong></span> <span class='ocrx_word' id='word_1_201' title='bbox 208 2506 330 2569; x_wconf 82' lang='lat' dir='ltr'><strong>Graecia</strong></span> <span class='ocrx_word' id='word_1_202' title='bbox 348 2517 378 2567; x_wconf 91' lang='lat' dir='ltr'><strong>et</strong></span> <span class='ocrx_word' id='word_1_203' title='bbox 392 2507 498 2586; x_wconf 90' lang='lat' dir='ltr'><strong>ubique</strong></span> <span class='ocrx_word' id='word_1_204' title='bbox 514 2507 620 2568; x_wconf 91' lang='lat' dir='ltr'><strong>unedo.</strong></span> <span class='ocrx_word' id='word_1_205' title='bbox 655 2508 770 2587; x_wconf 87' lang='lat' dir='ltr'><strong>reliqua</strong></span> <span class='ocrx_word' id='word_1_206' title='bbox 786 2510 860 2569; x_wconf 90' lang='lat' dir='ltr'><strong>enim</strong></span> <span class='ocrx_word' id='word_1_207' title='bbox 875 2507 946 2588; x_wconf 84' lang='lat' dir='ltr'><strong>folia</strong></span> <span class='ocrx_word' id='word_1_208' title='bbox 962 2507 1101 2570; x_wconf 89' lang='lat' dir='ltr'><strong>decidunt</strong></span> <span class='ocrx_word' id='word_1_209' title='bbox 1117 2507 1176 2584; x_wconf 87' lang='lat' dir='ltr'><strong>his,</strong></span> 
     </span>
     <span class='ocr_line' id='line_1_28' title="bbox 166 2591 1176 2671; baseline 0 -19"><span class='ocrx_word' id='word_1_210' title='bbox 166 2602 369 2671; x_wconf 79' lang='lat' dir='ltr'><strong>praeterquam</strong></span> <span class='ocrx_word' id='word_1_211' title='bbox 383 2593 412 2652; x_wconf 92' lang='lat' dir='ltr'><strong>in</strong></span> <span class='ocrx_word' id='word_1_212' title='bbox 428 2591 634 2652; x_wconf 90' lang='lat' dir='ltr'><strong>cacuminibus.</strong></span> <span class='ocrx_word' id='word_1_213' title='bbox 665 2609 723 2652; x_wconf 90' lang='lat' dir='ltr'><strong>non</strong></span> <span class='ocrx_word' id='word_1_214' title='bbox 738 2592 876 2653; x_wconf 91' lang='lat' dir='ltr'><strong>decidunt</strong></span> <span class='ocrx_word' id='word_1_215' title='bbox 893 2601 989 2653; x_wconf 89' lang='lat' dir='ltr'><strong>autem</strong></span> <span class='ocrx_word' id='word_1_216' title='bbox 1006 2601 1036 2653; x_wconf 86' lang='lat' dir='ltr'><strong>et</strong></span> <span class='ocrx_word' id='word_1_217' title='bbox 1048 2593 1077 2652; x_wconf 93' lang='lat' dir='ltr'><strong>in</strong></span> <span class='ocrx_word' id='word_1_218' title='bbox 1092 2592 1176 2652; x_wconf 90' lang='lat' dir='ltr'><strong>lruti·</strong></span> 
     </span>
    </p>

    <p class='ocr_par' dir='ltr' id='par_1_7' title="bbox 123 2675 1206 3259">
     <span class='ocr_line' id='line_1_29' title="bbox 123 2675 1177 2755; baseline -0.003 -17"><span class='ocrx_word' id='word_1_219' title='bbox 123 2684 156 2738; x_wconf 83' lang='grc'><strong>81</strong></span> <span class='ocrx_word' id='word_1_220' title='bbox 167 2694 230 2736; x_wconf 91' lang='lat' dir='ltr'><strong>curn</strong></span> <span class='ocrx_word' id='word_1_221' title='bbox 245 2693 356 2752; x_wconf 82' lang='lat' dir='ltr'><strong>genere</strong></span> <span class='ocrx_word' id='word_1_222' title='bbox 373 2675 485 2736; x_wconf 89' lang='lat' dir='ltr'><strong>cuidam</strong></span> <span class='ocrx_word' id='word_1_223' title='bbox 507 2675 581 2736; x_wconf 83' lang='lat' dir='ltr'><strong>rubo</strong></span> <span class='ocrx_word' id='word_1_224' title='bbox 603 2685 632 2735; x_wconf 89' lang='lat' dir='ltr'><strong>et</strong></span> <span class='ocrx_word' id='word_1_225' title='bbox 654 2677 775 2737; x_wconf 89' lang='lat' dir='ltr'><strong>calamo.</strong></span> <span class='ocrx_word' id='word_1_226' title='bbox 820 2676 852 2737; x_wconf 95' lang='lat' dir='ltr'><strong>ln</strong></span> <span class='ocrx_word' id='word_1_227' title='bbox 870 2676 996 2738; x_wconf 82' lang='lat' dir='ltr'><strong>Thurino</strong></span> <span class='ocrx_word' id='word_1_228' title='bbox 1012 2694 1103 2755; x_wconf 77' lang='lat' dir='ltr'><strong>agro,</strong></span> <span class='ocrx_word' id='word_1_229' title='bbox 1126 2677 1177 2737; x_wconf 91' lang='lat' dir='ltr'><strong>ubi</strong></span> 
     </span>
     <span class='ocr_line' id='line_1_30' title="bbox 166 2759 1175 2841; baseline -0.001 -21"><span class='ocrx_word' id='word_1_230' title='bbox 166 2760 284 2835; x_wconf 73' lang='lat' dir='ltr'><strong>Sybaris</strong></span> <span class='ocrx_word' id='word_1_231' title='bbox 299 2759 367 2836; x_wconf 87' lang='lat' dir='ltr'><strong>init,</strong></span> <span class='ocrx_word' id='word_1_232' title='bbox 390 2777 428 2818; x_wconf 86' lang='lat' dir='ltr'><strong>ex</strong></span> <span class='ocrx_word' id='word_1_233' title='bbox 441 2761 507 2838; x_wconf 88' lang='lat' dir='ltr'><strong>ipsa</strong></span> <span class='ocrx_word' id='word_1_234' title='bbox 526 2759 597 2820; x_wconf 89' lang='lat' dir='ltr'><strong>urbe</strong></span> <span class='ocrx_word' id='word_1_235' title='bbox 616 2761 851 2840; x_wconf 87' lang='lat' dir='ltr'><strong>prospiciebatur</strong></span> <span class='ocrx_word' id='word_1_236' title='bbox 865 2779 992 2841; x_wconf 90' lang='lat' dir='ltr'><strong>qnercns</strong></span> <span class='ocrx_word' id='word_1_237' title='bbox 1014 2779 1072 2822; x_wconf 84' lang='lat' dir='ltr'><strong>nne</strong></span> <span class='ocrx_word' id='word_1_238' title='bbox 1094 2778 1175 2820; x_wconf 91' lang='lat' dir='ltr'><strong>nnm-</strong></span> 
     </span>
     <span class='ocr_line' id='line_1_31' title="bbox 166 2841 1206 2924; baseline 0.002 -22"><span class='ocrx_word' id='word_1_239' title='bbox 166 2862 249 2922; x_wconf 90' lang='lat' dir='ltr'><strong>qnam</strong></span> <span class='ocrx_word' id='word_1_240' title='bbox 269 2841 340 2902; x_wconf 86' lang='lat' dir='ltr'><strong>lolia</strong></span> <span class='ocrx_word' id='word_1_241' title='bbox 362 2842 505 2904; x_wconf 88' lang='lat' dir='ltr'><strong>dimittens</strong></span> <span class='ocrx_word' id='word_1_242' title='bbox 527 2862 583 2904; x_wconf 91' lang='lat' dir='ltr'><strong>nec</strong></span> <span class='ocrx_word' id='word_1_243' title='bbox 600 2853 666 2906; x_wconf 84' lang='lat' dir='ltr'><strong>ente</strong></span> <span class='ocrx_word' id='word_1_244' title='bbox 687 2846 811 2906; x_wconf 88' lang='lat' dir='ltr'><strong>mediam</strong></span> <span class='ocrx_word' id='word_1_245' title='bbox 832 2853 972 2906; x_wconf 88' lang='lat' dir='ltr'><strong>aestatem</strong></span> <span class='ocrx_word' id='word_1_246' title='bbox 991 2847 1206 2924; x_wconf 78' lang='lat' dir='ltr'><strong>germinansso</strong></span> 
     </span>
     <span class='ocr_line' id='line_1_32' title="bbox 164 2928 1175 3009; baseline 0.004 -23"><span class='ocrx_word' id='word_1_247' title='bbox 164 2928 251 3006; x_wconf 89' lang='lat' dir='ltr'><strong>idque</strong></span> <span class='ocrx_word' id='word_1_248' title='bbox 267 2929 366 2988; x_wconf 88' lang='lat' dir='ltr'><strong>mirum</strong></span> <span class='ocrx_word' id='word_1_249' title='bbox 379 2937 424 2988; x_wconf 90' lang='lat' dir='ltr'><strong>est</strong></span> <span class='ocrx_word' id='word_1_250' title='bbox 439 2928 559 2990; x_wconf 87' lang='lat' dir='ltr'><strong>Graecis</strong></span> <span class='ocrx_word' id='word_1_251' title='bbox 572 2929 740 2990; x_wconf 89' lang='lat' dir='ltr'><strong>auctoribus</strong></span> <span class='ocrx_word' id='word_1_252' title='bbox 753 2931 899 3009; x_wconf 90' lang='lat' dir='ltr'><strong>proditum</strong></span> <span class='ocrx_word' id='word_1_253' title='bbox 911 2929 986 3009; x_wconf 87' lang='lat' dir='ltr'><strong>apud</strong></span> <span class='ocrx_word' id='word_1_254' title='bbox 999 2947 1054 2990; x_wconf 88' lang='lat' dir='ltr'><strong>nos</strong></span> <span class='ocrx_word' id='word_1_255' title='bbox 1067 2938 1175 3009; x_wconf 89' lang='lat' dir='ltr'><strong>postea</strong></span> 
     </span>
     <span class='ocr_line' id='line_1_33' title="bbox 164 3012 1174 3094; baseline 0.001 -22"><span class='ocrx_word' id='word_1_256' title='bbox 164 3012 254 3072; x_wconf 92' lang='lat' dir='ltr'><strong>sileri.</strong></span> <span class='ocrx_word' id='word_1_257' title='bbox 288 3029 352 3072; x_wconf 88' lang='lat' dir='ltr'><strong>nam</strong></span> <span class='ocrx_word' id='word_1_258' title='bbox 370 3013 502 3074; x_wconf 92' lang='lat' dir='ltr'><strong>locorum</strong></span> <span class='ocrx_word' id='word_1_259' title='bbox 517 3021 594 3074; x_wconf 85' lang='lat' dir='ltr'><strong>tanta</strong></span> <span class='ocrx_word' id='word_1_260' title='bbox 612 3014 656 3072; x_wconf 88' lang='lat' dir='ltr'><strong>vis</strong></span> <span class='ocrx_word' id='word_1_261' title='bbox 670 3023 716 3073; x_wconf 89' lang='lat' dir='ltr'><strong>cst</strong></span> <span class='ocrx_word' id='word_1_262' title='bbox 732 3023 762 3074; x_wconf 89' lang='lat' dir='ltr'><strong>nt</strong></span> <span class='ocrx_word' id='word_1_263' title='bbox 775 3015 852 3075; x_wconf 89' lang='lat' dir='ltr'><strong>circa</strong></span> <span class='ocrx_word' id='word_1_264' title='bbox 868 3012 1025 3094; x_wconf 81' lang='lat' dir='ltr'><strong>Memphim</strong></span> <span class='ocrx_word' id='word_1_265' title='bbox 1040 3013 1174 3092; x_wconf 81' lang='lat' dir='ltr'><strong>Aegypti</strong></span> 
     </span>
     <span class='ocr_line' id='line_1_34' title="bbox 164 3095 1172 3176; baseline -0.001 -19"><span class='ocrx_word' id='word_1_266' title='bbox 164 3106 194 3157; x_wconf 91' lang='lat' dir='ltr'><strong>et</strong></span> <span class='ocrx_word' id='word_1_267' title='bbox 207 3098 236 3156; x_wconf 90' lang='lat' dir='ltr'><strong>in</strong></span> <span class='ocrx_word' id='word_1_268' title='bbox 252 3095 446 3176; x_wconf 82' lang='lat' dir='ltr'><strong>Elephantine</strong></span> <span class='ocrx_word' id='word_1_269' title='bbox 461 3097 617 3160; x_wconf 84' lang='lat' dir='ltr'><strong>Thebaidis</strong></span> <span class='ocrx_word' id='word_1_270' title='bbox 633 3098 703 3158; x_wconf 87' lang='lat' dir='ltr'><strong>nulli</strong></span> <span class='ocrx_word' id='word_1_271' title='bbox 725 3098 861 3160; x_wconf 86' lang='lat' dir='ltr'><strong>arborum</strong></span> <span class='ocrx_word' id='word_1_272' title='bbox 878 3099 1029 3176; x_wconf 87' lang='lat' dir='ltr'><strong>decidant,</strong></span> <span class='ocrx_word' id='word_1_273' title='bbox 1052 3117 1089 3160; x_wconf 92' lang='lat' dir='ltr'><strong>ne</strong></span> <span class='ocrx_word' id='word_1_274' title='bbox 1105 3099 1172 3157; x_wconf 89' lang='lat' dir='ltr'><strong>viti·</strong></span> 
     </span>
     <span class='ocr_line' id='line_1_35' title="bbox 164 3181 358 3259; baseline 0 -19"><span class='ocrx_word' id='word_1_275' title='bbox 164 3181 218 3242; x_wconf 88' lang='lat' dir='ltr'><strong>bns</strong></span> <span class='ocrx_word' id='word_1_276' title='bbox 234 3181 358 3259; x_wconf 89' lang='lat' dir='ltr'><strong>quidem.</strong></span> 
     </span>
    </p>
   </div>
   <div class='ocr_carea' id='block_1_3' title="bbox 34 3263 1206 3346">
    <p class='ocr_par' dir='ltr' id='par_1_8' title="bbox 34 3263 1206 3346">
     <span class='ocr_line' id='line_1_36' title="bbox 34 3263 1206 3346; baseline 0.001 -19"><span class='ocrx_word' id='word_1_277' title='bbox 34 3290 41 3298; x_wconf 89' lang='lat'><strong>·</strong></span> <span class='ocrx_word' id='word_1_278' title='bbox 121 3273 156 3327; x_wconf 77' lang='grc'><strong>82</strong></span> <span class='ocrx_word' id='word_1_279' title='bbox 228 3265 279 3327; x_wconf 90' lang='grc'><strong>22.</strong></span> <span class='ocrx_word' id='word_1_280' title='bbox 304 3265 388 3346; x_wconf 88' lang='grc'>(34.)</span> <span class='ocrx_word' id='word_1_281' title='bbox 419 3263 545 3328; x_wconf 77' lang='lat' dir='ltr'><strong>Ceterae</strong></span> <span class='ocrx_word' id='word_1_282' title='bbox 561 3283 663 3326; x_wconf 90' lang='lat' dir='ltr'><strong>omnes</strong></span> <span class='ocrx_word' id='word_1_283' title='bbox 678 3276 761 3328; x_wconf 86' lang='lat' dir='ltr'><strong>extra</strong></span> <span class='ocrx_word' id='word_1_284' title='bbox 774 3268 957 3345; x_wconf 89' lang='lat' dir='ltr'><strong>praedictas,</strong></span> <span class='ocrx_word' id='word_1_285' title='bbox 974 3267 1081 3328; x_wconf 89' lang='lat' dir='ltr'><strong>etenim</strong></span> <span class='ocrx_word' id='word_1_286' title='bbox 1099 3283 1170 3325; x_wconf 91' lang='lat' dir='ltr'><strong>enu-</strong></span> <span class='ocrx_word' id='word_1_287' title='bbox 1181 3283 1206 3328; x_wconf 76' lang='lat' dir='ltr'><strong>st</strong></span> 
     </span>
    </p>
   </div>
   <div class='ocr_carea' id='block_1_4' title="bbox 163 3349 1172 3601">
    <p class='ocr_par' dir='ltr' id='par_1_9' title="bbox 163 3349 1172 3601">
     <span class='ocr_line' id='line_1_37' title="bbox 163 3349 1172 3432; baseline 0 -24"><span class='ocrx_word' id='word_1_288' title='bbox 163 3367 276 3409; x_wconf 90' lang='lat' dir='ltr'><strong>merare</strong></span> <span class='ocrx_word' id='word_1_289' title='bbox 296 3349 413 3428; x_wconf 80' lang='lat' dir='ltr'><strong>longum</strong></span> <span class='ocrx_word' id='word_1_290' title='bbox 429 3361 484 3427; x_wconf 86' lang='lat' dir='ltr'><strong>est,</strong></span> <span class='ocrx_word' id='word_1_291' title='bbox 500 3352 572 3412; x_wconf 84' lang='lat' dir='ltr'><strong>lolia</strong></span> <span class='ocrx_word' id='word_1_292' title='bbox 587 3350 759 3431; x_wconf 88' lang='lat' dir='ltr'><strong>deperdunt,</strong></span> <span class='ocrx_word' id='word_1_293' title='bbox 776 3351 1021 3432; x_wconf 87' lang='lat' dir='ltr'><strong>observatumque</strong></span> <span class='ocrx_word' id='word_1_294' title='bbox 1036 3367 1094 3410; x_wconf 92' lang='lat' dir='ltr'><strong>non</strong></span> <span class='ocrx_word' id='word_1_295' title='bbox 1105 3368 1172 3412; x_wconf 88' lang='lat' dir='ltr'><strong>are·</strong></span> 
     </span>
     <span class='ocr_line' id='line_1_38' title="bbox 165 3433 1172 3516; baseline 0.003 -25"><span class='ocrx_word' id='word_1_296' title='bbox 165 3451 250 3493; x_wconf 89' lang='lat' dir='ltr'><strong>scere</strong></span> <span class='ocrx_word' id='word_1_297' title='bbox 265 3435 320 3494; x_wconf 91' lang='lat' dir='ltr'><strong>nisi</strong></span> <span class='ocrx_word' id='word_1_298' title='bbox 342 3437 439 3495; x_wconf 86' lang='lat' dir='ltr'><strong>tenuia</strong></span> <span class='ocrx_word' id='word_1_299' title='bbox 458 3444 487 3496; x_wconf 91' lang='lat' dir='ltr'><strong>et</strong></span> <span class='ocrx_word' id='word_1_300' title='bbox 510 3437 568 3497; x_wconf 88' lang='lat' dir='ltr'><strong>lata</strong></span> <span class='ocrx_word' id='word_1_301' title='bbox 593 3444 623 3494; x_wconf 88' lang='lat' dir='ltr'><strong>et</strong></span> <span class='ocrx_word' id='word_1_302' title='bbox 645 3436 758 3513; x_wconf 88' lang='lat' dir='ltr'><strong>mollia,</strong></span> <span class='ocrx_word' id='word_1_303' title='bbox 782 3455 856 3516; x_wconf 88' lang='lat' dir='ltr'><strong>quae</strong></span> <span class='ocrx_word' id='word_1_304' title='bbox 873 3453 945 3497; x_wconf 86' lang='lat' dir='ltr'><strong>vero</strong></span> <span class='ocrx_word' id='word_1_305' title='bbox 962 3453 1020 3496; x_wconf 94' lang='lat' dir='ltr'><strong>non</strong></span> <span class='ocrx_word' id='word_1_306' title='bbox 1035 3433 1172 3496; x_wconf 88' lang='lat' dir='ltr'><strong>decidant</strong></span> 
     </span>
     <span class='ocr_line' id='line_1_39' title="bbox 165 3517 1170 3601; baseline 0.002 -26"><span class='ocrx_word' id='word_1_307' title='bbox 165 3517 241 3577; x_wconf 88' lang='lat' dir='ltr'><strong>callo</strong></span> <span class='ocrx_word' id='word_1_308' title='bbox 258 3536 356 3580; x_wconf 86' lang='lat' dir='ltr'><strong>crassa</strong></span> <span class='ocrx_word' id='word_1_309' title='bbox 372 3528 402 3580; x_wconf 91' lang='lat' dir='ltr'><strong>et</strong></span> <span class='ocrx_word' id='word_1_310' title='bbox 415 3530 536 3598; x_wconf 81' lang='lat' dir='ltr'><strong>angusta</strong></span> <span class='ocrx_word' id='word_1_311' title='bbox 551 3537 628 3578; x_wconf 88' lang='lat' dir='ltr'><strong>esse.</strong></span> <span class='ocrx_word' id='word_1_312' title='bbox 659 3521 734 3582; x_wconf 82' lang='lat' dir='ltr'><strong>falsa</strong></span> <span class='ocrx_word' id='word_1_313' title='bbox 750 3521 878 3601; x_wconf 83' lang='lat' dir='ltr'><strong>delinitio</strong></span> <span class='ocrx_word' id='word_1_314' title='bbox 894 3531 940 3582; x_wconf 91' lang='lat' dir='ltr'><strong>est</strong></span> <span class='ocrx_word' id='word_1_315' title='bbox 955 3538 1014 3581; x_wconf 89' lang='lat' dir='ltr'><strong>non</strong></span> <span class='ocrx_word' id='word_1_316' title='bbox 1028 3519 1170 3581; x_wconf 89' lang='lat' dir='ltr'><strong>decidere</strong></span> 
     </span>
    </p>
   </div>
   <div class='ocr_carea' id='block_1_5' title="bbox 0 0 1220 3896">
    <p class='ocr_par' dir='ltr' id='par_1_10' title="bbox 0 0 1220 3896">
     <span class='ocr_line' id='line_1_40' title="bbox 0 0 1220 3896; baseline 0 2"><span class='ocrx_word' id='word_1_317' title='bbox 0 0 1220 3896; x_wconf 95' lang='lat' dir='ltr'><strong> </strong></span> 
     </span>
    </p>
   </div>
  </div>
 </body>
</html>
