2396 3922
159 245 203 306 aa
502 255 532 306 c.
547 255 643 304 autur
662 257 812 305 ausuum

163 417 193 468 et
206 409 258 468 has
272 409 373 470 simllia
387 410 483 484 iridis,
505 419 590 487 gustu
609 413 702 486 acris,
723 411 815 470 odore
829 427 887 468 nou
904 411 1044 487 ingratas,
1066 419 1146 468 meta

162 492 266 552 facilis.
278 503 411 572 optumae
417 493 610 573 Daspetiuaae
625 493 772 569 eilalatia,
786 510 855 552 mox
864 493 1009 568 Creticae,
1023 492 1076 552 sed
1088 493 1146 570 plu·

162 593 259 634 ramae
272 577 300 634 in
313 573 454 652 Colchide
465 578 543 634 iuxta
557 576 669 636 Phasim
681 591 790 636 amnem
800 587 829 636 et
839 577 1011 655 ubicumque
1020 577 1050 634 iu
1064 593 1147 653 aquo-
1184 603 1189 610 ·

163 659 212 718 sis.
252 659 418 718 recentibus
436 661 514 718 virus
533 662 622 718 maius
644 678 727 738 quam
749 662 888 735 vetastis,
906 659 1042 720 Creticae
1058 661 1149 718 candi·

26 766 30 776 ·
119 741 275 806 stadiores
286 742 434 802 Ponticis
444 743 585 801 siccantur
595 745 704 803 utribus
717 746 746 802 in
758 743 857 803 umbra
869 743 1033 820 digitalibus
1045 743 1152 802 inustis.
1165 765 1188 802 s.

39 864 42 872 ·
162 823 295 885 Necnon
321 827 500 884 inveniuntur
523 827 570 902 qui
595 829 798 901 oxymyrsinae
818 827 944 887 radicem
969 822 1083 885 acoron
1104 843 1154 886 rc·

164 918 244 984 caat,
271 909 397 986 ideoque
419 907 531 985 quidam
554 908 627 968 hanc
647 913 767 984 acorion
786 927 893 970 uocare
913 909 1032 968 malunt.
1069 910 1112 967 vis
1127 909 1156 967 ci

163 991 199 1051 ad
231 991 455 1052 valefaciendum
477 992 740 1072 extenuandumque
759 995 879 1068 eilicax,
895 1003 997 1052 contra
1013 991 1155 1050 subfusis

163 1091 215 1134 nes
236 1083 265 1134 et
286 1075 425 1152 caligines
444 1075 608 1153 oculorum,
638 1094 708 1135 suco
731 1077 859 1136 eiusdem
881 1085 951 1154 pcto
964 1085 1077 1136 =contra
1099 1092 1154 1134 ser

163 1159 268 1236 pentis.
654 1172 660 1184 '¹
1153 1173 1192 1216 ror

121 1253 172 1306 159
226 1241 330 1319 (101.)
355 1237 517 1315 Gotyledon
534 1242 654 1320 parvola
669 1243 758 1303 herba
772 1253 816 1302 est
837 1244 865 1301 in
881 1235 1029 1301 cauliculo
1044 1250 1157 1315 tenero,

165 1323 270 1404 pusillo
291 1323 371 1399 [olio
397 1326 512 1402 pingui,
545 1323 675 1385 concdvo
703 1337 732 1384 ut
753 1326 940 1384 coxendices.
980 1325 1113 1384 uescitur
1132 1325 1158 1382 in

162 1408 309 1466 maritimis
332 1411 520 1488 petrosisque
542 1409 651 1483 viridis,
678 1410 777 1468 radice
797 1409 893 1468 olivae
912 1407 1000 1467 modo
1024 1408 1158 1466 rotunda.

163 1492 255 1550 oculis
270 1491 400 1551 medetur
415 1509 494 1550 suco.
518 1491 571 1561 list
587 1492 662 1551 aliud
678 1509 771 1568 genus
785 1492 912 1552 eiusdem
926 1491 1054 1552 sordidis
1067 1491 1158 1564 loliis,

164 1573 559 1652 latioribusdeusioribusqne
573 1577 650 1634 circa
663 1575 790 1634 radicem
799 1575 878 1635 velut
891 1574 1006 1634 oculum
1016 1575 1192 1651 cingens-ra

163 1655 227 1730 ltus,
243 1659 392 1736 asperrimi
406 1667 516 1734 gastus,
531 1658 664 1734 longiore
680 1658 773 1732 caule,
787 1659 840 1717 sed
857 1657 1022 1736 pergraoili.
1040 1675 1114 1716 usus
1125 1657 1158 1716 ad

121 1741 281 1804 160eadem
290 1741 444 1818 quaeiridi,
456 1743 547 1800 aizoo.
562 1741 666 1818 (102.)
680 1742 936 1818 dungeneraeius:
948 1741 1157 1800 mainsindcti·

34 1860 38 1871 ·
164 1822 238 1882 libus
254 1821 380 1883 vasculis
394 1826 508 1900 seritur,
525 1825 602 1903 quod
614 1824 701 1902 aliqui
713 1824 918 1902 buphthalmon
928 1823 1093 1902 appellant,
1111 1824 1159 1883 alii

164 1906 397 1984 noophthalmon,
411 1907 458 1966 alii
470 1907 662 1984 sterpethron,
679 1908 756 1984 quod
769 1908 914 1966 amatoriis
926 1907 1094 1981 conveniat,
1113 1905 1161 1966 alii
1190 1961 1192 1970 ,

162 1989 345 2066 hypogeum,
362 1992 494 2067 qnoniam
509 1993 536 2050 in
548 1990 720 2066 suhgmndis
731 1991 794 2049 lere
805 1992 938 2062 nascitur,
955 1997 1019 2047 sunt
1037 1991 1088 2066 qai
1103 1975 1192 2074 am<

163 2071 288 2130 hroaiam
298 2074 393 2148 potius
407 2083 510 2133 vocant
523 2084 552 2132 et
565 2077 612 2152 qui
626 2076 811 2149 amerimnon,
820 2072 902 2132 ltalia
912 2071 1011 2132 sedum
1022 2089 1161 2149 magnum

162 2163 211 2214 aut
227 2155 342 2214 oculum
359 2165 406 2215 ant
421 2156 581 2234 digitillum.
609 2157 729 2216 alterurn
745 2155 941 2230 minusculum,
958 2155 1036 2232 quod
1051 2156 1161 2216 eritha-

163 2238 208 2296 les
221 2247 337 2312 vocant,
350 2239 400 2298 alii
415 2240 556 2314 trithales,
576 2241 641 2318 quia
658 2250 703 2299 tar
721 2241 834 2316 lloreat,
849 2239 898 2298 alii
915 2237 1088 2314 eysithales,
1109 2239 1159 2298 ali-

163 2323 211 2398 qui
228 2322 348 2396 isoetes,
364 2321 444 2380 ltalia
459 2322 566 2399 sedam,
584 2323 635 2382 sed
649 2326 696 2400 qni
714 2325 825 2383 aizoum
840 2331 1004 2399 utrumque,
1020 2324 1159 2400 quonian

122 2414 171 2468 161
184 2406 276 2469 vireat
292 2421 416 2482 semper.
433 2407 522 2464 maius
540 2416 568 2464 et
583 2406 668 2466 cubiti
685 2406 858 2466 altitudinem
875 2405 1000 2482 excedit,
1017 2407 1192 2464 crassitie!

102 2520 104 2527 ι
163 2487 227 2565 dine
245 2487 311 2566 plus
328 2505 411 2564 quam
429 2488 571 2568 pollicari.
611 2489 680 2549 folia
704 2492 732 2549 in
748 2491 894 2549 cacumine
910 2489 1027 2564 linguae
1044 2487 1159 2562 similia,

164 2589 294 2646 carnosa,
314 2573 438 2649 pinguia,
454 2572 535 2649 larga
549 2589 631 2647 saco,
647 2572 792 2632 latitudine
809 2571 959 2650 pollicari,
982 2570 1038 2630 alia
1056 2573 1088 2630 in
1102 2581 1158 2630 ter-

165 2671 226 2714 ram
255 2673 400 2730 convexa,
432 2655 486 2714 alia
517 2657 635 2729 stantia,
666 2657 704 2716 ita
727 2654 832 2714 ambitu
861 2655 987 2730 effipiam
1011 2655 1158 2715 imitantur

165 2737 252 2796 oculi.
284 2739 360 2816 quod
377 2741 468 2798 minus
489 2743 533 2796 est
550 2741 578 2796 in
592 2739 678 2796 muris
694 2739 900 2816 parietinisque
916 2739 1044 2796 nascitur
1065 2747 1097 2796 et
1117 2746 1157 2796 te

166 2819 254 2895 gulis,
271 2821 438 2882 fruticosum
452 2835 468 2880 a
484 2821 581 2880 radice
595 2829 624 2878 et
638 2820 772 2880 foliosum
787 2837 880 2897 usque
895 2819 931 2880 ad
945 2837 1095 2888 cacumen,
1114 2820 1183 2879 toa

52 2928 55 2936 ¹
164 2901 210 2960 liis
226 2907 370 2977 angustis,
391 2904 580 2979 mucronatis,
602 2906 732 2980 sucosis,
758 2904 855 2982 palmo
874 2903 932 2962 alto
956 2903 1052 2978 caule,
1074 2903 1159 2963 radix

164 2984 280 3042 inutilis.

123 3077 174 3131 itit
233 3065 337 3143 (103.)
360 3068 432 3128 lluic
447 3070 545 3129 similia
567 3079 611 3130 est
628 3086 712 3147 quam
734 3069 837 3130 Graeci
858 3069 1035 3130 andrachlen
1055 3072 1159 3146 agrian

165 3159 280 3222 vocant,
296 3147 377 3209 ltalia
391 3152 589 3228 inlecebram,
613 3152 724 3230 pusillis
748 3153 897 3213 latioribus
912 3153 1010 3228 loliis,
1027 3153 1169 3228 breviori,

166 3234 323 3291 cacumine.
349 3235 475 3292 nascitur
490 3239 517 3294 in
538 3241 627 3314 petris
643 3245 672 3294 et
689 3234 834 3312 colligitur
850 3235 907 3295 cibi
925 3253 1024 3296 cauea.
1062 3237 1181 3296 Omni-tt

123 3323 175 3378 163
185 3333 231 3372 um
246 3315 344 3374 harum
362 3317 405 3373 vis
424 3317 523 3376 eadem
543 3319 717 3395 relrigerare
733 3329 762 3378 et
776 3320 967 3396 adstringere.
1005 3320 1155 3379 medentur

166 3397 313 3473 epiphoris
330 3396 398 3455 lolia
416 3399 539 3475 inposita
554 3401 601 3460 vel
616 3421 701 3461 sucus
716 3403 848 3462 inunctis.
894 3411 1000 3480 purgat
1022 3405 1097 3462 enim
1113 3403 1154 3461 ul·

166 3494 234 3536 cera
251 3478 399 3536 oculorum
419 3481 573 3560 expletque
596 3494 625 3542 et
644 3485 680 3544 ad
697 3487 862 3544 cicatricem
881 3485 1032 3562 perducit,
1055 3486 1154 3564 palpe-
