2504 3930
322 233 403 280 nur.
418 232 512 282 uren.
527 233 611 282 ιιι.
627 233 656 284 ι.
670 231 696 284 o.
716 220 867 297 (ra—16.)
1027 219 1086 282 att

90 385 138 446 vel
155 385 281 446 cruentis
297 385 548 448 exscreatioeibus
563 387 707 464 medetur,
735 387 818 466 (15.)
841 387 999 466 praecipue
1014 405 1087 448 vero
1097 393 1134 452 44

91 467 257 531 coclearum
274 469 356 531 cibus
374 471 536 531 stomaelro.
563 470 592 530 in
607 489 680 550 aqua
699 488 749 531 eas
766 469 969 532 subfervefieri
981 471 1088 532 meacm

90 571 217 634 corpore
236 570 334 614 earum
353 563 486 633 oportet,
508 556 579 615 mor
597 554 625 614 in
640 573 731 632 pruna
752 555 855 614 torreri
877 552 967 614 nileilo
981 553 1089 630 addito,

90 647 176 716 atque
190 639 229 698 ite
252 655 269 696 e
286 639 353 699 vino
369 655 508 716 garoque*
521 639 610 713 sumi,
630 639 788 716 praecipue
804 637 968 698 Africanas.
997 655 1090 716 nuper

1 759 2 792 ι
67 721 148 782 slroc
162 729 332 798 conpertum
353 721 491 800 plurumis
513 721 667 800 prodesse.
698 721 726 780 id
747 738 864 799 quoqne
882 720 1039 782 observant
1060 729 1090 782 ut

89 821 210 866 numere
222 804 316 882 inpari
327 813 480 868 sumantur.
498 807 577 864 virus
588 815 682 866 tamen
694 823 790 866 earum
802 806 973 881 gravitatem
984 803 1089 865 halitus

90 889 168 948 lacit.
200 897 322 965 prosunt
333 887 552 950 exscreenrtbus
568 898 597 948 et
611 889 778 965 sanguinem
790 887 904 966 dempta
920 896 994 950 testa
1006 889 1090 950 tritae

91 973 120 1030 in
133 989 227 1050 aquae
238 980 319 1050 potu.
354 972 568 1034 laudatissimae
584 981 678 1032 autom
690 981 755 1032 eunt
766 971 923 1032 Africanae
935 1003 977 1018 ·-
991 989 1029 1030 ex
1043 970 1087 1056 luis
1097 981 1131 1035 to

91 1054 284 1115 lolitanae-
284 1055 544 1134 ,Astypalaeicae
555 1056 705 1117 Aetnaeae
714 1055 830 1116 Suculae
844 1055 987 1133 modicae,
1002 1047 1089 1134 qno'n

55 1154 82 1198 to
92 1140 147 1198 iam
156 1101 322 1216 magnitudo
332 1139 417 1200 duras
430 1140 499 1200 facit
511 1149 540 1199 et
549 1141 611 1200 sine
623 1157 704 1216 suco,
715 1139 887 1216 Baliaricae,
897 1155 969 1217 quas
982 1141 1089 1200 cavati·

1 1240 4 1249 ’
93 1231 264 1298 easvocant,
274 1225 408 1300 quoniam
422 1225 449 1282 in
461 1223 609 1301 speluncis
620 1231 777 1283 nascamur
793 1222 943 1299 laudatae,
957 1231 987 1282 et
1000 1240 1037 1282 ex
1049 1225 1089 1281 in·

91 1305 164 1368 sutis
181 1314 209 1366 et
229 1303 422 1385 Caprearum,
443 1307 529 1367 nullis
545 1315 639 1368 autem
653 1303 726 1366 cibis
739 1315 842 1382 gratae
862 1324 956 1384 neque
972 1315 1089 1366 veteres

1 1423 2 1454 ς
32 1453 35 1458 ,
91 1407 186 1468 neque
199 1398 334 1450 recentes
346 1387 549 1464 fluviatiles,et
561 1389 646 1452 albae
661 1388 865 1462 virushabent,
873 1407 928 1448 nec
938 1389 1090 1450 silvestres

1 1507 2 1514 ι
91 1472 241 1534 stomacho
253 1472 357 1551 utiles,
373 1472 468 1534 alvom
488 1473 613 1550 solvont,
629 1476 697 1534 item
710 1489 811 1533 omnes
826 1474 960 1533 minutae
991 1483 1091 1533 eontra

55 1559 218 1616 osmannae
243 1535 400 1618 stomacho
415 1557 561 1634 utiliores,
585 1519 807 1618 ellicacissimae
829 1565 923 1616 tamen
942 1556 971 1616 in
986 1556 1090 1616 dolore

1 1657 2 1686 r
66 1640 236 1702 stomachi
259 1658 276 1700 e
298 1639 420 1703 laudatis
442 1639 590 1705 nodantur
607 1657 807 1720 quaecumque
823 1641 907 1700 vivae
924 1657 988 1700 cum
1002 1650 1088 1700 aceto
1100 1650 1134 1706 te

90 1725 260 1786 devoratae
290 1733 445 1804 praeterea
470 1733 535 1784 sunt
558 1741 632 1804 qnae
658 1732 798 1786 aceratoe
821 1731 977 1800 vocantur,
1003 1723 1089 1799 latae,

90 1808 274 1868 multifariam
294 1816 464 1884 nascentes,
493 1809 529 1868 de
552 1825 671 1886 querum
691 1827 744 1868 ιιι
770 1807 898 1868 dicemus
923 1809 983 1868 suis
1004 1807 1090 1870 loeis.

91 1892 325 1954 Gallinaceornm
341 1893 451 1952 ventris
471 1890 635 1954 membrana
651 1893 812 1952 inveterata
834 1900 863 1952 et
882 1893 1016 1971 inspersa
1038 1907 1090 1971 po·

54 1975 161 2036 artioni
174 1974 386 2038 destillationes
400 1979 545 2053 pectoris,
561 1986 590 2036 et
603 1975 696 2036 umide
714 1977 814 2036 tussim
829 1975 878 2035 vel
895 1991 1001 2036 recens
1015 1983 1092 2036 tosta

90 2059 171 2120 lenit.
200 2059 320 2120 cocleae
338 2059 444 2120 crudae
459 2062 544 2121 tritae
558 2077 622 2120 cum
636 2077 730 2138 aquae
742 2059 859 2137 tepidae
876 2059 987 2134 cyathis
999 2059 1091 2120 tribus
1135 2125 1141 2137 ,

91 2162 115 2202 ιι
108 2141 310 2220 'sorbeantur,
319 2145 418 2204 tussim
428 2143 539 2205 sedant.
555 2143 767 2204 destillationes
780 2141 863 2204 sedat
875 2144 1010 2206 atcaniaa
1018 2143 1092 2206 cutis

92 2226 211 2285 cuilibet
222 2225 312 2303 digito
326 2227 509 2299 circumdata.
524 2227 589 2288 lure
598 2227 746 2307 perdicum
759 2227 1090 2288 stomachasrecreatur.

157 2309 239 2387 (to.)
261 2310 402 2371 Iocineris
419 2310 570 2372 doloribus
587 2311 718 2370 medetur
738 2311 879 2370 mustelae
895 2311 1040 2374 silvestris
1060 2310 1134 2378 int't

54 2409 82 2450 rs
94 2391 162 2452 cibo
177 2403 288 2472 sumpta
303 2393 351 2454 vel
366 2395 495 2456 iocinera
507 2396 586 2469 eine,
601 2396 670 2454 itern
686 2395 802 2454 viverra
815 2393 937 2473 porcelli
949 2393 1035 2454 modo
1050 2394 1092 2453 in·

23 2491 27 2500 ·
93 2485 205 2554 assata,
227 2478 398 2556 suspiriosis
420 2477 596 2558 multipedae
619 2477 658 2538 ita
676 2485 706 2536 ιιι
729 2486 776 2538 ter·
790 2487 930 2556 septenae
949 2477 978 2536 in
991 2478 1106 2538 Attice,

90 2559 180 2622 nette
199 2561 341 2622 diluantur
359 2570 389 2622 et
411 2581 464 2641 per
483 2561 670 2622 harundinem
686 2560 835 2638 bibantur,
855 2593 898 2608 -
912 2578 996 2620 crena
1017 2560 1093 2620 enim

91 2662 145 2706 vas
167 2655 265 2706 earum
285 2646 425 2722 nigrescit
448 2653 591 2706 contactu.
622 2643 736 2724 quidam
758 2653 869 2703 torrent
889 2645 1044 2704 sextariam
1062 2645 1092 2704 ie

91 2729 189 2808 patina
205 2727 301 2789 doceo
324 2729 462 2790 candidae
474 2731 558 2805 dant,
578 2737 647 2790 ‘tunc
667 2727 754 2789 melle
770 2728 906 2804 miscent,
927 2727 975 2788 alii
1002 2729 1091 2788 cend-

55 2811 198 2892 eopadam
214 2822 320 2874 vocant
337 2821 367 2872 et
384 2831 421 2874 en
436 2829 510 2890 aqua
526 2813 587 2874 dari
603 2812 712 2888 iubent,
729 2845 772 2860 κ-
786 2812 908 2872 cocleae
925 2813 953 2870 in
970 2811 1036 2873 cibo
1054 2813 1134 2876 iistis

92 2913 167 2974 qnos
185 2896 287 2974 linquit
309 2897 419 2957 animus
439 2905 487 2956 aut
508 2914 628 2976 quorum
649 2895 793 2958 ¹alienatur
813 2910 895 2955 mens
920 2905 968 2956 aut
988 2895 1091 2974 quibas

90 2981 253 3057 vertigines
265 2981 335 3042 fiunt
350 2997 388 3040 eu
399 2981 479 3058 paesi
494 2981 606 3056 ovatlrie
622 2981 714 3042 trihus
725 2979 857 3056 singulae
874 2981 1017 3040 contritae
1027 2995 1092 3040 cnm

91 3082 143 3124 saa
164 3073 240 3124 testa
256 3073 285 3123 et
302 3063 464 3131 calefactae
486 3065 515 3125 in
537 3074 607 3143 potu
629 3065 713 3126 datae
736 3063 837 3124 diebus
858 3063 1016 3141 plurumum
1038 3080 1091 3123 nos

91 3165 168 3222 vern,
187 3147 276 3225 aliqui
290 3147 419 3224 singulas
434 3148 590 3226 primodie
608 3148 726 3222 dedere,
742 3149 875 3225 sequenti
889 3145 988 3223 binae,
1004 3147 1093 3207 tertio

57 3240 209 3307 antennas,
233 3240 335 3309 quarto
354 3231 442 3308 duas,
459 3234 557 3309 quinto
574 3250 664 3292 unam.
696 3231 739 3291 sic
754 3239 784 3290 et
799 3231 922 3310 suspiria
938 3230 1093 3290 emendant

92 3325 122 3376 ct
142 3316 283 3386 vomicas,
314 3315 391 3378 Esse
408 3315 511 3376 animal
528 3314 769 3375 locustaesimile
785 3317 848 3374 sine
872 3315 984 3392 pinnis,
1011 3313 1133 3392 qoodto
1227 3355 1229 3358 -

0 3430 1 3455 ι
91 3399 217 3460 trixallis
232 3398 346 3462 Graece
362 3408 499 3476 vocetur,
519 3399 645 3461 Latinum
665 3416 770 3461 nornen
789 3417 848 3460 aon
863 3397 982 3476 haheat,
1004 3397 1092 3476 aliqui

92 3481 283 3558 arbitrantur,
298 3501 354 3542 nec
370 3485 455 3562 pauci
467 3492 618 3562 auctores,
634 3481 692 3543 hcc
707 3501 775 3543 esse
790 3481 867 3562 qnod
879 3482 967 3558 grylli
982 3499 1057 3543 voca

140 3589 211 3630 unm.
227 3587 291 3626 rtur.
306 3587 376 3629 ursa.
399 3571 446 3628 lV.
884 3566 922 3627 16
