2396 3922
270 245 642 306 nnr.rr1sn.xxv11.1a.
661 243 821 320 (ar-104.)
859 226 864 248 “
975 243 1032 305 151

86 407 191 486 (97.)
216 405 352 468 Poterion
367 415 425 484 aut,
444 418 474 468 nt
487 407 536 469 alii
549 417 672 484 vocant,
689 408 831 487 phrynion
847 409 894 468 vel
916 427 1018 470 neuras
1029 417 1078 474 122

1 489 115 566 large
137 491 274 569 fruticat,
293 493 382 570 spinis
395 491 546 566 retorrida,
565 492 699 568 lanugine
713 494 819 570 spissa,
834 493 911 552 loliis
927 495 1035 571 parvis,
1147 501 1152 511 “

1 573 192 648 rotundis,
218 575 333 634 ramulis
358 575 468 652 longis,
489 575 638 652 mollibus,
665 575 766 651 lentis,
789 576 937 654 tenuibus,
963 577 1036 636 tlore

19 673 137 733 ongo,
157 657 434 735 herbaceiboloris
451 660 566 718 seminis
580 658 685 718 nullius
700 677 767 718 usus
782 659 833 718 sed
849 669 940 735 gustu,
952 670 1036 720 acuto

4 749 46 800 et
61 740 224 800 odorato.
244 743 386 802 invenitur
396 743 425 800 in
438 743 554 819 aquosis
570 742 702 802 collibus.
719 741 833 801 radices
844 742 930 802 habet
946 743 1016 803 duas
1028 755 1079 810 123

6 832 66 884 aut
84 825 155 884 tris
173 824 275 884 binum
290 824 448 885 cubitorum
463 829 491 884 in
507 822 701 900 altitudinem,
721 843 873 902 nervosas,
889 828 1035 903 candidas,

8 907 143 968 firmas.
179 908 398 968 circumfoditur
412 917 545 969 autumno
561 918 591 968 ct
606 911 739 988 praeciso
753 909 855 968 frutice
877 911 924 969 dat
940 929 1038 970 sucum

11 993 158 1052 cummis
172 991 306 1050 similem.
323 992 405 1052 radix
418 993 488 1052 mira
499 992 666 1052 volneribus
679 993 811 1052 sanandis
824 991 941 1052 traditor
955 1011 1036 1073 prae·

11 1077 189 1153 cipueque
210 1077 309 1134 nervis
324 1075 372 1134 vel
389 1076 528 1153 praecisis
542 1075 632 1135 inlita.
668 1076 817 1135 decoctum
838 1094 953 1154 quoque
977 1078 1038 1137 eius

13 1177 92 1218 cnm
119 1158 222 1218 melle
244 1167 342 1237 potum
362 1159 566 1220 dissolutiones
589 1177 743 1220 nervorum
764 1169 793 1219 et
814 1161 989 1222 infirmitates
1009 1170 1039 1220 et

12 1244 185 1302 incisuras
204 1243 291 1300 iuvat.

90 1325 194 1403 (98.)
218 1324 394 1402 Phalangitis
409 1345 424 1386 a
440 1327 606 1405 quibusdam
628 1327 804 1405 phalangion
820 1337 958 1403 vocatur,
983 1326 1090 1391 ab124'

13 1409 92 1477 aliis
111 1407 355 1470 leucanthemum
374 1410 435 1486 vel,
457 1413 529 1470 utin
545 1409 713 1488 quibusdam
729 1410 941 1488 exemplaribus
957 1413 1035 1470 inve·

13 1495 93 1567 nio,
113 1492 327 1552 leucacantha.
355 1493 456 1562 ramuli
469 1502 533 1552 sunt
549 1494 576 1552 ei
590 1508 740 1571 numquam
756 1495 910 1570 panciores
926 1493 1038 1554 dnobus

0 1579 50 1636 in
68 1577 206 1635 diversa
218 1575 378 1653 tendentes,
395 1577 450 1636 llos
464 1577 610 1651 candidus,
629 1576 689 1636 lilio
704 1576 791 1636 rubro
806 1578 916 1652 similis,
930 1579 1037 1637 semine

16 1662 141 1736 nigro,
165 1659 229 1717 lato
246 1658 288 1720 ,ad
309 1659 462 1720 lenticulae
484 1661 614 1720 dimidiae
630 1661 764 1736 liguram,
787 1661 874 1719 multo
895 1663 1037 1736 tenuiore,

17 1743 138 1802 radice
154 1743 241 1808 tenui
253 1741 390 1802 herbacei
415 1744 532 1804 coloris.
563 1743 645 1803 huius
666 1743 737 1802 lolio
758 1743 806 1802 vel
830 1744 903 1803 llore
921 1745 969 1802 vel
992 1761 1036 1803 se·

19 1829 108 1886 mine
138 1824 317 1886 auxiliantur
334 1835 434 1886 contra
446 1829 631 1906 scorpionum
646 1826 919 1905 phalangiorumque
934 1837 963 1886 et
977 1846 1037 1886 ser·
1115 1896 1116 1900 η
1164 1869 1168 1878 ·

21 1911 173 1990 penatium
190 1910 275 1984 ictus,
291 1911 359 1968 item
375 1919 473 1970 contra
489 1911 618 1970 tormina.

5 2022 7 2049 ι
96 1991 198 2070 (99.)
221 1991 374 2067 Phytemna
397 1995 481 2072 quale
504 1996 541 2054 sit
559 1994 726 2053 describere
741 2012 948 2073 supervacuum
968 1993 1016 2054 ha·
1030 2004 1078 2057 125

21 2078 104 2151 beo,
127 2093 200 2134 curn
217 2076 254 2133 sit
268 2094 336 2134 usus
352 2079 414 2137 eins
428 2086 534 2138 tanturn
548 2078 584 2138 ad
598 2080 744 2138 amatoria.

96 2158 217 2245 (5100.)
239 2158 362 2234 Phyllos
377 2179 393 2220 a
408 2161 528 2220 Graecis
544 2171 664 2222 vocatur
680 2160 770 2221 herba
785 2162 813 2218 in
828 2163 942 2221 saxosis
959 2179 1037 2220 mon·

22 2245 129 2304 tibus.
170 2241 390 2318 feminamagis
405 2243 543 2304 herbacei
564 2246 691 2321 coloris,
716 2244 799 2305 caule
820 2245 915 2321 tenui,
940 2247 1037 2304 radice

24 2343 146 2407 parva,
167 2342 268 2384 sennen
283 2329 420 2404 papaveri
435 2327 558 2387 rotundo
575 2329 677 2387 simile.
708 2327 780 2388 haec
801 2329 845 2386 sui
867 2347 954 2387 sexus
969 2328 1038 2388 lacit

0 2419 164 2490 „par-tus,
189 2409 275 2468 maris
289 2419 382 2468 autem
404 2428 420 2470 a
440 2411 545 2470 lemina
562 2413 670 2470 semine
687 2419 792 2470 tanturn
808 2411 944 2470 differens
961 2411 1039 2489 quod

26 2503 80 2554 est
101 2493 278 2570 incipientis
293 2493 399 2552 olivae.
430 2489 580 2570 utrumque
596 2493 701 2553 bibitur
715 2494 743 2552 in
757 2495 834 2552 vino.

103 2575 219 2652 (101.)
242 2575 444 2635 Phellandrion
471 2579 599 2636 nascitur
618 2579 647 2635 in
666 2576 842 2654 palustribus
865 2576 936 2636 lolio
959 2577 1079 2656 api.126
1170 2617 1173 2633 .

25 2661 153 2722 bibitur
171 2675 271 2718 seman
286 2661 347 2718 eius
361 2669 481 2738 propter
495 2660 626 2720 calculos
641 2669 670 2718 et
683 2661 801 2719 vesicae
815 2660 1004 2718 incommoda.

100 2743 217 2821 (102.)
237 2742 367 2802 Phaleris
382 2741 508 2818 thyrsum
522 2743 638 2820 longum
657 2741 760 2818 habet,
779 2751 892 2800 tenuem
917 2759 970 2800 ceu
992 2761 1037 2802 ca-

0 2852 16 2877 o
30 2829 162 2901 hamum,
181 2827 210 2882 in
227 2843 335 2884 summo
356 2826 456 2886 dorem
473 2827 647 2900 inclinatum,
669 2843 767 2884 semen
790 2825 881 2884 simile
897 2843 1037 2884 sesamae.

30 2921 63 2972 et
80 2911 148 2970 hoc
169 2908 297 2969 calculos
314 2909 421 2986 frangit
441 2919 539 2987 potmn
562 2929 600 2970 ex
620 2911 687 2969 vino
703 2909 751 2967 vel
772 2916 856 2966 aceto
873 2925 936 2968 curn
951 2909 1037 2968 melle

31 3005 64 3054 et
81 2995 182 3065 lacte,
198 2993 273 3052 idem
288 3001 317 3052 et
331 2994 399 3051 vitia
414 2995 531 3053 vesicae
546 3003 636 3054 sanat.
668 3041 669 3046 ,

103 3075 218 3154 (103.)
240 3075 430 3150 Polyrrhinon
456 3076 527 3136 lolia
554 3076 641 3136 habet
663 3081 763 3151 myrti,
788 3075 902 3134 radices
926 3073 1038 3134 multas.

32 3163 94 3222 hae
109 3170 219 3219 tunsae
233 3159 333 3220 dantur
348 3177 365 3218 e
380 3159 447 3218 vino
464 3169 563 3220 contra
576 3161 731 3238 serpentis,
748 3167 868 3235 prosunt
884 3168 913 3216 et
927 3158 1038 3236 quadri·

2 3261 25 3304 rs
55 3243 184 3306 edibus,
1029 3289 1032 3294 A

33 3265 54 3324 p
108 3327 220 3405 (104.)
243 3326 452 3404 Proserpinaca
471 3326 562 3387 herba
576 3325 704 3402 volgaris
725 3333 784 3400 est,
805 3326 900 3384 eximii
916 3323 1081 3390 adver-127

36 3431 92 3472 sus
109 3411 288 3487 scorpiones
301 3410 420 3469 remedi.
453 3410 553 3470 eadem
568 3411 699 3484 contrita,
715 3408 808 3468 addita
824 3409 914 3468 muria
928 3415 955 3464 et
971 3406 1040 3466 oleo

37 3495 182 3570 emenia,
199 3495 333 3570 anginam
350 3494 454 3554 eximie
471 3495 564 3554 curari
580 3491 701 3552 tradunt.
735 3500 888 3571 praeterea
909 3499 938 3550 et
953 3506 1024 3566 quer
