2458 3906
144 217 203 280 186
486 227 516 277 o.
532 229 628 277 aurun
645 227 795 276 succum

135 387 271 464 hisquae
288 384 524 445 suntlortissima
545 385 654 444 nullum
676 383 748 443 ultra
770 381 976 461 quadrimatum
991 378 1067 440 utile
1091 385 1159 452 est,

135 472 281 532 dumtaxat
296 467 433 528 serendo.
464 470 567 530 culinis
582 478 612 529 et
626 467 698 528 ultra
712 467 887 546 tempestiua
905 475 978 526 sunt.
1211 537 1216 541 ¹

93 566 145 620 tua
216 553 301 634 (59.)
325 552 484 615 Peculiaris
495 553 637 614 medicina
649 552 789 630 raphano,
805 551 903 626 betae,
919 560 1013 625 rutae,
1031 549 1159 610 cunilae

135 640 164 700 iu
182 639 268 698 salsis
283 638 383 716 aquis,
407 653 481 716 quae
497 647 527 698 et
544 639 652 717 alioqui
669 637 829 716 plurumum
845 637 978 696 suavitati
997 643 1027 693 et
1043 633 1158 694 fertili-

134 724 186 782 tati
203 722 365 782 conferunt.
399 724 506 782 ceteris
523 722 649 783 dulcium
669 737 807 800 aquarum
825 721 908 797 rigua
931 729 1063 797 prosunt.
1097 719 1183 778 uti-⁵

135 807 264 867 lissimae
280 822 318 863 ex
337 807 371 865 iis
387 823 461 884 qnae
481 807 685 885 frigidissimae
706 816 830 885 atquae
851 813 922 882 potu
945 805 1156 864 suavissimae.

136 893 227 950 minus
243 889 330 949 utiles
346 908 363 949 e
378 899 481 968 stagno
497 900 526 951 ct
541 909 613 970 quas
629 891 721 952 elices
733 891 879 965 inducunt,
895 889 1029 968 quoniam
1042 886 1157 951 herba·

135 993 198 1035 rum
215 975 324 1034 semina
342 974 486 1036 invehunt.
523 977 684 1055 praecipue
700 984 795 1036 tamen
810 973 919 1034 imbres
934 973 1024 1048 alunt,
1042 991 1113 1034 nam
1125 980 1159 1031 et

135 1058 282 1119 bestiolae
297 1059 481 1120 innascentes
496 1069 644 1121 necantur.

94 1152 146 1208 183
217 1143 265 1202 12.
289 1142 372 1221 (60.)
393 1142 444 1202 llis
461 1144 552 1205 horae
569 1145 681 1223 rigandi
696 1143 833 1203 matutino
848 1152 935 1221 atque
946 1157 1095 1219 vespera,
1115 1156 1157 1199 ne
1170 1146 1194 1186 ¹⁰

136 1227 314 1288 infervescat
331 1243 405 1305 aqua
419 1229 496 1304 sole,
513 1231 607 1289 ocimo
622 1237 730 1289 tautum
750 1236 780 1287 et
798 1227 964 1290 meridiana.
992 1225 1081 1285 etiam
1105 1242 1157 1284 sa-

137 1321 197 1372 tum
214 1310 367 1371 celerrime
384 1329 536 1391 erumpere
551 1322 650 1392 putant
666 1315 742 1372 inter
763 1312 841 1372 initia
861 1312 986 1373 ferventi
1003 1327 1079 1388 aqna
1101 1308 1156 1368 ad·

137 1413 280 1476 spersum.
310 1397 404 1454 omnia
420 1405 515 1456 autern
530 1397 667 1458 translata
688 1395 808 1457 meliora
829 1396 1043 1474 grandioraque
1067 1393 1155 1469 liunt,

135 1480 365 1557 maxumeporri
383 1483 517 1561 napique.
551 1483 580 1541 in
593 1482 783 1543 translatione
801 1490 830 1540 et
846 1481 987 1541 medicina
1011 1487 1075 1553 est,
1099 1477 1156 1538 de·

137 1567 290 1641 sinuatque
310 1564 418 1624 sentire
432 1565 559 1643 iniurias,
576 1575 608 1626 ut
621 1565 775 1644 gethyum,
791 1582 920 1644 porrum,
938 1563 1071 1643 raphani,
1088 1563 1192 1641 api-1⁵

96 1658 219 1728 tdium,
235 1647 384 1724 lactucae,
404 1667 492 1728 rapa,
516 1653 653 1711 cucumis.
683 1650 780 1710 Omnia
804 1659 898 1710 autern
921 1648 1069 1709 silvestria
1083 1646 1156 1706 fere

138 1742 203 1794 sunt
219 1741 249 1792 et
264 1731 344 1792 loliis
358 1733 468 1794 minora
485 1743 514 1794 et
533 1735 679 1811 caulibus,
701 1751 772 1795 suco
788 1735 920 1811 acriora,
941 1735 1017 1793 sicut
1040 1730 1155 1807 cunila,

138 1820 304 1894 origanum,
321 1824 393 1876 ruta.
423 1818 517 1878 solum
534 1836 606 1880 vero
629 1837 667 1879 ex
687 1818 820 1878 omnihus
840 1818 987 1898 lapathum
1009 1816 1156 1877 silvestre

137 1901 250 1961 melius.
273 1899 330 1959 hoc
342 1899 370 1958 in
381 1903 480 1961 sativis
491 1921 592 1964 rumex
605 1912 737 1978 vocatur,
751 1904 935 1982 nasciturque
948 1901 1154 1976 fortissimum,

137 1984 252 2046 tradunt
274 1992 354 2042 certe
369 1986 463 2046 semel
478 1995 569 2048 satum
585 1988 689 2049 durare
703 2005 759 2048 uec
776 1988 853 2049 vinci
871 2005 1004 2068 umquam
1024 1993 1155 2060 aterna,
1165 1993 1190 2034 ²⁰

96 2079 147 2134 185
155 2085 287 2128 maxume
303 2067 382 2128 iuxta
398 2086 511 2147 aquam.
541 2090 629 2132 sucus
645 2073 708 2132 eius
724 2091 788 2132 cum
802 2073 894 2133 tisana
909 2080 1017 2152 tantum
1033 2072 1064 2128 in
1076 2069 1156 2128 cibis
1226 2109 1228 2128 .

137 2154 280 2213 leviorem
295 2152 511 2236 gratioremque
526 2174 663 2235 saporem
679 2164 817 2236 praestat.
845 2157 982 2217 silvestre
1007 2154 1044 2215 ad
1059 2153 1155 2214 multa
1226 2173 1227 2232 q

135 2236 326 2297 medicamina
341 2236 411 2297 utile
427 2248 488 2316 est,
511 2241 646 2320 adeoque
666 2241 737 2300 nihil
757 2242 853 2300 omisit
875 2257 943 2301 cura
966 2248 998 2300 ut
1020 2239 1155 2298 carmine
1225 2237 1227 2312 l

135 2338 255 2400 quoque
272 2320 504 2398 conprehensum
519 2327 663 2403 reperiam
680 2326 709 2384 in
722 2324 798 2385 iahia
817 2326 927 2402 caprini
947 2325 1004 2384 limi
1024 2322 1155 2400 singulis
1225 2313 1227 2392 l

45 2457 48 2463 Δ
136 2405 259 2486 cavatis,
273 2405 297 2462 si
312 2406 402 2484 porri,
417 2425 537 2485 erucae,
549 2409 692 2484 lactucae,
709 2410 766 2490 api,
784 2409 884 2485 intubi,
901 2409 1021 2469 nasturti
1037 2407 1187 2466 seminate

137 2489 250 2550 inclusa
266 2497 409 2566 serantur,
425 2495 497 2554 mire
515 2495 682 2572 provenire.
709 2495 791 2570 Quae
803 2503 869 2553 suut
883 2494 1028 2553 silvestria
1044 2491 1155 2551 eadem
1225 2497 1226 2510 ¹

78 2579 81 2588 ’
139 2577 171 2634 in
188 2575 287 2634 sativis
302 2573 427 2634 sicciora
443 2577 648 2655 intelleguntur
667 2587 697 2638 et
716 2579 840 2646 acriora.

97 2669 148 2724 186
216 2658 301 2739 (61.)
321 2655 451 2738 Namque
467 2670 497 2722 et
512 2679 646 2722 sucorum
662 2679 858 2741 saporumque
873 2661 996 2722 dicenda
1011 2659 1152 2721 dilleren-
1223 2689 1225 2716 ι

138 2744 177 2803 tia
191 2750 246 2816 est,
261 2741 313 2801 vel
327 2743 418 2805 maior
433 2747 461 2806 in
476 2746 520 2807 hia
536 2764 621 2824 quam
639 2748 742 2825 pomis.
773 2755 840 2806 sunt
853 2756 948 2806 autern
964 2761 1051 2806 aeres
1069 2745 1152 2804 cuni·

138 2827 196 2900 lae,
211 2826 332 2903 origani,
349 2831 478 2909 nasturti,
496 2832 615 2910 sinapis,
633 2832 722 2892 amari
737 2828 870 2905 absinthi,
885 2829 1045 2906 centaurei,
1060 2841 1183 2906 aqua-to

138 2909 206 2970 tiles
223 2913 404 2990 cucumeris,
428 2915 613 2990 cucurbitae,
630 2914 778 2990 lactucae,
801 2915 878 2975 acuti
895 2914 1000 2990 thymi,
1020 2912 1150 2988 cunilae,

139 2995 216 3053 acuti
231 3002 261 3053 et
276 2994 390 3056 odorati
403 3002 461 3079 api,
473 3001 561 3076 aneti,
576 2998 705 3060 feniculi.
733 2999 828 3060 salsus
842 3007 950 3058 tantum
963 3017 981 3058 e
993 2996 1151 3076 saporibus

139 3079 350 3155 connascitur,
370 3083 524 3163 aliquando
543 3093 626 3144 extra
640 3082 736 3143 insidit
751 3082 881 3162 pulveris
893 3082 992 3160 modo,
1009 3092 1039 3143 et
1056 3083 1150 3142 cicer-

141 3160 214 3221 culis
229 3171 346 3224 tantum.

98 3255 147 3310 187
220 3246 304 3325 (62.)
330 3246 427 3332 Atque
449 3262 480 3312 ut
499 3252 687 3330 intellegatur
707 3269 780 3311 vana
800 3269 853 3311 oen
878 3251 1052 3330 plerumque
1074 3254 1181 3313 draeo

139 3333 303 3410 persuasio,
321 3349 415 3410 panax
431 3339 541 3415 piperis
557 3354 693 3415 saporem
710 3336 805 3397 reddit
821 3344 850 3396 et
873 3337 965 3414 magis
984 3337 1073 3397 etiam
1093 3335 1148 3398 sili·

139 3424 287 3493 qnastrnm
303 3414 340 3476 ob
358 3421 386 3481 id
401 3421 562 3499 piperitidis
578 3421 693 3481 nomine
709 3429 851 3500 accepto,
874 3420 1011 3481 libanotis
1029 3420 1148 3482 odorem

97 3516 172 3559 sam
186 3499 272 3575 turis,
296 3507 452 3580 zmyrnium
475 3522 598 3568 murrae.
632 3506 669 3567 de
691 3523 804 3586 panace
825 3504 938 3567 abunde
964 3506 1147 3567 dictumest.
