2370 3922
258 235 851 313 uou.msu.xxt111.13.14.(7u-76;)
907 231 910 236 '
998 237 1041 296 55
1088 227 1093 239 ’
1162 245 1167 262 ·

4 421 6 478 i
53 408 243 460 crematorum
260 415 343 461 uvaru
360 403 507 477 reprimat.
536 401 605 460 lolia
632 415 747 478 quoquc
776 402 903 464 arelacta
920 408 950 462 at
970 419 1040 462 oon·

4 493 6 540 t
53 492 134 542 tunsa
150 485 342 544 iurneutorrun
364 478 509 543 ulceribus
524 484 604 544 utilia
622 483 777 544 traduntur.
802 503 882 546 mora
900 503 973 563 quae
990 487 1020 546 in
1031 495 1083 550 12⁰

52 565 96 626 his
109 574 265 626 nascuntur
280 565 328 624 vel
348 565 541 627 cllioaciorem
563 567 734 628 stomaticen
751 567 938 645 praebuerint
956 586 1041 646 quam

52 651 141 708 sativa
156 667 263 708 marrus.
283 649 384 709 eadem
398 652 603 728 conpositione
621 649 669 710 vel
686 668 749 708 cum
764 650 968 728 hypocisthide
980 660 1040 710 tan·

28 741 108 790 stum
124 740 155 792 et
171 731 257 797 tuelle
271 731 407 799 bibuntur
417 734 448 792 in
462 733 580 794 cholera
591 742 621 794 ct
633 751 650 792 a
664 733 801 792 cardiacis
818 743 848 793 et
863 743 964 795 eontra
978 753 1040 794 ara-

50 833 129 876 neos.
148 816 227 877 inter·
238 815 444 877 medicamenta
471 834 544 894 quae
557 818 680 894 styptica
691 824 795 878 vocant
810 817 880 878 nihil
893 819 1040 880 efficacius

4 929 7 964 ς
50 897 111 956 rubi
126 915 207 958 mora
223 898 346 958 ferentis
369 899 465 960 radice
490 899 611 961 decocta
631 901 661 958 in
675 899 743 958 vino
763 899 798 961 ad
815 901 916 962 tertias
934 902 1038 978 partis,
1137 897 1158 950 -'

4 1017 8 1046 -,
50 988 78 1038 ut
90 981 263 1046 conluantur
278 999 315 1042 ec
333 983 393 1042 oris
406 981 503 1042 ulcera
519 992 549 1044 et
566 983 644 1044 sedis
662 981 882 1059 foveanturque,
898 991 976 1042 tanta
992 985 1039 1042 uis

50 1073 138 1122 estut
155 1081 305 1142 spongeae
321 1066 404 1142 ipsae
421 1064 606 1144 lapidescaut.

4 1160 42 1245 lm
105 1175 192 1252 (74.)
224 1174 356 1235 Alterum
374 1193 465 1252 genus
489 1177 554 1237 rubi
570 1179 599 1237 in
617 1195 674 1254 quo
691 1193 758 1237 rasa
776 1177 902 1235 nascitur
923 1177 1079 1253 gignitlhl
1107 1183 1109 1187 ’

48 1256 163 1334 pilulam
174 1259 472 1336 castaneaesimllem,
486 1261 639 1320 calculosis
655 1262 813 1338 praecipuo
826 1259 964 1318 remedie.
982 1258 1038 1318 alia

5 1341 11 1422 f
49 1349 91 1400 est
106 1341 290 1416 cynorrhoda
303 1358 385 1418 qnam
400 1360 541 1420 proxumo
553 1344 679 1404 dicemus
695 1343 848 1402 volumine.
881 1343 927 1401 14.
936 1339 992 1417 Gy·
1011 1341 1077 1426 ⁴²⁶an²

48 1425 442 1502 nosbatunaliicynapanxin‚
459 1427 507 1486 alii
519 1434 854 1504 'neurospastonvocant
873 1425 974 1484 lolium
989 1425 1040 1485 ha·

4 1515 10 1530 ¹
49 1505 97 1565 het
115 1509 245 1584 vestigio
267 1507 389 1568 hominis
415 1509 518 1570 simile.
545 1512 603 1570 lert
624 1517 655 1568 et
669 1527 751 1568 uvam
767 1510 886 1584 nigram,
908 1509 938 1566 in
956 1509 1038 1567 ouius

4 1591 130 1670 porcino
147 1607 269 1650 nervom
285 1590 384 1667 habet,
400 1593 475 1652 unde
484 1600 693 1671 neurospastos
702 1591 814 1667 dicitur,
823 1598 884 1650 tota
892 1591 1039 1668 aliaquam

49 1675 163 1750 cappari
186 1673 263 1752 quod
279 1673 381 1734 medici
397 1676 578 1750 cynosbaton
601 1675 829 1754 appellaverunt.
859 1674 942 1732 buius
959 1673 1037 1749 thyr-

49 1773 96 1814 sus
115 1755 149 1814 ad
165 1757 294 1816 remedia
310 1757 420 1834 splenis
439 1767 469 1817 et
484 1759 649 1818 inflationes
665 1757 797 1818 conditus
814 1775 852 1818 ex
866 1764 950 1816 aceto
961 1773 1039 1814 man-

4 1839 11 1891 i
49 1837 130 1897 ditur.
163 1859 270 1899 nervus
296 1842 359 1899 eius
381 1859 443 1900 eum
466 1841 604 1901 mastiche
638 1839 708 1902 Chia
735 1839 974 1902 conmanducatae
1002 1857 1037 1898 os

7 1973 8 1986 2
50 1931 160 1997 purgat.
198 1922 349 1982 Ruborum
373 1916 442 1983 rosa
465 1919 612 2002 alopecias
635 1942 698 1983 cum
722 1925 846 2000 axungia
872 1923 1016 1996 emendat,
1028 1931 1081 1984 122

4 2007 127 2063 *umora
140 2005 275 2084 capillum
289 2008 402 2082 tingunt
417 2025 478 2066 cum
495 2007 664 2085 omphacino
677 2006 753 2066 oleo.
780 2006 834 2066 llos
850 2008 923 2066 mori
940 2023 1038 2064 messe

4 2091 9 2128 ἲ
50 2085 201 2164 colligitur.
236 2089 371 2148 candidus
399 2090 559 2167 pleuriticis
590 2091 763 2168 praecipuus
787 2109 826 2150 ex
845 2093 912 2149 vino
937 2097 1037 2166 potus,

4 2175 8 2226 l
51 2171 114 2228 item
129 2173 278 2232 coeliacis.
310 2173 391 2232 radix
408 2173 443 2232 ad
458 2175 559 2233 tertias
576 2174 696 2233 decocta
718 2173 812 2232 alvom
827 2175 905 2231 sistit
923 2179 953 2232 et
973 2189 1036 2230 sau·

4 2261 8 2294 i
54 2255 172 2332 guinem,
188 2258 258 2315 item
270 2257 365 2316 dentis
381 2256 516 2316 conlutos
531 2257 663 2316 decocto.
696 2256 799 2316 eodem
815 2273 884 2315 suco
900 2255 1038 2314 leuentur

4 2413 6 2436 μ
56 2337 124 2396 sedis
141 2347 228 2416 atque
243 2339 411 2415 genitalium
433 2338 539 2398 ulcera.
571 2341 673 2398 ciniso
688 2339 785 2399 radice
800 2341 930 2415 reprimit
945 2353 1036 2395 uvam.

27 2465 47 2506 ²⁵
108 2457 191 2534 (75.)
224 2455 326 2517 ldaeus
345 2456 433 2516 rubus
447 2457 609 2535 appellatus
627 2465 684 2533 est,
705 2457 838 2534 quoniam
852 2457 881 2512 iu
895 2453 944 2512 lda
958 2461 1080 2514 noum

4 2517 7 2582 l
54 2537 119 2598 alius
127 2541 261 2600 nascitur.
279 2547 325 2598 est
337 2548 432 2598 autem
444 2541 574 2603 tenerior
587 2541 732 2617 aeminor,
744 2536 902 2597 rarioribus
917 2534 1035 2593 calamis

4 2583 9 2694 l
56 2621 371 2702 innocentioribusque,
390 2621 443 2680 sub
454 2623 594 2692 ¹arborum
610 2622 709 2682 umbra
724 2638 856 2681 nascens.
881 2617 965 2675 huius
980 2613 1036 2674 llos

54 2723 110 2763 cum
121 2704 206 2764 melle
224 2705 375 2782 epiphoris
389 2705 519 2764 inlinitur
536 2715 565 2766 et
580 2705 696 2784 ignibus
713 2703 814 2776 sacris,
838 2697 1035 2761 stomachicis·

4 2785 5 2864 j
28 2785 104 2864 'que
122 2807 159 2848 ex
174 2805 248 2864 aqua
263 2787 406 2848 bibendus
423 2787 515 2866 datur,
532 2799 630 2851 cetera
647 2787 748 2848 eadem
760 2793 886 2864 praestat
903 2799 975 2861 quae
988 2799 1035 2838 su-

5 2871 197 2948 scpradicta.
936 2891 937 2895 ,

109 2971 190 3048 (76.)
222 2969 303 3029 luter
317 2989 427 3048 genera
440 2971 575 3030 ruborum
588 2970 720 3030 rhamnos
732 2967 892 3044 appellatur
907 2963 1077 3028 aduae-124

54 3055 91 3111 cis
98 3053 253 3128 candidior,
264 3055 435 3116 fruticosior
449 3063 479 3113 et
493 3071 588 3114 ramos
601 3052 838 3130 spargensrcctis
847 3048 967 3122 aculeis,
977 3064 1034 3105 non

55 3143 81 3193 ut
94 3139 182 3196 ceteri
198 3137 332 3211 aduncis,
349 3137 429 3196 loliis
452 3137 615 3208 maioribus.
647 3133 767 3195 alterum
789 3151 881 3210 genus
908 3133 970 3190 eius
985 3129 1034 3189 sil-

55 3228 161 3295 vestre,
178 3222 288 3296 nigrius
311 3227 342 3279 et
358 3220 563 3296 quadamtenus
585 3217 710 3294 rubens,
731 3216 788 3276 lert
810 3215 900 3274 veluti
921 3212 1034 3272 follicu-

30 3299 101 3360 astos.
129 3304 212 3364 huius
227 3303 326 3364 radice
339 3303 460 3365 decocta
476 3303 504 3361 in
518 3319 589 3379 aqua
604 3301 635 3358 lit
648 3299 882 3360 medicamentum
895 3293 971 3371 quod
982 3311 1033 3352 vo

57 3393 125 3444 catur
138 3385 263 3462 Lycitmr.
281 3404 383 3446 semen
399 3385 539 3444 secundas
555 3383 647 3442 trahit.
679 3382 753 3442 alter
765 3381 814 3440 ille
828 3377 975 3438 candidior
984 3376 1034 3436 ad-

59 3471 161 3546 stringit
176 3471 280 3548 magis,
304 3469 474 3546 refrigerat,
494 3465 715 3528 collectionibus
734 3473 763 3523 et
795 3460 963 3524 volneribus
980 3459 1033 3529 ‚ad
