2370 3922
266 259 347 308 ana.
362 256 453 308 uren.
470 258 553 306 xxv.
570 252 596 306 o.
612 245 765 325 (lo-ta)
969 249 1011 308 rt

1 409 151 475 ‘dntibus
165 411 209 472 dis
228 413 329 472 lacere
346 409 542 490 observatque
563 411 676 489 aquilae
697 410 823 490 volatus,
847 415 912 474 lere
933 415 1011 476 enim

19 495 180 556 secantibus
201 497 325 556 interest
350 503 391 572 et,
413 497 438 554 si
461 512 556 574 prope
576 495 741 571 advolavit,
763 498 934 557 moriturum
956 498 1010 558 illo

19 597 94 638 anuo
110 581 154 656 qui
168 579 296 638 succidat
312 579 462 655 augurium
479 586 533 638 est.
565 597 620 638 neo
637 578 732 640 album
746 579 833 639 facile
850 580 1010 658 colligitur,

19 671 106 740 capnt
123 663 290 740 adgravans,
304 679 436 722 maxume
452 663 509 721 nisi
524 661 724 740 praesumatur
737 661 823 722 alium
840 672 870 723 et
886 665 1009 724 subinde

0 747 116 806 ninum
133 745 285 806 sorbeatur
301 745 497 824 celeriterque
514 745 647 806 fodiatur.
669 747 782 821 nigrum
795 745 844 805 alii
861 765 1005 822 encymon
1017 760 1052 813 51

18 837 134 905 uocant,
148 829 194 888 alii
209 828 410 907 polyrrhizon,
425 837 530 906 purgat
545 846 600 906 per
615 829 738 906 inferna,
752 828 902 890 candidum
914 839 1011 891 autem

19 914 185 988 vomitione,
197 930 358 989 causasque
373 909 541 972 morborum
556 912 691 988 extrahit,
706 912 848 990 quondam
862 914 1010 990 terribile,

18 998 122 1073 postea
136 1004 192 1056 tam
205 997 401 1074 promiscuum
416 1003 448 1053 ut
463 994 597 1073 plerique
614 996 773 1056 studiorum
784 999 879 1072 gratia
891 996 927 1056 ad
941 1014 1009 1074 per·

19 1079 139 1138 ridenda
166 1081 261 1140 acrius
285 1095 358 1155 quae
389 1080 653 1138 commentabantur
682 1080 798 1158 saepius
821 1082 1009 1157 sumptitave·

7 1180 21 1209 a
34 1163 80 1222 't.
107 1160 276 1224 Carneaden
288 1179 496 1240 responsurum
505 1160 633 1223 Zenonis
645 1162 729 1222 libris
740 1161 786 1238 *³⁵3
797 1157 923 1222 Drusum
935 1180 1005 1240 quo·
1016 1173 1052 1226 52

19 1262 71 1322 que
87 1247 163 1324 apud
180 1263 246 1322 nos,
265 1245 447 1306 tribunorum
463 1246 644 1324 popularium
661 1245 860 1322 clarissimum,
881 1247 927 1305 cui
941 1255 1009 1306 ante

20 1331 107 1389 omnis
128 1329 213 1408 plebs
235 1329 351 1389 adstans
369 1327 495 1406 plausit,
519 1331 674 1408 optimates
694 1346 767 1388 vero
784 1329 893 1389 bellum
906 1328 1008 1389 blarsi·

18 1430 76 1472 cum
88 1415 273 1492 imputavere,
288 1420 402 1473 constat
415 1412 471 1472 hoo
482 1411 691 1472 medicamento
703 1411 857 1472 liberatum
869 1412 1008 1473 comitiali

1 1497 117 1556 ‚morbo
138 1499 169 1556 in
182 1495 322 1572 Anticyra
343 1495 444 1554 insula.
479 1495 520 1554 ihi
536 1497 612 1555 enim
626 1497 769 1556 tutissime
784 1499 917 1572 sumitur,
936 1513 1009 1574 quo-

2 1577 5 1582 ’
36 1581 101 1656 am,
122 1588 153 1638 ut
174 1580 308 1655 diximus,
325 1579 504 1639 sesamoides
526 1579 690 1638 admiscent.
721 1578 804 1638 ltalia
818 1587 1052 1640 veratrumaaes

1 1673 108 1724 avocat.
146 1663 238 1722 farina
259 1680 360 1724 eorum
380 1681 435 1740 per
451 1681 485 1722 se
501 1670 532 1721 et
549 1664 637 1721 mixta
650 1661 795 1722 radiculae
812 1679 867 1739 qua
886 1661 966 1724 lanas
980 1683 1044 1726 ons

1 1814 3 1819 ,
20 1745 135 1806 diximus
152 1744 242 1806 lavari
257 1754 484 1806 sternumentum
498 1745 578 1823 iacit,
590 1745 732 1823 amboque
745 1761 881 1808 somnum.
903 1745 1004 1822 legun·
1015 1758 1053 1812 53

1 1876 2 1879 ,
20 1835 170 1890 iurantem
183 1831 371 1890 tenuissimae
386 1828 500 1889 radices
516 1821 682 1906 brevesque
699 1847 732 1894 ac
747 1828 828 1888 velut
839 1829 1008 1890 decurtatae

1 1973 2 1986 y
21 1916 142 1974 etimne.
165 1931 229 1973 nam
247 1930 363 1990 summa,
379 1921 513 1990 quaeest
530 1913 720 1990 crassissima,
736 1914 818 1990 cepis
834 1911 946 1991 similis,
962 1931 1010 1973 ca·

51 2016 97 2056 us
120 2005 230 2057 tantum
250 1995 333 2056 datur
353 1997 534 2074 purgationis
550 2013 643 2056 causa.
676 1997 783 2074 antiqui
801 1995 928 2056 radicem
943 2015 1009 2076 cor·

1 2081 69 2140 tice
91 2098 178 2158 quarn
199 2081 404 2140 carnosissimo
423 2078 604 2156 seligebant,
629 2079 706 2157 quod
726 2081 842 2140 tenuior
864 2081 1009 2140 eximere·

19 2170 59 2222 tur
80 2161 219 2240 medulla,
234 2195 277 2210 »-
300 2161 373 2222 banc
392 2162 492 2223 umidis
519 2165 666 2242 spongeis.
685 2170 816 2240 opertam
837 2171 1009 2239 turgescen-

18 2253 131 2324 temque
154 2265 207 2306 acu
228 2248 259 2306 in
279 2245 490 2323 longitudinem
510 2245 671 2323 findebant,
697 2246 764 2306 dein
786 2246 833 2307 lila
857 2247 1008 2307 inumbra

20 2329 163 2390 siccabant
178 2329 223 2390 his
238 2337 355 2390 utentes
367 2361 419 2406 —,
431 2348 505 2389 nunc
520 2330 645 2390 ramulos
662 2331 743 2407 ipsos
759 2330 794 2389 ab
812 2329 909 2390 radice
925 2348 1010 2407 qnam

18 2415 181 2488 gravissimi
197 2414 316 2474 corticis
332 2413 477 2473 radiantis.
514 2422 658 2492 optumum
674 2413 751 2490 quod
767 2431 834 2474 acre
848 2420 936 2489 gustu
949 2413 1009 2473 fer·

18 2513 147 2575 reosque
174 2498 204 2555 in
226 2495 388 2572 lrangendo
410 2482 561 2573 pulverem
579 2497 692 2556 emittit.
724 2496 827 2557 durare
850 2497 908 2555 vim
923 2494 1010 2556 XXX

19 2583 94 2640 tuuis
113 2581 223 2640 ierunt.

46 2710 48 2716 .
73 2663 159 2742 (22.)
177 2661 299 2740 Nigrum
315 2663 448 2722 medetur
463 2662 640 2740 paralyticis,
658 2661 878 2738 insanientibus,
898 2661 1004 2738 hydro·
1015 2672 1053 2727 54

21 2747 98 2825 pleis,
113 2747 183 2806 dum
196 2749 269 2806 citra
285 2745 400 2822 febrim,
416 2745 554 2824 podagris
568 2745 731 2822 veteribus,
744 2744 916 2805 articulariis
931 2763 1009 2806 mor·

21 2827 70 2907 bis,
89 2830 181 2890 trahit
202 2847 241 2890 en
264 2828 331 2888 aluo
353 2829 453 2905 bilem,
470 2831 599 2907 pituitas,
621 2845 718 2906 aquas.
748 2830 831 2889 datur
848 2828 882 2888 ad
900 2828 1009 2892 leniter
1057 2878 1061 2888 .

20 2913 201 2974 molliendam
216 2913 311 2972 alvom
326 2912 484 2990 plurumum
500 2912 631 2972 drachma
652 2931 717 2988 una,
737 2906 850 2972 modice
872 2920 1010 2990 quattuor

21 2997 122 3058 obolis.
151 2999 297 3058 miscuere
319 2996 407 3073 aliqui
429 3002 459 3055 et
482 2997 699 3073 scammonium,
722 2996 775 3055 sed
796 2997 883 3057 tutius
907 2996 1008 3056 salem.

21 3079 46 3139 in
57 3081 192 3142 dulcibus
206 3081 302 3140 datum
319 3081 467 3157 copiosius
483 3079 642 3158 perieulum
654 3080 760 3157 infert,
777 3079 925 3140 oculorum
940 3081 1009 3140 cali·

21 3166 112 3239 glutem
129 3165 195 3224 latu
209 3163 334 3222 discutit.
366 3162 403 3222 ob
425 3162 454 3222 id
479 3162 591 3241 quidam
612 3170 642 3222 et
658 3165 799 3224 inunxere
817 3164 895 3223 trito.
929 3171 1051 3228 stru-55

0 3262 86 3324 >man
108 3256 279 3326 suppurata,
300 3246 418 3306 duritias
440 3249 595 3325 concoquit
617 3254 647 3306 et
664 3255 783 3325 purgat,
805 3248 875 3306 item
896 3245 1007 3306 fistulas

22 3334 105 3390 tertio
130 3331 179 3391 die
202 3339 375 3408 exemptum.
409 3347 546 3390 verrucas
563 3329 640 3389 tollit
659 3347 721 3389 curn
746 3347 861 3408 squama
881 3331 957 3390 aeris
977 3337 1009 3389 et

23 3415 181 3476 sandaraca.
211 3413 435 3492 hydropicorum
456 3415 550 3473 ventri
574 3415 721 3491 inponitur
744 3431 808 3474 cnm
829 3413 920 3472 farina
939 3412 1007 3472 hor·

21 3494 126 3559 deacea
143 3506 174 3558 ct
188 3499 265 3558 uiuo.
300 3515 438 3576 pecorum
454 3505 484 3557 et
499 3499 690 3558 iumentorum
702 3499 821 3576 pituitas
842 3505 923 3557 sanat
944 3514 1008 3558 sur-
