2370 3922
20 220 24 388 p
262 252 342 302 unu.
361 253 612 305 u1sn.xxtrr.1.
633 241 787 319 (ll-16.)
1008 243 1027 303 t

19 403 21 470 ἶ
50 407 279 483 gargarizationes
295 416 343 486 et,
360 427 396 468 ne
413 408 481 486 quid
494 407 670 485 devoretur,
692 407 789 468 addito
815 407 894 485 sule,
917 407 1028 484 thymo,

19 479 20 518 l
50 499 117 550 aceto
132 490 232 566 mulso.¹
261 491 329 551 ideo
348 500 378 551 et
393 492 615 571 purgationibus
630 493 784 570 ancipitem
801 500 908 571 putant.

19 533 21 660 l
97 574 165 651 (15.)
194 573 328 636 Esthuic
344 575 463 652 similis,
486 576 540 636 sed
555 577 585 635 in
599 575 709 636 salictis
725 593 857 635 nascens.
888 575 956 636 ideo
973 577 1029 636 dis-

18 713 19 734 ,
49 659 169 734 tinguitur
189 661 322 736 nomine,
350 677 412 718 cum
427 659 548 720 eosdem
563 677 632 719 usus
650 658 773 735 habeat,
800 668 831 719 et
849 659 1028 720 salicastrum

18 737 155 805 {crocatur
191 744 319 803 suabium
339 751 370 803 et
395 745 574 822 pruriginem
598 742 743 803 hominum
764 743 1028 822 quadripedumque

48 833 114 884 aceto
128 825 222 885 mulso
237 828 305 887 trita
321 827 395 887 haec
408 828 555 888 efficacius
570 827 656 887 tollit.

17 905 20 994 p
91 909 169 987 (to.)
206 909 283 970 Vitis
306 910 371 970 alba
392 919 439 970 est
460 929 543 988 quam
559 909 663 971 Graeci
683 911 820 990 ampelon
836 911 957 987 leucen,
976 909 1069 974 aliitl

17 995 19 1044 l
47 992 199 1070 staphyleu,
219 993 269 1054 alii
289 994 466 1071 melothron,
496 995 544 1054 alii
563 995 734 1073 psilotrum,
758 994 806 1054 alii
823 993 1028 1069 archezostim,

47 1076 80 1135 ulii
91 1077 256 1155 cedrostim,
270 1077 317 1138 alii
331 1080 434 1139 madon
447 1079 603 1156 appellant.
636 1078 720 1139 huius
735 1086 880 1138 sarmenta
891 1077 988 1154 longis
998 1086 1030 1137 et

46 1160 151 1220 exilibus
168 1162 341 1224 internodiis
362 1162 526 1240 geniculata
542 1163 689 1223 scandunt.
718 1162 788 1222 lolia
805 1163 973 1240 pampinosa
994 1161 1029 1222 ad

45 1245 250 1321 magnitudinem
265 1245 394 1306 hedem
406 1245 571 1314 dividuntur
583 1255 614 1306 ut
625 1247 733 1306 vitium.
759 1246 842 1306 radix
853 1245 930 1323 alba,
945 1263 1029 1323 gran·

16 1401 18 1406 Α
45 1328 91 1404 dis,
105 1329 234 1406 raphano
250 1329 351 1388 similis
368 1331 459 1390 initio.
476 1347 515 1390 ex
531 1348 566 1389 ea
583 1329 681 1390 caules
697 1332 831 1411 asparagi
844 1330 1029 1390 similitudine

45 1421 140 1471 exeunt.
171 1413 200 1472 hi
225 1411 339 1473 decocti
360 1415 389 1472 in
409 1413 477 1473 cibo
495 1413 591 1473 alvom
609 1422 640 1473 et
660 1416 771 1474 urinam
788 1416 874 1474 cient.
907 1414 979 1473 lolia
996 1419 1071 1475 otuu

15 1477 16 1514 l
45 1495 123 1554 caules
136 1495 307 1578 exulcerant
319 1514 439 1576 corpus,
455 1499 557 1574 utique
570 1497 700 1558 ulcerum
710 1497 907 1576 phagedaenis
920 1507 950 1556 et
960 1515 1030 1574 gan·

25 1581 141 1653 agraenis
159 1580 352 1659 tibiarumque
365 1580 463 1642 taedio
474 1599 537 1640 eum
549 1580 611 1640 sale
623 1581 788 1640 inlinuntur.
820 1598 919 1642 semen
934 1583 963 1639 in
974 1598 1029 1639 uva

45 1663 100 1720 raris
117 1665 206 1722 acinis
222 1663 380 1743 dependet,
397 1682 468 1724 suco
486 1663 623 1742 rubente,
640 1673 746 1743 postea
758 1665 886 1724 crocino.
917 1681 1029 1724 novere

14 1779 17 1824 ᾗ
44 1744 62 1803 id
81 1748 124 1822 qui
147 1749 231 1806 coria
255 1747 425 1827 perficiunt,
447 1748 500 1808 illo
521 1750 598 1808 euim
618 1757 743 1808 utuntur.
774 1749 872 1826 psoris
889 1756 919 1807 et
936 1747 1027 1825 lepris

45 1828 161 1906 inlinitur,
187 1831 273 1891 lactis
290 1832 490 1892 abundatitiam
504 1832 574 1892 lacit
589 1840 703 1892 coctum
719 1850 782 1891 cum
801 1833 899 1892 tritico
917 1839 1028 1909 potum-

13 1907 17 1992 l
44 1929 92 1988 pre.
121 1915 204 1974 radix
222 1918 385 1976 numerosis
404 1916 575 1976 utilitatibus
591 1916 699 1976 nobilis
722 1924 823 1975 contra
849 1915 1073 1994 serpentiumaa

13 1996 102 2076 tulatus
116 1999 182 2058 trita
200 1998 343 2058 drachmis
357 1999 466 2070 duabus
481 1999 600 2060 bibitur.
630 2000 700 2059 vitia
716 2001 790 2059 cutis
802 2001 832 2058 in
843 2001 919 2059 facio
931 2015 1030 2058 varos·

13 2079 19 2146 ξ
45 2096 87 2156 qne
99 2089 126 2140 et
142 2082 303 2158 lentigines
322 2092 352 2142 et
369 2084 525 2160 suggillata
543 2083 676 2147 emendat
689 2092 719 2144 et
736 2084 900 2161 cicatrices,
917 2082 1036 2156 eadem-¹

46 2179 86 2239 que
104 2173 236 2242 praestat
256 2167 286 2226 in
308 2165 377 2226 oleo
399 2168 529 2228 decocta.
561 2167 645 2228 datur
666 2176 697 2228 et
718 2166 912 2228 comitialibus
930 2175 1029 2245 potus,

47 2246 97 2306 item
114 2258 214 2310 mente
236 2251 380 2310 conmotis
403 2259 453 2310 aut
473 2252 619 2328 vertigiue
639 2251 857 2328 laborantibus,
877 2250 1029 2312 drachmae

48 2331 153 2404 pondere
175 2333 287 2394 cotidie
303 2352 378 2394 anno
394 2343 468 2395 toto.
501 2343 531 2396 et
546 2337 611 2414 ipsa
625 2344 721 2396 autem
743 2334 854 2412 largior
875 2333 1073 2412 aliquandott

22 2429 128 2475 auersus
152 2417 259 2477 turbat.
290 2416 340 2478 illa
357 2420 402 2478 vis
420 2418 571 2498 praeclara
585 2419 662 2497 quod
681 2437 747 2479 ossa
762 2419 883 2478 infracta
904 2417 1030 2477 extrahit
1091 2488 1093 2497 y

14 2511 15 2514 ’
44 2496 66 2554 iu
77 2515 139 2576 aqua
156 2503 287 2580 inposita
302 2510 334 2561 ut
349 2501 488 2580 bryonia,
512 2521 602 2582 quare
618 2503 731 2582 quidam
745 2501 817 2561 hauc
834 2501 928 2561 albam
942 2499 1029 2575 bryo-

43 2580 100 2639 niam
119 2592 234 2644 uocant.
265 2585 321 2646 alia
345 2604 419 2646 vero
440 2588 523 2664 nigra
545 2587 692 2646 efficacior
714 2588 743 2645 in
763 2584 868 2645 eodem
890 2601 944 2642 usu
967 2602 1030 2644 curu

13 2673 14 2698 ¹
43 2664 112 2724 nelle
137 2675 167 2726 et
196 2675 270 2727 ture.
310 2671 536 2747 suppurationes
557 2670 724 2747 incipientis
746 2667 880 2743 discutit,
908 2674 1029 2727 veteres

42 2754 144 2809 maturat
160 2760 192 2810 et
209 2762 321 2829 purgat.
352 2755 411 2813 ciet
427 2771 544 2813 menses
563 2762 594 2813 et
609 2756 726 2813 urinam.
756 2751 878 2828 ecligma
893 2767 932 2810 ex
946 2767 982 2810 ea
995 2751 1027 2811 lit
1037 2763 1071 2816 tt

22 2834 196 2908 usnspiriosis
215 2842 246 2894 et
262 2843 363 2905 contra
381 2837 482 2897 lateris
497 2837 629 2914 dolores,
645 2837 749 2912 volsis,
765 2836 867 2913 ruptis.
898 2833 1030 2914 splenem

43 2917 118 2974 ternis
140 2917 238 2978 obolis
260 2928 330 2996 pota
345 2921 463 2996 triginta
478 2921 581 2982 diebus
599 2921 750 2980 consumit.
783 2918 914 2978 inlinitur
929 2919 1030 2979 eadem

43 3011 92 3055 tum
107 3000 160 3061 lico
178 3010 210 3062 et
225 3005 370 3080 pterygiis
384 3004 548 3082 digitorum.
575 3022 614 3064 ex
624 3006 693 3063 rino
706 3003 848 3062 secundas
860 3004 1030 3063 feminarum

43 3077 156 3157 adposita
173 3085 272 3163 trahit,
291 3095 322 3147 et
337 3089 468 3165 pituitam
485 3087 616 3147 drachma
629 3095 699 3165 pota
712 3088 742 3145 in
753 3103 826 3165 aqua
839 3085 931 3146 mulsa
943 3105 1029 3146 sucus

42 3161 284 3247 aucis-colligi
301 3171 391 3231 debet
405 3179 471 3232 ante
485 3174 603 3231 seminis
614 3173 806 3230 maturitatem
819 3172 917 3249 —qui
933 3170 1028 3230 inlini·
1038 3181 1073 3236 26

20 3251 80 3304 utos
103 3267 155 3326 per
185 3271 219 3313 se
248 3263 277 3313 et
303 3273 368 3314 omn
389 3273 462 3316 ervo
485 3255 610 3315 laetiore
634 3256 756 3334 quodum
776 3255 881 3315 colore
904 3261 935 3312 et
955 3256 1029 3313 cutis

44 3334 180 3395 teneritate
210 3341 409 3416 mangonicat,
440 3341 587 3417 serpentis
617 3340 706 3416 lugat.
748 3339 876 3398 tunditur
896 3339 961 3415 ipsa
985 3355 1028 3396 ra-

44 3409 82 3471 dix
100 3435 159 3477 oum
181 3421 237 3480 lico
259 3423 359 3500 pingui
375 3431 536 3501 erugatque
553 3441 677 3502 corpus,
701 3424 725 3482 si
743 3424 839 3482 statim
853 3421 920 3482 bina
938 3421 1028 3481 stadia

45 3497 222 3582 mbulentur,
234 3505 318 3566 alias
332 3508 432 3584 vitiet,
454 3508 510 3566 nisi
526 3507 631 3585 irigida
649 3507 745 3567 statim
759 3505 900 3566 abluatur.
933 3506 1030 3565 incuu-
