2370 3922
3 255 5 368 p
129 315 131 324 ,
260 259 779 336 snr.fl1su.xx1u.r.(ass—-35·)
975 261 1081 321 15.

28 433 65 482 tur
84 440 142 482 uon
167 422 277 484 inclusa
296 422 418 484 condita.
453 424 591 482 crematio
613 423 640 482 ei
661 421 778 484 multum
792 423 895 486 virium
918 425 1012 486 adicit.

3 549 5 584 2
27 506 167 566 utilissima
195 513 240 566 est
261 505 296 564 ad
314 506 534 584 conpescendos
555 505 701 581 lichenas,
726 507 854 567 furfures
874 527 938 568 cum
958 511 1013 570 lico

25 590 140 649 decocta.
175 591 218 649 sio
234 597 264 650 et
276 589 366 667 lepris
379 598 408 649 et
419 589 565 650 ulceribus
577 589 755 650 manantibus
765 591 919 668 inponitur.
949 594 1011 652 fun·
1021 604 1055 656 65

3 699 4 746 i
26 691 114 749 goram
134 680 259 733 naturae
277 675 422 733 contraria
437 682 483 734 est
499 681 585 751 pota,
609 672 661 732 sed
678 675 769 749 magis
786 676 880 736 cruda.
915 676 1014 736 oculo·

3 751 74 816 *arum
92 757 311 816 medicamentis
331 765 414 816 cocta
431 766 461 818 et
482 758 541 816 lota
559 758 704 817 miscetur.
736 756 867 817 medetur
883 759 964 818 inlita
982 768 1013 818 et

27 840 134 898 testibus
158 848 191 900 et
211 840 396 916 genitalibus.
429 843 459 900 in
478 843 546 900 vino
570 849 666 899 autern
680 839 819 900 adversus
835 844 1012 918 strangurias

3 975 4 982 ,
28 923 134 1000 bibitur,
149 941 217 984 cunr
231 925 391 1001 exspiravit
411 941 543 1002 quoque,
557 923 686 984 lavandis
698 924 871 1001 corporibus
884 927 1012 986 etvesti·

3 1075 4 1078 Ἴ
27 1006 66 1064 bus
82 1005 168 1068 utilis.
207 1016 275 1068 tunc
292 1025 372 1066 usum
389 1010 503 1068 acaciae
518 1007 615 1068 habet.

3 1105 5 1166 t
74 1089 153 1169 (32.)
180 1091 263 1151 Faex
273 1093 349 1151 aceti
362 1109 417 1169 pro
429 1094 548 1152 materia
560 1093 655 1151 acrior
667 1092 705 1150 sit
714 1109 838 1152 necesse
852 1100 898 1151 est
909 1091 1011 1152 multo·
1020 1103 1054 1158 66

3 1173 68 1262 laque
92 1176 185 1251 magis
215 1174 375 1234 exulceret.
417 1177 530 1234 resistit
551 1177 789 1253 suppurationum
811 1177 1011 1252 incrementis,

3 1267 5 1300 ³
28 1257 204 1336 stomachum,
227 1261 395 1335 interanea,
417 1267 548 1318 ventrem
569 1259 650 1318 inlita
673 1258 796 1318 adiuvat.
833 1260 911 1319 sistit
927 1259 1011 1318 rheu·

3 1389 5 1418 e
27 1343 153 1400 natismos
170 1359 271 1402 earum
287 1343 408 1419 partium
425 1351 455 1402 et
470 1342 619 1402 mulierum
635 1358 760 1402 menses.
792 1359 883 1420 panos
894 1341 1012 1401 discutit

3 1475 5 1502 5
27 1424 129 1483 nondum
146 1425 336 1484 exulceratos
352 1433 382 1484 et
396 1427 526 1502 anginas,
540 1427 615 1502 ignis
632 1442 731 1484 sacros
745 1443 808 1483 cum
819 1443 894 1485 cera.
924 1443 1008 1484 mam·
1020 1434 1052 1491 67

3 1503 6 1578 ζ
28 1523 70 1564 nas
89 1508 171 1567 lactis
194 1509 240 1567 sui
260 1510 428 1586 inpatientis
450 1509 550 1568 eadem
566 1509 744 1584 exstinguit,
767 1511 869 1585 unguis
890 1508 1010 1568 scabros

3 1589 116 1667 Juanlart,
132 1611 149 1652 e
165 1593 355 1669 serpentibus
367 1601 468 1652 contra
480 1601 608 1652 cerastas
619 1590 794 1650 validissima
805 1610 869 1650 cnm
879 1590 1010 1670 polenta,

4 1745 5 1748 Ἴ
30 1690 73 1730 cun
94 1675 253 1736 melanthio
276 1684 370 1735 autem
389 1685 490 1736 contra
513 1674 652 1735 crocodili
671 1692 784 1734 morsus
806 1682 836 1734 et
859 1675 946 1732 canis.
980 1682 1011 1734 et

31 1754 81 1815 laec
94 1767 222 1818 cremata
240 1759 356 1838 ampliat
373 1761 452 1819 viris.
486 1769 553 1818 tunc
568 1758 665 1818 addito
678 1757 834 1818 lentiscino
847 1757 915 1816 oleo
928 1757 1010 1816 inlita

3 1837 7 1916 ἰ
32 1855 67 1898 na
79 1850 163 1902 nocte
179 1843 258 1901 rufat
273 1843 412 1920 capillum.
444 1843 544 1903 eadem
561 1861 599 1902 cx
614 1860 686 1919 aqua
701 1843 731 1899 in
742 1839 865 1901 linteolo
878 1839 1010 1918 adposita
1064 1912 1071 1930 ·

3 1925 6 1985 ,ἶ
32 1921 107 1982 volvas
124 1934 240 2004 purgat.
1011 1963 1013 1968 ·

4 2016 24 2092 tt
73 2008 148 2087 (33.)
178 2009 273 2087 Sapae
289 2009 374 2069 faece
392 2009 519 2069 ambusta
534 2017 683 2085 sanantur,
698 2007 801 2067 melius
819 2007 913 2068 addita
929 2007 1006 2066 lanu·
1017 2017 1052 2072 66

4 2091 8 2098 ’
31 2089 80 2162 gine
89 2090 272 2170 harundinis,
288 2093 390 2153 eadem
401 2093 483 2153 faece
496 2095 617 2154 decocta
630 2100 757 2169 potaque
771 2099 867 2150 tusses
879 2100 1008 2151 veteres.

31 2169 178 2315 decopuitor
202 2178 232 2236 in
256 2177 362 2255 patinis
378 2195 440 2236 cum
459 2177 521 2237 sale
536 2186 567 2237 et
584 2175 669 2253 adipe
685 2177 720 2235 ad
737 2184 1008 2255 tumorem-quoque

32 2270 52 2309 Μ
318 2262 325 2275 ⁰
392 2307 398 2318 .

5 2313 8 2351 ⁵
53 2269 229 2422 ”harddldl
242 2278 531 2421 (ollddlhhlnproxuma
544 2344 701 2402 auctoritas
717 2341 906 2418 intellegitur.
935 2340 1006 2401 lolia
1016 2351 1051 2406 69

5 2395 107 2504 {aearum
121 2426 380 2487 vehementissime
398 2426 596 2504 adstringunt,
611 2435 750 2504 purgant,
767 2425 879 2484 sistunt.
909 2425 1008 2501 itaque

6 2563 7 2570 ,
32 2509 228 2569 conmanducata
240 2511 366 2587 inposita
379 2509 524 2570 ulceribus
539 2510 689 2570 medentur
701 2519 731 2569 et
742 2509 844 2585 capitis
857 2506 1007 2565 doloribus

32 2585 95 2648 inlita
111 2609 172 2652 curn
187 2593 276 2670 oleo,
300 2594 451 2654 decoctum
464 2611 565 2653 eorum
581 2611 645 2652 cum
657 2593 746 2652 melle
764 2593 800 2650 iis
817 2607 889 2667 quae
904 2588 1007 2647 medici

34 2675 145 2751 usserint,
156 2679 339 2754 gingivarum
350 2676 619 2752 inflammationibus
631 2685 662 2736 et
672 2672 856 2754 paronychiis
869 2671 1008 2731 sordidis·

7 2823 8 2830 ἵ
34 2766 74 2825 tue
91 2757 234 2820 ulceribus
258 2769 289 2820 ct
311 2760 557 2839 putrescentibus.
587 2778 650 2820 curn
670 2758 757 2818 melle
778 2756 925 2832 sanguinis
940 2771 1007 2831 pro·
1085 2785 1094 2804 ·

7 2831 126 2908 ¹iniurium
141 2862 157 2902 e
174 2845 309 2904 nervosis
326 2844 456 2922 partibus
472 2843 598 2904 cohibet.
629 2860 713 2901 sucus
730 2857 831 2900 eorum
848 2838 1003 2897 carbuncu-
1015 2846 1050 2901 to

7 2913 8 2932 ¹
35 2913 134 2984 lantibus
154 2928 232 2988 circa
255 2927 357 2988 oculos
378 2927 526 2987 ulceribus
543 2935 574 2986 et
591 2925 702 3004 pusulis
719 2922 941 3002 procidentique
956 2939 1007 2999 pu-

8 3047 10 3050 ·
35 2999 99 3072 ltlne
118 3009 236 3086 eiicax,
258 3019 438 3089 quapropter
460 3013 488 3068 in
510 3009 631 3086 collyria
651 3008 771 3068 additur.
802 3014 910 3065 namet
926 3014 1007 3066 vete·

9 3089 10 3094 ’
36 3098 70 3142 res
87 3086 292 3154 lacrimationes
315 3102 397 3152 sanat
419 3102 449 3153 et
472 3111 609 3170 genarum
632 3094 795 3153 erosiones.
837 3089 1007 3167 exprimitur

36 3175 108 3257 autem
125 3193 207 3236 sucus
224 3179 315 3238 tunsis
331 3176 431 3236 adiuso
448 3179 516 3236 vino
531 3186 562 3237 et
577 3195 650 3255 aqua
665 3175 804 3250 caelesti,
824 3175 1006 3248 siccatusque

17 3260 57 3305 cin
73 3257 190 3327 pastillos
212 3261 363 3338 digeritur.
394 3261 471 3320 sistit
486 3278 601 3320 menses
622 3263 652 3320 in
668 3260 731 3319 lana
746 3258 875 3318 admotus
889 3255 1006 3330 volvae,

39 3332 95 3394 utilis
110 3349 138 3398 et
153 3346 232 3406 sanie
245 3343 440 3419 manantibus,
455 3345 525 3404 item
542 3344 768 3420 condylomatis,
785 3338 900 3419 ignibus
915 3339 1005 3399 sacris

41 3427 144 3498 tiaeque
157 3437 275 3506 serpunt
289 3428 402 3503 ulcera,
420 3428 585 3505 epinyctidi.

84 3503 155 3585 (35.)
189 3509 316 3574 Eosdem
344 3511 464 3572 effectus
487 3520 517 3572 et
546 3510 600 3572 dos
634 3529 731 3572 aarum
759 3509 855 3572 habet.
883 3514 1002 3566 uruntur
1013 3518 1045 3576 71
