2396 3900
136 240 177 304 86
495 249 801 298 c.ru1nrsraourro1

137 406 227 466 tribus
250 407 286 467 de
310 408 420 466 causis:
450 423 505 466 una
533 406 561 465 vi
584 405 797 484 tempestatium
819 401 998 482 germinibus
1022 401 1160 478 ablatis,

136 491 244 567 altera,
272 501 302 551 ut
315 492 423 552 notavit
444 489 679 568 Theophrastus,
703 491 731 549 in
753 491 884 566 supinum
904 487 1032 563 excisis,
1059 489 1161 547 tertia

137 576 265 636 culturae
280 575 414 653 inperitia
435 575 532 634 laesis.
566 573 673 634 Omnes
696 591 794 635 earum
814 573 933 633 iniuriae
959 572 988 630 iu
1008 570 1160 632 articulis

137 661 304 720 sentiuntur.
335 658 518 720 siderationis
533 677 625 736 genus
647 668 691 718 est
706 659 733 717 in
749 657 792 717 his
809 655 1083 718 deflorescentibus
1102 673 1159 717 ro·

136 745 221 822 ratio,
237 753 285 804 aut
297 762 361 806 oum
373 743 447 804 acini
460 745 626 822 priusquam
638 751 772 803 crescant
782 741 962 803 decocuntur
977 741 1006 799 in
1022 739 1159 801 callum.
1174 755 1188 795 a

136 837 290 905 aegrotant
306 837 335 889 et
351 846 415 889 curn
431 828 538 904 uisere,
549 829 637 888 laesis
652 827 772 888 uredine
784 836 961 887 attonsarum
975 824 1091 886 oculis.
1128 833 1163 886 et

138 913 237 973 calore
253 913 310 974 hoc
325 915 422 973 evenit
440 913 660 991 intempestivo,
685 912 818 991 qnoniam
844 911 939 971 omnia
958 909 1049 970 modo
1076 927 1160 971 cou-

94 1003 146 1060 tii
158 1005 234 1056 stant
253 1007 394 1076 certoque
414 1005 653 1076 temperamento.
684 995 769 1056 Fiunt
790 1005 819 1056 et
839 995 924 1074 culpa
946 995 1016 1054 vitia
1040 994 1160 1054 colen·

95 1102 130 1136 sno
143 1082 227 1156 tium,
250 1100 313 1142 oum
330 1083 595 1160 praestringuntur,
614 1090 643 1140 ut
658 1080 765 1141 dictum
781 1089 843 1156 est,
866 1089 914 1140 aut
930 1078 1161 1139 circumfossor

139 1165 275 1225 iniurioso
294 1167 353 1225 ictu
368 1165 544 1241 verberavit,
556 1165 603 1224 vel
619 1165 704 1225 etiam
719 1163 872 1224 subarator
886 1163 1048 1241 inprudens
1064 1162 1158 1223 luxa-
1169 1176 1197 1218 tt

137 1250 178 1308 vit
194 1250 307 1308 radices
325 1267 470 1328 corpusve
488 1249 695 1329 desquamavit.
732 1257 776 1308 est
798 1258 827 1308 ct
844 1247 986 1327 quaedam
1005 1249 1158 1308 contusio

138 1332 222 1393 lalcis
241 1332 412 1394 hebetioris.
448 1333 551 1412 quibus
572 1332 702 1394 omnibus
724 1333 820 1393 causis
845 1331 992 1393 difficilius
1014 1329 1158 1393 tolerant

138 1417 248 1495 frigora
265 1427 312 1478 aut
327 1427 437 1495 aestus,
453 1418 586 1496 quoniam
601 1419 629 1478 iu
643 1418 726 1477 ulons
742 1425 878 1496 penetrat
896 1416 999 1476 iniuria
1015 1417 1120 1475 omnis
1139 1435 1157 1476 a

139 1501 219 1561 loris.
251 1501 441 1562 inlirmissima
464 1520 536 1562 vero
558 1502 650 1564 malus
666 1518 857 1581 maxumeque
880 1516 955 1579 quae
973 1500 1072 1560 dulcis
1090 1509 1155 1561 est.

96 1592 148 1650 tae
160 1585 335 1660 Quibusdam
354 1585 488 1648 debilitas
503 1586 702 1662 sterilitatem,
723 1602 781 1644 non
801 1603 905 1645 necem
927 1584 1045 1662 adfert,
1067 1593 1103 1644 nt
1128 1584 1156 1645 si
1169 1599 1194 1640 tr

139 1671 203 1749 quis
216 1672 284 1749 pino
299 1689 436 1732 cacumen
449 1671 559 1731 aulerat
569 1671 617 1730 vel
633 1670 755 1750 palmae.
782 1669 970 1730 sterilescunt
984 1669 1076 1746 euim,
1091 1687 1157 1729 nec

139 1756 305 1815 moriuntur.
343 1755 505 1832 Aegrotant
525 1755 679 1834 aliquando
702 1762 732 1812 et
752 1771 837 1833 poma
859 1754 923 1833 ipsa
945 1771 1001 1832 per
1022 1771 1058 1814 se
1083 1755 1156 1813 siue

139 1838 256 1914 arbore,
273 1840 297 1898 si
313 1839 488 1899 necessariis
504 1839 683 1916 temporibus
698 1837 807 1898 imbres
822 1847 870 1898 aut
884 1846 1007 1916 tepores
1025 1838 1077 1899 vel
1096 1837 1155 1899 ud-

139 1921 223 1982 tlatus
247 1922 368 1983 deluere
391 1931 438 1983 aut
463 1932 563 1984 eontra
590 1922 786 1984 abundavere.
829 1921 966 1983 decidunt
993 1923 1071 1982 euim
1100 1930 1155 1982 aut

139 2005 380 2066 deterioraiiunt.
415 2024 578 2085 pessumum
594 2016 640 2066 est
655 2009 730 2067 inter
744 2007 848 2082 omnia,
863 2023 926 2066 curn
939 2007 1153 2068 deflorescen-
1167 2020 1192 2062 tt

140 2098 197 2148 tem
216 2091 303 2148 vitem
319 2100 347 2149 et
364 2089 457 2151 oleam
483 2091 627 2169 percussit
649 2091 757 2167 imber,
780 2092 913 2169 quoniam
934 2090 1020 2151 simul
1044 2090 1156 2152 defluit

96 2181 148 2235 tte
160 2172 280 2232 lructus.
304 2173 345 2252 [t]
360 2174 431 2233 Sunt
443 2192 480 2233 er
492 2175 593 2234 eadem
610 2193 697 2235 eausa
711 2183 865 2235 nascentes
874 2183 903 2234 et
914 2193 1037 2251 urucae,
1052 2176 1156 2236 dirum

139 2255 252 2330 animal,
270 2257 448 2338 eroduntque
464 2258 611 2334 frondem,
628 2258 703 2319 aliae
718 2259 834 2335 horem,
851 2259 993 2319 olivarnm
1011 2256 1154 2340 quoque,

140 2349 170 2400 ut
186 2342 213 2399 in
228 2338 340 2416 blileto,
356 2361 390 2402 ao
407 2343 556 2420 depastam
571 2343 705 2403 arborem
719 2345 796 2422 turpi
811 2343 886 2403 facie
902 2343 1059 2404 relincunt.
1097 2361 1154 2404 na·

139 2427 229 2485 suitur
243 2426 300 2484 hoc
315 2427 419 2486 malum
434 2435 538 2506 tepore
553 2428 649 2488 umido
663 2437 692 2487 et
708 2429 798 2488 lento.
830 2428 861 2487 ur
873 2426 950 2488 aliud
967 2445 1007 2487 ex
1023 2428 1154 2505 eodem,
1165 2444 1191 2485 as

139 2511 164 2569 si
179 2509 224 2569 sol
245 2511 341 2570 aerior
355 2512 501 2571 insecutus
523 2512 624 2570 inussit
645 2513 737 2590 ipsum
752 2513 847 2572 vitium
868 2513 997 2591 ideoque
1011 2515 1156 2574 mutavit.

139 2591 192 2654 Est
218 2595 381 2669 etiamnum,
398 2594 546 2671 peculiare
571 2595 655 2654 olivis
688 2605 717 2655 et
736 2595 841 2656 vitibus
862 2631 905 2642 -
925 2614 1067 2657 araneum
1096 2615 1155 2658 vo·

141 2687 271 2752 eant-,
297 2697 360 2737 cum
389 2679 476 2740 veluti
503 2678 580 2738 telae
607 2680 755 2740 involvunt
779 2679 903 2740 hactum
927 2690 956 2740 et
977 2680 1154 2742 absumunt.

95 2771 150 2825 230
163 2759 294 2820 Adurunt
312 2770 342 2820 et
357 2761 440 2822 tlatus
457 2762 571 2842 quidam
589 2781 639 2824 eas
654 2781 796 2839 maxume,
812 2764 865 2824 sed
881 2773 911 2824 et
926 2764 1003 2825 alios
1018 2765 1154 2826 fructus.

140 2864 203 2906 nam
217 2845 483 2907 vermiculationem
505 2857 535 2908 et
554 2865 638 2926 poma
663 2850 796 2927 ipseper
817 2867 849 2908 se
870 2847 1047 2927 quibusdam
1063 2853 1189 2911 aunisso

139 2928 263 2990 sentiunt
278 2929 362 3006 mala,
381 2934 453 3010 pira,
468 2933 601 3011 mespila,
618 2933 732 3010 punica.
757 2934 785 2992 in
796 2932 874 2993 oliva
887 2934 1007 3011 ancipiti
1024 2945 1154 3011 eventu,
1170 2949 1178 2954 ·

140 3013 254 3094 qnando
271 3013 324 3073 snb
341 3017 479 3077 catenati
495 3016 618 3076 fructum
634 3016 767 3096 adimunt,
785 3026 902 3093 augent,
918 3017 943 3075 si
963 3015 1080 3096 inipso
1099 3039 1154 3080 nu·

140 3099 206 3160 cleo
221 3098 304 3158 luere
322 3099 477 3160 erodentes
496 3118 569 3160 euru.
593 3097 752 3177 Gigniillos
769 3101 922 3178 prohibent
935 3101 1057 3179 pluviae
1070 3121 1154 3182 quae

140 3185 208 3244 liunt
224 3191 290 3261 post
304 3193 457 3244 arcturum.
486 3183 606 3245 eaedem
625 3185 650 3243 si
671 3186 816 3244 austrinae
838 3185 936 3261 luere,
953 3198 1107 3262 generant
1125 3191 1154 3247 in

140 3267 259 3347 druppis
278 3284 404 3346 quoque,
420 3286 495 3348 quae
509 3276 737 3328 maturescentes
752 3278 810 3329 tum
825 3278 890 3328 sunt
910 3271 1079 3349 praecipue
1101 3292 1152 3333 ca·
1162 3288 1186 3329 aa

96 3362 149 3416 231
161 3351 263 3412 ducae.
295 3352 323 3411 id
337 3353 531 3430 riguismagis
551 3352 662 3428 evenit,
683 3353 793 3412 etiamsi
809 3371 866 3414 non
881 3352 1040 3432 cecidere,
1063 3355 1152 3416 fasti·

139 3436 261 3496 diendis.
292 3437 362 3496 Sunt
384 3445 414 3496 et
434 3436 555 3496 culicum
573 3451 682 3513 genera
699 3436 802 3515 aliquis
820 3437 960 3512 molesta,
978 3447 1011 3497 ut
1028 3440 1151 3518 glandi·

139 3518 210 3595 bus,
233 3518 305 3596 hoo,
326 3522 374 3600 qui
395 3520 527 3580 videntur
548 3538 585 3580 ex
605 3537 704 3580 umore
722 3522 819 3596 nasci,
844 3529 901 3581 tum
923 3520 1004 3583 dulci
1020 3523 1150 3586 subdito
