2508 3924
372 246 450 294 nnn.
466 247 554 294 mrsu.
570 246 665 292 xxrx.
681 245 709 296 1.
721 239 835 310 (s-o.)
1020 234 1081 296 209

100 399 630 478 iissitetiaciledisperdant.
659 401 1083 478 nosquoquedictitant

99 483 283 544 barbaros
300 490 336 541 et
355 485 720 560 spurciusnosquam
743 485 841 543 alios
864 487 999 562 opicos
1019 503 1080 564 ap-

99 565 490 646 pellationefcedant.
520 567 1019 627 interdixitibidemedicis.

167 651 229 728 (8.)
252 649 347 726 Atque
379 649 426 708 hic
455 647 525 710 Cato
546 648 634 708 DCV.
657 667 730 708 anno
759 651 837 710 urbis
857 661 971 710 nostrae
997 651 1078 730 obiit,
1092 663 1124 716 15

74 733 247 794 sLXXXV.
263 750 331 808 suo,
346 750 383 790 ne
402 733 465 809 quis
481 732 524 791 illi
538 733 662 791 defuisse
680 733 794 811 publice
813 745 942 814 tempora
964 744 1010 795 aut
1027 738 1082 814 pri-

99 819 191 877 vatim
217 817 291 874 vitae
316 816 407 893 spatia
427 815 461 874 ad
483 817 686 892 experiendum
709 816 869 878 arbitretur.
902 818 967 896 quid
991 817 1083 893 ergo?

1 917 2 978 ξ
98 902 260 962 damnatam
280 898 315 958 ab
335 916 370 958 eo
392 917 451 958 rem
472 900 647 958 utilissimam
668 901 829 961 credimus‘.l
856 905 993 976 minume,
1012 902 1083 960 Her-

1 989 2 992 ’
100 983 194 1044 cules.
225 981 327 1042 subicit
355 983 428 1042 enim
450 1000 505 1060 qua
532 983 670 1042 medicina
703 1003 735 1042 se
761 994 790 1043 et
816 989 967 1060 coniugem
993 1003 1083 1064 usque

1 1069 2 1110 ἓ
101 1069 140 1127 ad
154 1066 268 1142 longam
288 1075 433 1125 senectam
449 1066 630 1144 perduxerit,
653 1068 687 1126 iis
707 1070 778 1145 ipsis
795 1069 906 1128 scilicet
922 1085 995 1145 quae
1009 1087 1083 1128 nunc

64 1159 201 1210 munstre
223 1152 357 1226 citamus,
384 1151 590 1227 profiteturque
614 1169 680 1209 esse
702 1147 931 1210 commentarium
951 1151 1005 1210 sibi
1027 1170 1083 1229 quo

104 1232 250 1292 medeatur
271 1234 347 1309 tilio,
375 1235 467 1292 servis
475 1233 706 1308 ,familiaribus,
733 1253 817 1312 quem
836 1252 889 1294 nos
908 1252 961 1312 per
975 1252 1084 1310 genera

105 1335 173 1376 usus
191 1317 232 1376 sui
249 1317 411 1392 digerimus.
439 1316 505 1376 Non
519 1335 579 1376 rem
596 1318 702 1394 antiqui
716 1317 899 1393 damnabant,
915 1317 966 1376 sed
982 1327 1080 1394 artem,
1094 1329 1126 1382 lt

101 1418 234 1460 maxume
256 1417 327 1458 vero
354 1409 501 1486 quaestum
521 1418 587 1458 esse
615 1401 784 1477 manipretio
804 1402 879 1462 vitae
903 1401 1084 1464 recusabant.

1 1479 2 1508 ³
101 1483 169 1544 rdeo
187 1483 320 1560 templum
335 1473 502 1560 Aesculapi,
519 1485 603 1542 ettam
621 1502 682 1542 cum
697 1486 901 1561 recuperetur
893 1503 916 1542 us
931 1484 1017 1560 deus
1035 1503 1084 1544 ex·

66 1585 92 1623 15
101 1578 149 1626 tre
163 1567 261 1626 urbem
276 1565 402 1647 fecisse
394 1575 551 1644 uterumque
564 1567 591 1624 in
605 1566 695 1624 insula
708 1567 863 1643 traduntur,
884 1577 986 1626 etcum
999 1531 1084 1628 (lrae

101 1669 154 1711 cos
172 1649 253 1709 ltalia
268 1649 410 1727 pellerent
428 1649 473 1708 diu
490 1652 572 1708 etiam
584 1659 650 1727 post
665 1649 982 1728 Catonem-excepisse
997 1651 1084 1710 medi·

21 1733 24 1738 ’
67 1752 165 1794 cos.
195 1732 667 1811 augeboprovidentiamillorum.
690 1733 866 1792 sclamhanc
884 1736 983 1792 artium
996 1733 1081 1794 Grae·
1094 1747 1126 1802 17

7 1865 11 1872 .
101 1835 199 1878 cerum
218 1815 339 1875 nondum
355 1824 473 1875 exercet
483 1817 609 1876 Romana
625 1818 772 1914 gpavitas'
765 1836 792 1874 m
807 1825 884 1876 tanto
900 1816 1002 1893 fructu,
1019 1818 1084 1892 Qui·

101 1902 197 1960 sitium
224 1891 385 1977 paucissimi
407 1902 527 1976 attigere
549 1909 577 1958 et
597 1901 652 1977 ipsi
672 1901 765 1958 statim
791 1899 825 1959 ad
847 1899 973 1959 Graecos
996 1911 1085 1960 trans

1 2057 2 2064 ἵ
66 1984 224 2060 noiogaes
216 2001 299 2042 ummo
317 2000 385 2042 vero
402 1985 554 2043 auctoritas
567 1983 650 2042 aliter
667 2001 748 2080 quam
762 1983 871 2044 Graece
890 2002 951 2042 eam
964 1993 1085 2043 tractan-

1 2141 2 2147 .
102 2067 179 2125 tibus
202 2069 284 2124 etiam
306 2066 379 2143 apud
400 2069 539 2144 inperitos
561 2067 746 2145 expertisque
761 2067 888 2164 linguae·
890 2084 946 2125 non
966 2076 1026 2144 est,
1051 2085 1087 2126 ac

101 2151 194 2207 minus
207 2149 324 2208 credunt
339 2167 412 2226 quae
428 2149 590 2210 adsalutem
603 2165 681 2210 suam
696 2153 848 2228 pertin,ent
866 2152 888 2208 si
906 2151 1085 2236 intellegunt

103 2234 211 2309 itaque,
226 2232 400 2308 Hercules,'
393 2252 421 2291 rn
436 2233 489 2292 hac
501 2236 600 2294 artium
616 2234 679 2293 sola
691 2235 786 2293 evenit
800 2243 829 2292 ut
845 2236 1011 2312 cuicumque
1027 2253 1084 2292 me·

105 2315 198 2376 dicum
209 2334 241 2374 se
254 2315 387 2394 professo
404 2318 495 2376 statim
511 2316 652 2389 credatur,
667 2335 729 2375 cum
744 2319 780 2376 sit
795 2317 974 2396 periculum
968 2336 994 2375 m
1006 2318 1084 2376 nullo

1 2453 3 2473 ,
66 2417 96 2456 as
107 2398 254 2460 mendacio
271 2401 368 2458 maius.
401 2417 458 2458 nou
475 2410 568 2459 tamen
584 2400 674 2458 illud
667 2410 819 2474 intuemur,
836 2400 909 2459 adeo
921 2400 1024 2460 blanda
1040 2409 1083 2460 est
1096 2411 1128 2464 18

104 2482 240 2560 sperandi
261 2501 313 2560 pro
338 2502 371 2540 se
393 2484 493 2560 cuique
514 2482 648 2542 dulcedo.
676 2483 753 2542 nulla
775 2492 927 2562 praeterea
947 2483 996 2542 lex
1013 2501 1085 2559 quae

105 2567 202 2645 puniat
218 2567 357 2624 inscitiam
374 2585 451 2640 eam,
477 2565 602 2644 capitale
624 2565 729 2624 nullum
751 2566 913 2644 exemplum
934 2567 1085 2625 vindictae.

104 2649 216 2708 discunt
236 2650 372 2726 periculis
392 2650 497 2710 nostris
522 2659 550 2708 et
572 2649 767 2725 experimenta
789 2667 851 2726 per·
868 2651 966 2708 mortis
987 2658 1085 2724 agunt,

1 2723 3 2764 t
103 2732 275 2810 medicoque
291 2742 394 2792 tantum
417 2733 559 2791 homiuem
579 2731 721 2790 occidisse
743 2733 883 2808 inpunitas
904 2750 1010 2790 summa
1032 2741 1085 2791 est.

69 2825 95 2866 ³⁰
107 2816 174 2894 quin
189 2817 272 2874 immo
290 2819 390 2874 transit
407 2817 557 2875 convitium
574 2824 601 2874 et
615 2816 830 2892 intemperantia
852 2814 980 2892 culpatur
999 2816 1086 2874 ultro-

1 2903 2 2906 ’
104 2917 161 2976 que
179 2899 225 2976 qui
241 2902 355 2976 periere
373 2909 535 2975 arguuntur.
566 2898 617 2957 sed
636 2897 769 2957 decuriae
788 2915 840 2976 pro
862 2916 941 2957 more
960 2901 1086 2958 censuris

104 2984 265 3061 principum
278 2985 480 3056 examinantur,
501 2982 643 3060 inquisitio
659 3001 710 3060 per
724 2983 849 3058 parietes
863 2983 970 3059 agitur,
993 2991 1021 3042 et
1039 2985 1087 3060 qui

104 3066 142 3125 de
157 3085 268 3128 nummo
285 3066 390 3124 iudicet
415 3084 430 3123 a
448 3065 571 3125 Gadibus
591 3065 785 3141 columnisque
810 3063 941 3124 Herculis
963 3068 1085 3124 arcessi·

104 3159 161 3224 tur,
182 3149 217 3210 de
233 3149 335 3210 exsilio
354 3165 424 3208 vero
441 3167 497 3207 non
512 3151 566 3208 nisi
580 3148 656 3208 XLV
670 3148 771 3208 electis
788 3150 856 3207 viris
870 3148 951 3207 datur
970 3148 1086 3208 tabella.

68 3242 135 3292 aaut
153 3233 188 3292 de
210 3233 303 3292 iudice
330 3235 392 3310 ipso
412 3233 511 3309 quales
534 3234 561 3291 in
578 3233 726 3292 consilium
747 3241 812 3290 eunt
834 3235 927 3290 statim
943 3231 1083 3291 occisuri!
1096 3243 1130 3296 19

103 3318 219 3390 merito,
236 3317 299 3375 dum
315 3317 417 3374 nemini
433 3315 559 3374 nostium
574 3315 644 3374 libet
658 3317 733 3373 scire
752 3314 817 3392 quid
834 3315 916 3372 saluti
930 3333 998 3373 suae
1013 3331 1086 3392 opus

105 3402 153 3460 sit.
189 3401 289 3458 alienis
311 3398 430 3475 pedibus
452 3397 639 3472 ambulamus,
666 3397 765 3456 alienis
784 3397 875 3480 oculis
894 3399 1085 3475 agnoscimus,

16 3531 21 3536 .
104 3483 198 3543 aliena
214 3482 349 3549 memoria
371 3481 539 3557 salutamus,
562 3481 656 3540 aliena
671 3489 701 3539 et
720 3481 838 3539 vivimus
858 3499 963 3560 opera,
991 3481 1072 3562 perit²

155 3569 456 3627 rcrn.unn.n1sr.lV.
833 3596 838 3600 ¹
892 3565 930 3628 14
