2370 3922
141 242 182 302 ot
484 253 625 302 111111
642 253 791 304 suconnr

141 409 225 468 niceo
241 408 342 468 colore
365 410 393 466 11
410 425 445 468 11
457 407 645 484 Ι1111111111111
662 416 807 468 vocantur.
838 407 893 468 bae
907 409 1009 468 crudae
1024 427 1079 487 per
1093 428 1126 469 ne

139 501 170 551 et
187 491 284 550 aridae
300 491 439 551 decoctae
460 492 489 550 in
513 493 581 549 vino
598 490 692 550 alvom
714 493 798 550 citam
818 508 852 550 ac
880 493 999 551 tormina
1019 509 1127 570 eonpe

140 583 231 634 scunt.
264 573 460 649 Pyrncantbae
478 573 567 634 bacae
583 582 684 633 contra
699 577 878 652 serpentium
893 577 967 633 ictus
983 575 1127 636 bibuntur.

98 670 149 722 11⁵
209 658 291 734 (71.)
320 656 450 716 Paliurus
472 675 588 734 quoque
616 658 715 734 spinae
740 675 832 733 genus
860 666 915 717 est.
953 677 1050 718 semen
1064 660 1129 718 eius

141 739 205 799 Afri
218 757 314 800 ruram
334 749 461 815 vocant,
482 748 583 800 contra
606 743 778 817 scorpiones
800 741 1039 816 efficacissimum,
1058 744 1151 800 items

140 823 295 882 calculosis
323 831 353 882 et
380 825 461 884 tussi.
493 823 566 883 folia
589 823 800 882 adstrictoriam
826 826 884 882 vim
907 823 1023 883 babent.
1049 824 1131 884 radix

140 907 256 966 discutit
273 923 376 983 panos,
390 906 593 982 collectiones,
610 908 746 982 vomicas,
760 909 857 966 urinas
874 907 1052 984 1111111111.
1082 907 1130 967 de·

140 997 253 1050 coctum
271 991 334 1048 eius
363 992 391 1049 iu
412 991 480 1049 vino
502 988 596 1048 alvom
621 990 714 1064 sistit,
741 990 927 1067 serpentibus
953 991 1129 1050 adversatur.

140 1073 222 1132 radin
235 1074 393 1149 praecipue
407 1072 489 1132 datur
503 1075 532 1130 in
549 1075 626 1131 vino.

101 1167 153 1220 116
213 1154 295 1233 (tn.)
321 1155 466 1230 Agrilolia
480 1163 620 1214 contunsa
637 1155 733 1216 addito
749 1155 810 1214 sale
821 1155 1010 1216 articulorum
1025 1156 1130 1216 morbis
1139 1177 1157 1218 u

140 1247 273 1317 prosunt,
290 1237 378 1297 bacae
394 1238 556 1315 purgationi
568 1239 745 1314 feminarum,
760 1238 915 1314 coeliacis,
936 1238 1132 1314 dysintericis,

141 1321 304 1381 cholericis.
339 1323 368 1380 iu
381 1323 449 1381 vino
464 1330 551 1399 potae
567 1323 671 1380 sistunt
688 1320 790 1380 alvom.
816 1321 898 1381 radin
911 1321 1079 1382 decoctaet
1093 1325 1130 1381 in·

141 1405 192 1464 lita
214 1403 340 1464 extrahit
361 1405 448 1464 infixa
468 1406 603 1482 corpori,
623 1403 774 1464 utilissima
793 1413 823 1464 et
839 1404 945 1464 luxatis
962 1407 1132 1466 tumoribus·
1176 1439 1177 1458 r

141 1506 206 1566 que.
238 1485 387 1564 Aquiiolia
399 1488 488 1548 arbor
505 1489 535 1546 in
551 1487 637 1546 domo
657 1496 705 1546 aut
717 1487 786 1546 villa
803 1495 865 1546 sata
880 1489 1025 1548 veneficia
1046 1497 1128 1548 arcet.
1176 1491 1177 1524 ³

141 1571 214 1631 dore
233 1573 296 1630 eins
311 1587 411 1647 aquam
420 1571 538 1646 glaciari
554 1569 733 1646 Pythagoras
746 1570 831 1630 tradit
839 1612 850 1646 ‚
864 1572 935 1629 item
949 1571 1081 1631 baculum
1094 1587 1158 1632 exo

42 1702 47 1713 .
141 1673 176 1714 eu
193 1655 297 1714 iactum
313 1656 342 1712 11
356 1654 478 1731 quodvis
496 1653 598 1713 animal
612 1655 757 1728 emissum,
776 1655 888 1712 etiamsi
907 1656 983 1714 citra
996 1655 1130 1714 ceciderit
1176 1679 1177 1686 ¹

140 1737 256 1798 deiectu
267 1739 418 1813 mittentis,
439 1739 531 1814 ipsum
547 1753 647 1814 perse
666 1737 799 1796 recubitu
813 1738 936 1814 propius
953 1738 1063 1813 adlabi,
1079 1747 1130 1795 tam
1176 1753 1177 1764 ³

140 1822 325 1899 praecipuam
345 1831 473 1880 naturam
489 1822 587 1879 inesse
611 1819 718 1881 arbori.
751 1818 822 1878 taxi
844 1819 960 1879 arboris
975 1821 1069 1882 iumus
1085 1838 1130 1878 ne·
1176 1823 1177 1880 ζ

140 1912 185 1964 cat
199 1905 295 1962 muris.

99 1997 148 2051 117
213 1987 294 2063 (73.)
322 1984 385 2044 Ν11
398 1986 489 2045 rubos
505 1986 540 2045 ad
555 1985 693 2046 maleficia
711 1994 818 2045 tantum
833 1987 937 2063 genuit
954 1994 1073 2060 natura,
1093 1984 1155 2044 idn

141 2086 237 2145 eoque
253 2076 284 2126 et
297 2085 377 2128 mora
394 2067 456 2143 bis,
473 2067 530 2128 lroc
543 2077 590 2128 est
606 2069 652 2130 vel
670 2068 831 2128 bominibus
846 2069 942 2145 cibos,
957 2068 1048 2128 dedit.
1080 2070 1129 2126 vim
1174 2051 1176 2116 1

140 2151 247 2210 babent
264 2151 400 2224 siccandi,
416 2151 624 2229 adstringendi,
639 2153 776 2228 gingivis,
798 2152 936 2226 tonsillis,
957 2151 1128 2228 genitalibus

141 2234 436 2294 adcommodatissimi.
469 2234 657 2296 adversantur
681 2237 858 2312 serpentium
885 2234 1127 2307 sceleratissimis,

141 2315 354 2378 haemorrhoidi
379 2325 410 2376 et
427 2320 572 2394 prestari,
590 2317 644 2377 llos
665 2327 712 2378 aut
731 2335 810 2378 mora
830 2318 1054 2396 scorpionibus,
1075 2316 1127 2376 vel·

141 2419 212 2461 nera
233 2402 296 2479 sine
311 2399 515 2460 collectionum
531 2401 661 2478 periculo
679 2404 816 2476 iungunt,
837 2403 934 2460 urinas
952 2418 1151 2482 scrumosus

100 2484 304 2549 11811111111.
328 2501 429 2564 eorum
440 2486 534 2544 teneri
550 2484 703 2544 tunduntur
715 2485 943 2561 exprimiturque
956 2501 1054 2559 sucus,
1067 2498 1126 2542 mox

142 2566 207 2628 sole
225 2569 340 2644 cogitur
355 2568 384 2625 in
400 2567 618 2626 crassitudinem
631 2567 744 2643 mellis,
761 2566 899 2642 singulari
919 2567 1052 2626 remedio
1067 2583 1125 2625 con·

142 2661 186 2710 tra
203 2649 276 2708 mila
299 2651 358 2709 oris
377 2649 593 2727 oculorumque,
609 2652 777 2726 sanguinem
793 2653 986 2727 exscreantis,
1003 2651 1124 2726 anginas,

141 2733 261 2808 volvas,
283 2733 382 2809 sedes,
404 2731 549 2792 coeliacos
570 2731 751 2809 intellegitur
766 2741 852 2810 potus
867 2740 916 2791 aut
932 2732 1043 2793 inlitus.
1073 2733 1124 2790 1111

142 2813 256 2892 quidem
271 2816 349 2874 vitiis
360 2818 447 2876 etiarn
461 2815 531 2874 lolia
545 2815 766 2875 conmanducata
782 2822 916 2894 prosunt,
941 2823 971 2874 et
987 2815 1148 2874 1111111111

141 2896 319 2956 manantibus
333 2906 382 2956 aut
403 2899 626 2974 quibuscumque
648 2900 678 2956 in
697 2901 792 2976 capite
808 2889 974 2958 inlinuntur.
993 2897 1123 2956 cardiacis

141 2978 191 3039 vel
202 2979 245 3036 sic
255 2995 310 3054 per
327 2997 359 3037 se
373 2982 546 3056 inponuntur
562 2999 577 3040 a
591 2998 707 3040 mamma
719 2983 846 3056 sinistra,
862 2981 1087 3040 itemstomacbo
1098 2981 1122 3036 in
1174 3013 1175 3020 κ

101 3059 312 3128 119111111111
329 3061 478 3139 oculisque
491 3064 717 3141 procidentibus.
745 3063 901 3123 instillatur
923 3082 1010 3122 sucus
1032 3078 1122 3123 eorum

145 3154 175 3206 et
190 3143 314 3204 auribus.
338 3152 418 3201 sanat
433 3147 635 3222 condylomata
653 3163 715 3204 cnm
736 3164 860 3206 rosaceo
881 3155 993 3206 cerato.
1010 3145 1120 3206 caulicu-

143 3229 237 3288 lorum
252 3242 290 3286 ex
306 3225 374 3282 vine
390 3224 539 3288 decoctum
555 3245 628 3288 uuae
642 3237 885 3304 praesentaneum
902 3229 1059 3290 remedium
1070 3235 1143 3286 estu
1174 3273 1175 3288 2

143 3312 230 3372 iidem
246 3325 300 3387 per
314 3324 347 3366 se
363 3308 393 3364 in
408 3308 474 3369 cibo
492 3313 595 3388 sumpti
613 3329 711 3386 cymae
725 3311 812 3371 modo
824 3321 874 3372 aut
884 3313 1001 3372 decocti
1021 3315 1049 3370 in
1061 3312 1118 3369 rino

144 3401 263 3451 austero
281 3388 403 3447 labantis
419 3389 512 3449 dentis
535 3394 653 3453 11111111.
685 3393 780 3453 alvom
806 3395 912 3455 sistunt
934 3404 964 3454 et
988 3393 1116 3473 profluvia

144 3474 308 3550 sanguinis,
324 3468 508 3543 dysintericis
522 3484 651 3550 prosunt.
674 3477 818 3536 siccantur
832 3478 861 3536 in
877 3479 995 3554 umbra,
1010 3487 1040 3537 ut
1055 3477 1115 3535 cinis
