2504 3930
158 243 220 306 298
507 253 814 304 eanrmsscnunr

158 410 256 484 corio,
275 409 339 468 lieri
354 408 451 468 dicunt
466 407 701 488 ichthyocollam,
718 419 747 470 ut
764 411 903 486 glutinum
916 411 1066 469 taurinum.
1096 409 1157 470 lan·

156 494 240 554 datur
256 491 392 569 Pontica,
415 492 534 553 candida
556 503 585 553 et
606 513 708 554 carens
729 496 810 554 venis
830 494 1013 572 squamisque
1033 503 1064 553 et
1082 512 1157 572 quae

158 577 310 638 celerrime
326 575 469 655 liquescit.
498 578 666 640 madescere
686 587 779 642 autem
796 578 883 639 debet
898 579 1016 638 concisa
1036 579 1065 637 in
1082 595 1155 655 aqua

77 706 85 722 .
157 670 205 720 aut
222 669 306 720 aceto
331 668 417 720 nocte
434 677 469 720 ac
489 661 550 740 die,
572 680 640 722 mox
659 662 738 723 tundi
754 663 870 722 marinis
889 659 1047 740 lapidibus,
1070 671 1101 721 ut
1116 661 1156 721 ia·

157 745 240 805 cilius
256 745 407 822 liquescat.
436 745 535 805 utilem
555 764 619 806 eam
637 755 666 806 et
682 747 783 822 capitis
798 743 947 806 doloribus
962 745 1113 806 adlirmant
1128 753 1179 804 ets

110 831 273 896 74tetanis.
312 829 412 888 Ranae
442 828 546 890 dexter
572 829 673 890 oculus
702 829 813 906 dextri,
841 830 957 890 sinister
987 829 1064 889 laevi
1095 847 1156 888 sus·

158 913 242 992 pensi
257 930 273 970 e
291 911 369 972 collo
392 913 481 971 nativi
504 913 613 974 coloris
628 930 723 991 panno
737 912 925 992 lippitudines
941 921 1057 988 sanant,
1080 911 1157 990 quod

157 999 182 1056 si
201 1014 256 1074 per
271 997 376 1054 coitum
394 993 479 1056 lunae
496 1005 641 1073 eruantur,
660 996 825 1074 albuginem
839 1014 967 1074 quoque,
984 996 1104 1074 adligati
1120 997 1155 1055 si·

153 1081 258 1140 militer
281 1080 309 1138 in
329 1081 474 1156 putamine
496 1083 553 1142 ovi.
580 1080 711 1159 reliquae
732 1099 833 1141 carnes
854 1082 998 1158 inpositae
1015 1080 1156 1156 suggilla-

153 1167 261 1225 tionem
276 1165 398 1240 rapiunt.
422 1166 520 1223 cancri
538 1165 623 1224 etiam
637 1165 741 1224 oculos
756 1164 930 1241 adalligatos
947 1163 1027 1224 collo
1043 1163 1155 1222 mederi
1166 1180 1191 1222 ro

109 1257 145 1313 75
158 1247 320 1327 lippitudini
340 1246 447 1306 dieunt.
473 1247 527 1307 Est
548 1265 638 1326 parra
660 1267 729 1308 rana
748 1249 777 1307 in
796 1248 991 1308 harundinetis
1011 1256 1040 1306 et
1056 1245 1156 1315 herbis
1201 1245 1204 1255 '

153 1349 286 1392 maxume
297 1332 411 1406 vivens,
428 1339 504 1390 muta
516 1350 551 1391 ac
566 1333 628 1392 sine
643 1349 729 1408 voce,
741 1331 850 1406 viridis,
866 1333 891 1390 si
904 1331 982 1390 iorte
999 1331 1155 1406 hauriatur,

152 1425 270 1476 ventres
292 1412 379 1474 bourn
400 1415 577 1476 distendens.
607 1415 690 1476 huius
713 1416 847 1494 corporis
868 1431 997 1474 umorem
1020 1414 1156 1474 derasum
1241 1439 1242 1442 ¹

153 1499 287 1578 specillis
315 1499 476 1558 'claritatem
506 1499 599 1560 oculis
626 1501 749 1558 inunctis
774 1508 891 1558 narrant
915 1499 1048 1574 adferre,
1074 1500 1156 1576 ipsas

153 1583 248 1644 carnis
265 1581 416 1642 doloribus
433 1582 581 1644 oculorum
595 1590 802 1662 superponunt.
831 1599 916 1642 ranas
930 1583 1017 1642 etiam
1035 1582 1191 1660 quinde·1s

153 1669 209 1727 cim
230 1667 361 1725 coiectas
382 1667 411 1724 in
433 1667 522 1726 fictile
539 1684 645 1730 novom
665 1668 757 1726 iuncis
772 1668 920 1744 conligunt
937 1665 1051 1745 quidam
1068 1683 1155 1725 suco·

154 1768 211 1828 qne
233 1768 329 1809 earum
346 1751 395 1828 qui
415 1751 454 1809 ita
477 1750 623 1812 eiilnxerit
646 1751 804 1812 admiscent
823 1751 890 1809 vitis
906 1749 990 1810 albae
1007 1750 1156 1810 lacrimam

153 1844 239 1912 atque
263 1837 302 1894 ita
329 1832 487 1912 palpebras
508 1835 659 1895 emendant
677 1832 823 1893 inutilibus
844 1834 911 1913 pilis
935 1835 1078 1912 exemptis
1099 1851 1155 1893 acu
1240 1829 1242 1848 “

107 1927 145 1983 76
156 1918 328 1978 instillantes
344 1917 420 1976 bunc
435 1935 534 1978 sucum
550 1919 578 1977 in
597 1919 721 1996 vestigia
739 1920 916 1980 evolsorum.
943 1918 1047 1995 Meges
1062 1917 1154 1996 psilo-

152 2011 225 2062 trum
240 2000 444 2080 palpebrarum
464 2001 592 2062 iaciebat
612 2003 640 2060 iu
659 2011 744 2062 aceto
769 2020 895 2062 enecans
914 2003 1110 2080 putrescentis
1127 2010 1191 2064 etao

152 2085 189 2145 ad
215 2084 273 2144 boc
300 2083 433 2144 utebatur
453 2086 548 2145 multis
575 2086 720 2163 variisque
755 2104 809 2165 per
835 2087 1004 2164 aquationes
1028 2085 1156 2146 autumni

152 2167 347 2227 nascentibusr
382 2167 457 2241 idem
480 2178 629 2246 praestare
657 2171 894 2247 sanguisugarum
916 2171 988 2228 cinis
1008 2188 1047 2229 ex
1068 2177 1155 2229 aceto

150 2252 247 2312 inlitus
260 2259 383 2330 putatur.
409 2250 537 2312 comburi
550 2271 601 2312 eas
613 2262 729 2332 oportet
741 2256 768 2312 iu
780 2270 857 2312 novo
867 2271 948 2312 vase.
965 2254 1041 2313 idem
1054 2251 1156 2327 thynni
1171 2269 1181 2277 ·

152 2338 235 2395 iocur
247 2337 385 2396 siccatum
396 2336 527 2415 pondere
537 2335 565 2397 X
575 2349 613 2396 lv
629 2355 692 2396 cnm
710 2337 777 2398 oleo
794 2337 912 2396 cedrino
927 2337 1075 2415 perunctis
1087 2336 1155 2414 pilis

151 2438 257 2480 novem
271 2419 426 2480 mensibus.
1040 2437 1055 2474 ο
1149 2437 1189 2478 as

107 2511 143 2568 77
219 2503 303 2582 (25.)
327 2503 452 2565 Auribus
473 2505 649 2565 utilissimum
669 2503 764 2564 batiae
788 2505 877 2582 piscis
896 2502 938 2562 iel
955 2521 1078 2580 recens,
1101 2503 1155 2563 sed
1239 2485 1242 2510 ¹

154 2595 183 2646 et
200 2589 389 2648 inveteratum
403 2592 486 2667 vino,
508 2591 575 2648 item
591 2587 709 2663 bacchi,
727 2607 812 2666 quem
831 2587 944 2666 quidam
961 2604 1087 2660 myxona
1102 2605 1155 2646 vo·
1236 2657 1240 2666 ,

154 2680 228 2747 cant,
244 2673 311 2730 item
330 2672 493 2746 callionymi
505 2691 567 2732 cum
577 2689 701 2732 rosaceo
711 2671 838 2734 ,infusum
850 2670 898 2730 vel
911 2679 1075 2731 castoreum
1090 2687 1155 2730 cnm

153 2757 308 2832 papaveris
331 2773 413 2815 suco.
443 2757 558 2816 Vocant
579 2765 607 2815 et
629 2756 744 2816 inmari
763 2754 923 2834 peduculos
940 2771 1051 2832 eosque
1068 2756 1154 2815 tritos
1241 2809 1242 2816 ,

152 2837 284 2897 instillari
300 2856 337 2896 ex
352 2848 437 2899 aceto
454 2839 570 2899 auribus
587 2837 694 2899 iubent.
726 2848 755 2898 et
774 2857 875 2916 perse
896 2846 924 2896 et
940 2837 1097 2912 conchylio
1112 2841 1191 2896 in-ao

151 2920 231 2980 fecta
247 2921 311 2990 lana
327 2939 507 3002 magnopere
525 2923 656 3000 prodest.
685 2923 799 2999 quidam
820 2929 903 2982 aceto
921 2929 950 2980 et
965 2922 1040 2981 nitro
1056 2921 1154 2980 made-

107 3015 146 3071 78
156 3005 271 3064 iaciunt.
294 3005 365 3065 Sunt
376 3007 425 3085 qui
435 3000 593 3085 praecipue
608 3016 707 3066 contra
723 3008 816 3066 omnia
832 3006 940 3066 aurium
953 3005 1022 3064 vitia
1035 3004 1156 3064 landent

153 3091 217 3166 gari
232 3088 405 3149 excellentis
421 3090 570 3165 cyathum,
589 3090 683 3150 mellis
701 3089 815 3149 dimidio
832 3089 968 3166 amplius,
991 3090 1069 3149 aceti
1086 3099 1155 3164 cya-
1224 3094 1229 3103 ’

59 3223 61 3227 .
152 3173 278 3233 thamin
301 3173 391 3233 calice
416 3191 493 3233 novo
519 3173 577 3232 leni
602 3190 692 3251 pruna
718 3172 883 3251 decoquere
910 3170 1030 3232 subinde
1052 3189 1155 3251 spuma

152 3256 246 3334 pinnis
263 3255 377 3316 detersa
395 3266 434 3332 et,
454 3265 605 3335 postquam
620 3257 738 3316 desierit
752 3273 896 3337 spumare,
913 3255 1042 3332 tepidum
1058 3256 1153 3315 ininn-
1164 3276 1190 3318 ss

153 3337 233 3396 dere.
257 3341 281 3398 si
295 3347 421 3399 tumeant
436 3358 531 3417 aures,
548 3341 691 3401 coriandri
705 3357 776 3399 suco
793 3341 871 3420 prius
881 3337 1053 3415 mitigandas
1066 3339 1155 3399 iidem

154 3421 344 3498 praecipiunt.
383 3440 514 3483 ranarum
534 3425 617 3502 adips
639 3424 792 3484 instillatus
814 3425 907 3484 statim
926 3422 1044 3483 dolores
1067 3423 1154 3485 tollit.
1234 3420 1242 3439 ‘

153 3517 323 3562 cancrorum
343 3505 518 3566 fluviatilium
539 3525 625 3567 sucus
647 3527 715 3568 rcum
733 3509 825 3568 farina
849 3507 1016 3568 hordeacea
1041 3509 1155 3568 aurium
