2396 3922
245 253 558 303 nau.111su.xxv11.
575 251 660 307 s-t.
675 247 824 317 (ao—aa.)
964 243 1022 304 137
1099 199 1104 210 ⁵

95 407 180 486 (26.)
202 405 311 470 Actaea
328 409 411 486 gravi
424 409 558 470 loliorum
575 409 683 485 odore,
701 409 829 470 caulibus
845 407 957 490 asperis
972 427 1023 486 ge-

35 493 182 570 niculatis,
202 494 311 552 semiue
326 494 410 570 nigro
426 502 457 552 ut
472 493 615 569 hederae,
630 493 711 554 bacis
728 492 879 568 mollibus,
899 496 1025 554 nascitur

35 578 61 635 iu
76 579 177 655 opacis
195 581 308 656 asperis
324 577 508 656 aquosisque.
538 578 620 638 datur
636 577 789 639 acetabulo
806 577 894 657 pleno
906 579 1023 637 interio-

35 661 112 722 ribus
128 661 296 721 feminarum
311 660 429 721 morbis.

11 759 22 798 ι
96 744 181 824 (27.)
204 743 346 824 Ampelos
375 746 455 822 agria
479 755 600 806 vocatur
621 745 713 806 herba
738 745 817 805 loliis
839 743 915 805 duris
943 746 1066 807 ciue-44

33 831 111 889 racei
125 827 247 906 coloris,
263 829 377 907 qualem
390 831 419 887 iu
434 831 503 889 satis
513 829 643 906 diximus,
659 828 785 890 viticulis
801 828 906 904 longis,
924 829 980 888 cal·
996 847 1028 888 ιι,
1042 846 1065 880 ιι
1177 837 1181 848 ·

33 913 120 988 lasis,
139 911 325 987 rubentibus,
345 913 467 990 qualiter
482 914 537 972 llos
554 930 639 990 quem
661 913 738 973 lovis
760 912 899 972 dammam
922 911 1023 990 appel·

32 997 132 1057 bmus.
165 997 195 1054 iu
211 997 306 1056 uvolis
319 996 377 1056 iert
394 1014 492 1056 semen
507 998 599 1056 simile
616 996 714 1057 Punici
728 996 794 1056 mali
809 997 909 1056 acinis.
936 995 1018 1054 radix

32 1082 92 1140 eius
110 1079 237 1140 decocta
254 1082 283 1138 in
297 1097 389 1158 aquae
406 1081 517 1154 cyathis
532 1082 632 1155 ternis,
650 1081 754 1142 additis
769 1083 827 1140 viui
846 1079 900 1140 Coi
914 1078 1023 1153 cyathis

0 1189 4 1212 ι
31 1161 158 1240 duobus,
178 1163 273 1222 alvom
289 1164 376 1224 solvit
390 1163 494 1223 leuiter
509 1164 634 1242 ideoque
652 1165 819 1244 hydropicis
833 1165 923 1224 datur.
953 1179 1022 1221 uvo-

32 1249 75 1308 lae
91 1248 161 1307 vitia
177 1249 250 1307 cutis
264 1249 293 1306 in
313 1247 388 1307 facie
403 1246 552 1308 mulierum
570 1248 729 1308 emendant.
759 1247 932 1308 ischiadicos
953 1262 1023 1324 quo·

30 1350 85 1410 que
110 1332 152 1391 uti
179 1329 235 1391 hac
257 1330 348 1412 herba
376 1331 498 1411 prodest
523 1341 604 1392 tunsa
626 1350 688 1391 curn
709 1330 788 1392 loliis
811 1339 840 1393 et
860 1330 939 1391 inlita
960 1346 1024 1389 curn

28 1432 101 1476 suco
117 1431 181 1475 suo.

40 1498 44 1506 '
94 1497 180 1577 (28.)
203 1497 335 1558 Absinthi
351 1516 461 1575 genera
477 1497 559 1577 plura
581 1507 660 1559 suut:
684 1499 868 1560 santonicum
890 1496 1065 1578 appella-45
1155 1560 1160 1571 ,

0 1616 10 1631 ι·
28 1593 74 1645 tur
97 1601 114 1642 e
135 1581 249 1643 Galliae
270 1584 402 1661 civitate,
425 1582 574 1643 Ponticum
595 1602 612 1642 e
630 1583 739 1659 Ponto,
761 1582 810 1642 ubi
832 1599 939 1662 peoora
961 1582 1022 1659 pin·

26 1675 174 1744 guescunt
194 1665 247 1725 illo
268 1675 297 1726 et
318 1666 356 1727 ob
378 1666 407 1726 id
429 1667 491 1726 sine
516 1666 585 1725 ielle
607 1667 803 1746 reperiuntur,
829 1684 923 1745 neque
947 1663 1023 1724 aliud

26 1751 239 1830 praestantius,
254 1749 402 1827 multoque
417 1748 518 1810 ltalico
540 1753 677 1825 amarius,
699 1749 751 1810 sed
773 1749 899 1810 medulla
913 1748 1025 1809 Pontici

26 1835 132 1896 dulcis.
165 1833 202 1893 de
223 1851 275 1893 usu
291 1834 354 1892 eius
370 1833 520 1910 convenit,
539 1833 648 1893 herbae
668 1833 824 1894 facillimae
845 1841 930 1912 atque
949 1833 1024 1890 inter

25 1935 140 1998 paucas
157 1917 340 1995 utilissimae,
361 1926 515 1997 praeterea
532 1919 624 1978 sacris
639 1917 739 1996 populi
755 1918 876 1978 Romani
894 1914 1024 1975 celebra·

26 2012 75 2062 tac
97 2001 305 2079 peculiariter,
331 2002 472 2078 siquidem
492 2000 652 2062 Latinarum
673 2002 754 2061 lerils
781 2000 938 2081 quadrigae
960 2015 1024 2058 cer-

24 2093 90 2146 tant
107 2085 137 2142 in
151 2082 297 2162 Capitolio
311 2087 462 2162 victorque
477 2084 645 2144 absinthium
662 2084 743 2162 bibit,
760 2085 859 2160 credo,
875 2085 1024 2142 sanitatem

24 2168 160 2248 praemio
172 2167 233 2228 dari
248 2168 408 2230 honorilice
419 2168 563 2229 arbitratis
574 2169 739 2229 maioribus.
763 2167 940 2228 stomachum
953 2182 1020 2225 con·
1032 2174 1066 2228 46

24 2251 169 2327 roborat,
191 2261 221 2311 et
234 2251 271 2312 oh
287 2251 344 2312 hoc
362 2269 450 2331 sapor
465 2253 527 2312 eius
544 2255 573 2313 in
588 2254 655 2312 rina
669 2252 849 2328 transfertur,
866 2260 895 2310 ut
912 2251 982 2310 dixi·
992 2268 1020 2308 ιι.
1032 2268 1066 2302 ιιι

24 2353 102 2396 mus.
134 2333 241 2395 bibitur
255 2343 284 2394 et
302 2336 453 2397 decoctum
476 2353 549 2415 aqua
567 2354 601 2396 ac
624 2346 728 2415 postea
749 2344 836 2395 nocte
861 2344 890 2394 et
910 2333 956 2392 die
977 2349 1024 2391 re-

0 2419 201 2496 »lrigeratum
217 2418 270 2478 sub
285 2419 346 2495 diu,
369 2420 498 2480 decoctis
519 2437 572 2479 sex
587 2419 729 2481 drachmis
746 2419 880 2480 loliorum
897 2435 959 2476 cnm
980 2433 1024 2474 ra·

23 2504 84 2562 mis
99 2503 161 2562 suis
176 2503 205 2561 iu
220 2501 355 2562 caelestis
374 2520 465 2581 aquae
482 2505 617 2562 sextariis
632 2503 742 2578 tribus,
758 2510 874 2580 oportet
890 2509 919 2558 et
934 2499 1026 2558 salem

24 2585 105 2646 addi.
139 2593 226 2646 vetus
245 2587 307 2646 sine
323 2604 375 2649 usu
390 2595 444 2646 est.
477 2584 583 2645 bibitur
606 2594 637 2646 et
656 2585 809 2648 madefacti
829 2584 959 2658 dilutum,
986 2583 1025 2642 ita

24 2670 107 2730 enim
124 2668 292 2748 appelletur
312 2670 370 2730 boc
392 2688 493 2747 genus.
526 2669 607 2729 diluti
621 2672 695 2730 ratio
713 2678 760 2746 ut,
790 2667 918 2747 quisquis
938 2665 1026 2726 luerit

23 2752 134 2814 modus
149 2768 258 2830 aquae,
279 2763 392 2830 tegatur
407 2771 461 2833 per
475 2753 607 2813 triduum.
639 2755 735 2813 tritum
749 2769 815 2812 raro
836 2752 865 2810 in
884 2767 938 2809 usu
966 2757 1021 2823 cst,
1033 2757 1067 2812 li

1 2839 107 2896 osicut
122 2845 152 2895 et
163 2854 249 2896 sucus
263 2840 407 2915 expressi,
420 2838 587 2916 exprimitur
598 2845 703 2912 autem,
717 2853 780 2896 cum
794 2835 914 2913 primum
927 2849 1027 2892 semen

22 2921 183 2996 turgescit,
198 2921 388 2981 madelactum
404 2939 478 2999 aqua
493 2920 587 2980 triduo
602 2936 707 2980 recens
721 2928 769 2979 aut
787 2920 896 2978 siccum
912 2925 1024 2994 septem

22 3003 147 3064 diebus.
189 3003 256 3064 dein
280 3013 393 3064 coctum
417 3006 446 3064 iu
466 3021 559 3064 aeneo
582 3022 654 3064 vaso
682 3003 717 3064 ad
738 3003 839 3062 tertias
856 3001 884 3062 X
904 2999 1027 3060 heminis
1112 3037 1114 3042 ·

20 3088 54 3146 iu
78 3102 177 3165 aquae
191 3089 324 3148 sextariis
342 3085 420 3148 XLV
434 3090 593 3167 iterumque
606 3085 785 3166 percolatum
799 3086 878 3145 lente
893 3085 1027 3161 coquitur

21 3169 64 3230 ad
86 3170 308 3231 crassitudinem
325 3170 437 3247 mellis,
458 3173 581 3250 qualiter
596 3190 635 3230 ex
648 3172 760 3231 minore
775 3170 922 3230 centaurio
938 3183 1026 3245 qnae·

1 3254 104 3317 tritur
123 3271 221 3314 sucus.
251 3255 303 3314 sed
320 3254 367 3316 hic
384 3255 506 3316 absinthi
521 3255 629 3316 inutilis
645 3252 794 3316 stomacho
810 3252 954 3331 capitique
969 3257 1025 3322 cst,

23 3355 94 3397 cum
123 3339 162 3397 sit
187 3337 239 3398 ille
263 3338 379 3399 decocti
403 3338 616 3399 saluberrimus.
651 3355 772 3416 namque
794 3335 945 3411 adstringit
965 3341 1070 3395 sto-48

20 3419 163 3481 maehum
180 3420 326 3501 bilemque
344 3422 483 3499 detrahit,
498 3424 606 3482 urinam
623 3423 694 3499 ciet,
713 3419 808 3482 alvom
830 3417 939 3479 emollit
954 3425 984 3476 et
998 3417 1027 3475 iu

20 3503 135 3566 dolore
151 3513 250 3584 sanat,
272 3506 382 3567 renuis
399 3505 529 3567 animalia
551 3505 650 3585 pellit,
671 3507 818 3566 malaciam
838 3500 977 3563 stomachi
999 3508 1028 3559 et
