<?xml version="1.0" encoding="UTF-8"?>
<!DOCTYPE html PUBLIC "-//W3C//DTD XHTML 1.0 Transitional//EN"
    "http://www.w3.org/TR/xhtml1/DTD/xhtml1-transitional.dtd">
<html xmlns="http://www.w3.org/1999/xhtml" xml:lang="en" lang="en">
 <head>
  <title>
</title>
<meta http-equiv="Content-Type" content="text/html;charset=utf-8" />
  <meta name='ocr-system' content='tesseract 3.04.00' />
  <meta name='ocr-capabilities' content='ocr_page ocr_carea ocr_par ocr_line ocrx_word'/>
</head>
<body>
  <div class='ocr_page' id='page_1' title='image "./naturalishistor00plingoog_0336.png"; bbox 0 0 2406 3914; ppageno 0'>
   <div class='ocr_carea' id='block_1_1' title="bbox 114 231 767 294">
    <p class='ocr_par' dir='ltr' id='par_1_1' title="bbox 114 231 767 294">
     <span class='ocr_line' id='line_1_1' title="bbox 114 231 767 294; baseline -0.012 0"><span class='ocrx_word' id='word_1_1' title='bbox 114 231 177 294; x_wconf 85' lang='grc'>284</span> <span class='ocrx_word' id='word_1_2' title='bbox 460 240 490 287; x_wconf 92' lang='lat' dir='ltr'>c.</span> <span class='ocrx_word' id='word_1_3' title='bbox 506 240 601 288; x_wconf 77' lang='lat' dir='ltr'>nunu</span> <span class='ocrx_word' id='word_1_4' title='bbox 617 239 767 288; x_wconf 82' lang='lat' dir='ltr'>sncunnr</span> 
     </span>
    </p>
   </div>
   <div class='ocr_carea' id='block_1_2' title="bbox 72 393 1175 3566">
    <p class='ocr_par' dir='ltr' id='par_1_2' title="bbox 114 393 1165 873">
     <span class='ocr_line' id='line_1_2' title="bbox 114 393 1136 472; baseline -0.006 -16"><span class='ocrx_word' id='word_1_5' title='bbox 114 397 194 457; x_wconf 92' lang='lat' dir='ltr'>tione</span> <span class='ocrx_word' id='word_1_6' title='bbox 206 395 242 456; x_wconf 92' lang='lat' dir='ltr'>ad</span> <span class='ocrx_word' id='word_1_7' title='bbox 253 395 331 454; x_wconf 87' lang='lat' dir='ltr'>virus</span> <span class='ocrx_word' id='word_1_8' title='bbox 344 393 552 472; x_wconf 90' lang='lat' dir='ltr'>accipiendum.</span> <span class='ocrx_word' id='word_1_9' title='bbox 566 393 663 472; x_wconf 86' lang='lat' dir='ltr'>itaque</span> <span class='ocrx_word' id='word_1_10' title='bbox 676 395 775 453; x_wconf 88' lang='lat' dir='ltr'>caveri</span> <span class='ocrx_word' id='word_1_11' title='bbox 787 393 941 453; x_wconf 84' lang='lat' dir='ltr'>conveniet</span> <span class='ocrx_word' id='word_1_12' title='bbox 951 393 1035 471; x_wconf 89' lang='lat' dir='ltr'>prius</span> <span class='ocrx_word' id='word_1_13' title='bbox 1046 409 1136 470; x_wconf 87' lang='lat' dir='ltr'>quam</span> 
     </span>
     <span class='ocr_line' id='line_1_3' title="bbox 115 474 1137 556; baseline -0.006 -16"><span class='ocrx_word' id='word_1_14' title='bbox 115 499 149 540; x_wconf 91' lang='lat' dir='ltr'>se</span> <span class='ocrx_word' id='word_1_15' title='bbox 171 479 294 540; x_wconf 90' lang='lat' dir='ltr'>condant</span> <span class='ocrx_word' id='word_1_16' title='bbox 319 486 482 556; x_wconf 78' lang='lat' dir='ltr'>serpentes.</span> <span class='ocrx_word' id='word_1_17' title='bbox 518 478 600 553; x_wconf 88' lang='lat' dir='ltr'>signa</span> <span class='ocrx_word' id='word_1_18' title='bbox 622 486 705 537; x_wconf 91' lang='lat' dir='ltr'>erunt</span> <span class='ocrx_word' id='word_1_19' title='bbox 728 486 770 536; x_wconf 91' lang='lat' dir='ltr'>tot</span> <span class='ocrx_word' id='word_1_20' title='bbox 792 474 917 554; x_wconf 84' lang='lat' dir='ltr'>herbae,</span> <span class='ocrx_word' id='word_1_21' title='bbox 939 485 984 535; x_wconf 91' lang='lat' dir='ltr'>tot</span> <span class='ocrx_word' id='word_1_22' title='bbox 1003 475 1137 536; x_wconf 91' lang='lat' dir='ltr'>arbores</span> 
     </span>
     <span class='ocr_line' id='line_1_4' title="bbox 115 560 1138 641; baseline -0.007 -18"><span class='ocrx_word' id='word_1_23' title='bbox 115 564 295 641; x_wconf 78' lang='lat' dir='ltr'>fruticesque</span> <span class='ocrx_word' id='word_1_24' title='bbox 310 561 347 622; x_wconf 90' lang='lat' dir='ltr'>ab</span> <span class='ocrx_word' id='word_1_25' title='bbox 364 577 478 620; x_wconf 89' lang='lat' dir='ltr'>emersu</span> <span class='ocrx_word' id='word_1_26' title='bbox 495 577 592 620; x_wconf 83' lang='lat' dir='ltr'>aarum</span> <span class='ocrx_word' id='word_1_27' title='bbox 607 561 642 621; x_wconf 92' lang='lat' dir='ltr'>ad</span> <span class='ocrx_word' id='word_1_28' title='bbox 657 560 799 620; x_wconf 89' lang='lat' dir='ltr'>latebram</span> <span class='ocrx_word' id='word_1_29' title='bbox 813 577 906 639; x_wconf 92' lang='lat' dir='ltr'>usqne</span> <span class='ocrx_word' id='word_1_30' title='bbox 924 567 1086 620; x_wconf 73' lang='lat' dir='ltr'>vernantes</span> <span class='ocrx_word' id='word_1_31' title='bbox 1105 566 1138 617; x_wconf 91' lang='lat' dir='ltr'>et</span> 
     </span>
     <span class='ocr_line' id='line_1_5' title="bbox 115 643 1134 723; baseline -0.005 -17"><span class='ocrx_word' id='word_1_32' title='bbox 115 647 164 706; x_wconf 91' lang='lat' dir='ltr'>vel</span> <span class='ocrx_word' id='word_1_33' title='bbox 185 647 288 705; x_wconf 82' lang='lat' dir='ltr'><strong>fraxini</strong></span> <span class='ocrx_word' id='word_1_34' title='bbox 309 654 416 706; x_wconf 88' lang='lat' dir='ltr'>tautum</span> <span class='ocrx_word' id='word_1_35' title='bbox 437 643 508 703; x_wconf 88' lang='lat' dir='ltr'>folia</span> <span class='ocrx_word' id='word_1_36' title='bbox 528 662 584 703; x_wconf 91' lang='lat' dir='ltr'>uec</span> <span class='ocrx_word' id='word_1_37' title='bbox 606 653 709 723; x_wconf 89' lang='lat' dir='ltr'>postea</span> <span class='ocrx_word' id='word_1_38' title='bbox 725 644 873 704; x_wconf 73' lang='lat' dir='ltr'>nascentia</span> <span class='ocrx_word' id='word_1_39' title='bbox 894 659 950 702; x_wconf 90' lang='lat' dir='ltr'>nec</span> <span class='ocrx_word' id='word_1_40' title='bbox 966 653 1035 703; x_wconf 88' lang='lat' dir='ltr'>ante</span> <span class='ocrx_word' id='word_1_41' title='bbox 1051 643 1134 703; x_wconf 89' lang='lat' dir='ltr'>deci·</span> 
     </span>
     <span class='ocr_line' id='line_1_6' title="bbox 116 725 1165 806; baseline -0.01 -15"><span class='ocrx_word' id='word_1_42' title='bbox 116 731 222 791; x_wconf 90' lang='lat' dir='ltr'>dentia.</span> <span class='ocrx_word' id='word_1_43' title='bbox 251 737 281 788; x_wconf 87' lang='lat' dir='ltr'>et</span> <span class='ocrx_word' id='word_1_44' title='bbox 298 727 406 789; x_wconf 87' lang='lat' dir='ltr'>boletis</span> <span class='ocrx_word' id='word_1_45' title='bbox 425 728 540 806; x_wconf 91' lang='lat' dir='ltr'>quidem</span> <span class='ocrx_word' id='word_1_46' title='bbox 556 737 637 787; x_wconf 91' lang='lat' dir='ltr'>ortus</span> <span class='ocrx_word' id='word_1_47' title='bbox 654 744 837 805; x_wconf 80' lang='lat' dir='ltr'>occasusque</span> <span class='ocrx_word' id='word_1_48' title='bbox 855 728 946 786; x_wconf 90' lang='lat' dir='ltr'>omnis</span> <span class='ocrx_word' id='word_1_49' title='bbox 968 729 1044 787; x_wconf 90' lang='lat' dir='ltr'>iutra</span> <span class='ocrx_word' id='word_1_50' title='bbox 1068 725 1165 786; x_wconf 82' lang='lat' dir='ltr'>diess</span> 
     </span>
     <span class='ocr_line' id='line_1_7' title="bbox 117 821 305 873; baseline -0.021 0"><span class='ocrx_word' id='word_1_51' title='bbox 117 832 151 873; x_wconf 82' lang='lat' dir='ltr'>se</span> <span class='ocrx_word' id='word_1_52' title='bbox 175 822 232 873; x_wconf 84' lang='lat' dir='ltr'>tem</span> <span class='ocrx_word' id='word_1_53' title='bbox 251 821 305 871; x_wconf 89' lang='lat' dir='ltr'>est.</span> 
     </span>
    </p>

    <p class='ocr_par' dir='ltr' id='par_1_3' title="bbox 72 831 1175 1391">
     <span class='ocr_line' id='line_1_8' title="bbox 72 831 1135 974; baseline -0.006 -14"><span class='ocrx_word' id='word_1_54' title='bbox 72 903 109 960; x_wconf 81' lang='grc'>96</span> <span class='ocrx_word' id='word_1_55' title='bbox 155 831 231 956; x_wconf 68' lang='lat' dir='ltr'>p23.</span> <span class='ocrx_word' id='word_1_56' title='bbox 255 895 339 974; x_wconf 88' lang='grc'>(47.)</span> <span class='ocrx_word' id='word_1_57' title='bbox 362 893 528 973; x_wconf 83' lang='lat' dir='ltr'>Fungorum</span> <span class='ocrx_word' id='word_1_58' title='bbox 543 895 651 956; x_wconf 89' lang='lat' dir='ltr'>lentior</span> <span class='ocrx_word' id='word_1_59' title='bbox 665 905 764 956; x_wconf 92' lang='lat' dir='ltr'>natura</span> <span class='ocrx_word' id='word_1_60' title='bbox 781 904 810 955; x_wconf 90' lang='lat' dir='ltr'>et</span> <span class='ocrx_word' id='word_1_61' title='bbox 830 911 986 954; x_wconf 88' lang='lat' dir='ltr'>numerosa</span> <span class='ocrx_word' id='word_1_62' title='bbox 1004 911 1135 970; x_wconf 86' lang='lat' dir='ltr'>genera,</span> 
     </span>
     <span class='ocr_line' id='line_1_9' title="bbox 116 976 1137 1058; baseline -0.003 -19"><span class='ocrx_word' id='word_1_63' title='bbox 116 979 170 1039; x_wconf 87' lang='lat' dir='ltr'>sed</span> <span class='ocrx_word' id='word_1_64' title='bbox 185 979 269 1056; x_wconf 88' lang='lat' dir='ltr'>origo</span> <span class='ocrx_word' id='word_1_65' title='bbox 284 995 342 1037; x_wconf 92' lang='lat' dir='ltr'>non</span> <span class='ocrx_word' id='word_1_66' title='bbox 358 979 413 1038; x_wconf 91' lang='lat' dir='ltr'>nisi</span> <span class='ocrx_word' id='word_1_67' title='bbox 436 997 473 1038; x_wconf 89' lang='lat' dir='ltr'>ex</span> <span class='ocrx_word' id='word_1_68' title='bbox 498 980 598 1058; x_wconf 80' lang='lat' dir='ltr'>pituita</span> <span class='ocrx_word' id='word_1_69' title='bbox 624 979 768 1039; x_wconf 90' lang='lat' dir='ltr'>arborum.</span> <span class='ocrx_word' id='word_1_70' title='bbox 802 979 934 1039; x_wconf 89' lang='lat' dir='ltr'>tutissimi</span> <span class='ocrx_word' id='word_1_71' title='bbox 955 979 1004 1056; x_wconf 90' lang='lat' dir='ltr'>qui</span> <span class='ocrx_word' id='word_1_72' title='bbox 1025 976 1137 1037; x_wconf 87' lang='lat' dir='ltr'>rubent</span> 
     </span>
     <span class='ocr_line' id='line_1_10' title="bbox 117 1060 1137 1140; baseline -0.006 -15"><span class='ocrx_word' id='word_1_73' title='bbox 117 1061 193 1125; x_wconf 90' lang='lat' dir='ltr'>callo</span> <span class='ocrx_word' id='word_1_74' title='bbox 217 1063 309 1122; x_wconf 91' lang='lat' dir='ltr'>minus</span> <span class='ocrx_word' id='word_1_75' title='bbox 330 1063 420 1124; x_wconf 91' lang='lat' dir='ltr'>diluto</span> <span class='ocrx_word' id='word_1_76' title='bbox 441 1062 548 1124; x_wconf 89' lang='lat' dir='ltr'>rubore</span> <span class='ocrx_word' id='word_1_77' title='bbox 571 1080 656 1140; x_wconf 89' lang='lat' dir='ltr'>quarn</span> <span class='ocrx_word' id='word_1_78' title='bbox 680 1062 788 1136; x_wconf 84' lang='lat' dir='ltr'>boleti,</span> <span class='ocrx_word' id='word_1_79' title='bbox 823 1078 892 1121; x_wconf 89' lang='lat' dir='ltr'>mox</span> <span class='ocrx_word' id='word_1_80' title='bbox 913 1060 1027 1121; x_wconf 91' lang='lat' dir='ltr'>candidi</span> <span class='ocrx_word' id='word_1_81' title='bbox 1051 1060 1137 1122; x_wconf 89' lang='lat' dir='ltr'>velut</span> 
     </span>
     <span class='ocr_line' id='line_1_11' title="bbox 117 1143 1175 1226; baseline -0.003 -17"><span class='ocrx_word' id='word_1_82' title='bbox 117 1149 201 1226; x_wconf 88' lang='lat' dir='ltr'>apice</span> <span class='ocrx_word' id='word_1_83' title='bbox 224 1146 345 1207; x_wconf 81' lang='lat' dir='ltr'>flaminis</span> <span class='ocrx_word' id='word_1_84' title='bbox 367 1146 526 1224; x_wconf 83' lang='lat' dir='ltr'>insignibus</span> <span class='ocrx_word' id='word_1_85' title='bbox 542 1145 701 1226; x_wconf 84' lang='lat' dir='ltr'>pediculis,</span> <span class='ocrx_word' id='word_1_86' title='bbox 723 1147 837 1207; x_wconf 89' lang='lat' dir='ltr'>tertium</span> <span class='ocrx_word' id='word_1_87' title='bbox 859 1163 952 1222; x_wconf 88' lang='lat' dir='ltr'>genus</span> <span class='ocrx_word' id='word_1_88' title='bbox 979 1143 1059 1204; x_wconf 88' lang='lat' dir='ltr'>suilli</span> <span class='ocrx_word' id='word_1_89' title='bbox 1079 1162 1135 1204; x_wconf 87' lang='lat' dir='ltr'>ve·</span> <span class='ocrx_word' id='word_1_90' title='bbox 1147 1165 1175 1206; x_wconf 90' lang='lat' dir='ltr'>ro</span> 
     </span>
     <span class='ocr_line' id='line_1_12' title="bbox 116 1229 1137 1309; baseline -0.003 -18"><span class='ocrx_word' id='word_1_91' title='bbox 116 1232 198 1291; x_wconf 88' lang='lat' dir='ltr'>uenis</span> <span class='ocrx_word' id='word_1_92' title='bbox 224 1229 514 1291; x_wconf 88' lang='lat' dir='ltr'>adcommodatissimi</span> <span class='ocrx_word' id='word_1_93' title='bbox 539 1229 662 1290; x_wconf 80' lang='lat' dir='ltr'>familias</span> <span class='ocrx_word' id='word_1_94' title='bbox 686 1248 780 1309; x_wconf 85' lang='lat' dir='ltr'>nuper</span> <span class='ocrx_word' id='word_1_95' title='bbox 808 1232 983 1290; x_wconf 83' lang='lat' dir='ltr'>interemere</span> <span class='ocrx_word' id='word_1_96' title='bbox 1016 1237 1048 1287; x_wconf 87' lang='lat' dir='ltr'>et</span> <span class='ocrx_word' id='word_1_97' title='bbox 1069 1236 1137 1288; x_wconf 89' lang='lat' dir='ltr'>tota</span> 
     </span>
     <span class='ocr_line' id='line_1_13' title="bbox 118 1311 1136 1391; baseline -0.005 -16"><span class='ocrx_word' id='word_1_98' title='bbox 118 1315 268 1390; x_wconf 85' lang='lat' dir='ltr'>convivia,</span> <span class='ocrx_word' id='word_1_99' title='bbox 288 1313 437 1374; x_wconf 76' lang='lat' dir='ltr'>Annaeum</span> <span class='ocrx_word' id='word_1_100' title='bbox 457 1315 597 1374; x_wconf 90' lang='lat' dir='ltr'>Serenum</span> <span class='ocrx_word' id='word_1_101' title='bbox 618 1314 798 1391; x_wconf 89' lang='lat' dir='ltr'>praefectum</span> <span class='ocrx_word' id='word_1_102' title='bbox 818 1313 945 1372; x_wconf 89' lang='lat' dir='ltr'>Neronis</span> <span class='ocrx_word' id='word_1_103' title='bbox 962 1311 1087 1389; x_wconf 89' lang='lat' dir='ltr'>vigilum</span> <span class='ocrx_word' id='word_1_104' title='bbox 1105 1319 1136 1370; x_wconf 88' lang='lat' dir='ltr'>et</span> 
     </span>
    </p>

    <p class='ocr_par' dir='ltr' id='par_1_4' title="bbox 75 1396 1137 1559">
     <span class='ocr_line' id='line_1_14' title="bbox 75 1396 1135 1476; baseline -0.008 -13"><span class='ocrx_word' id='word_1_105' title='bbox 75 1397 245 1463; x_wconf 81' lang='lat' dir='ltr'>9itribunos</span> <span class='ocrx_word' id='word_1_106' title='bbox 268 1399 524 1476; x_wconf 89' lang='lat' dir='ltr'>centurionesque.</span> <span class='ocrx_word' id='word_1_107' title='bbox 563 1415 638 1476; x_wconf 85' lang='lat' dir='ltr'>quae</span> <span class='ocrx_word' id='word_1_108' title='bbox 656 1398 792 1475; x_wconf 87' lang='lat' dir='ltr'>voluptas</span> <span class='ocrx_word' id='word_1_109' title='bbox 810 1406 888 1457; x_wconf 89' lang='lat' dir='ltr'>tanta</span> <span class='ocrx_word' id='word_1_110' title='bbox 911 1403 976 1456; x_wconf 85' lang='lat' dir='ltr'>tam</span> <span class='ocrx_word' id='word_1_111' title='bbox 993 1396 1135 1474; x_wconf 86' lang='lat' dir='ltr'>ancipitis</span> 
     </span>
     <span class='ocr_line' id='line_1_15' title="bbox 118 1478 1137 1559; baseline -0.003 -18"><span class='ocrx_word' id='word_1_112' title='bbox 118 1478 196 1541; x_wconf 83' lang='lat' dir='ltr'>cibi?</span> <span class='ocrx_word' id='word_1_113' title='bbox 223 1481 337 1558; x_wconf 91' lang='lat' dir='ltr'>quidam</span> <span class='ocrx_word' id='word_1_114' title='bbox 357 1480 526 1542; x_wconf 81' lang='lat' dir='ltr'>discrevere</span> <span class='ocrx_word' id='word_1_115' title='bbox 542 1481 677 1541; x_wconf 88' lang='lat' dir='ltr'>arborum</span> <span class='ocrx_word' id='word_1_116' title='bbox 693 1481 868 1559; x_wconf 89' lang='lat' dir='ltr'>generibus,</span> <span class='ocrx_word' id='word_1_117' title='bbox 893 1481 968 1556; x_wconf 86' lang='lat' dir='ltr'>fico,</span> <span class='ocrx_word' id='word_1_118' title='bbox 990 1479 1087 1540; x_wconf 90' lang='lat' dir='ltr'>ferula</span> <span class='ocrx_word' id='word_1_119' title='bbox 1104 1487 1137 1538; x_wconf 90' lang='lat' dir='ltr'>et</span> 
     </span>
    </p>

    <p class='ocr_par' dir='ltr' id='par_1_5' title="bbox 75 1563 1172 1810">
     <span class='ocr_line' id='line_1_16' title="bbox 75 1563 1172 1643; baseline 0.005 -23"><span class='ocrx_word' id='word_1_120' title='bbox 75 1585 104 1629; x_wconf 79' lang='lat' dir='ltr'>n,</span> <span class='ocrx_word' id='word_1_121' title='bbox 115 1584 137 1621; x_wconf 82' lang='lat' dir='ltr'>n</span> <span class='ocrx_word' id='word_1_122' title='bbox 149 1565 280 1624; x_wconf 86' lang='lat' dir='ltr'>cummim</span> <span class='ocrx_word' id='word_1_123' title='bbox 294 1565 467 1640; x_wconf 88' lang='lat' dir='ltr'>ferentibus,</span> <span class='ocrx_word' id='word_1_124' title='bbox 484 1581 542 1624; x_wconf 90' lang='lat' dir='ltr'>non</span> <span class='ocrx_word' id='word_1_125' title='bbox 560 1565 629 1624; x_wconf 87' lang='lat' dir='ltr'>item</span> <span class='ocrx_word' id='word_1_126' title='bbox 641 1566 720 1643; x_wconf 90' lang='lat' dir='ltr'>fago,</span> <span class='ocrx_word' id='word_1_127' title='bbox 733 1564 853 1640; x_wconf 92' lang='lat' dir='ltr'>robore,</span> <span class='ocrx_word' id='word_1_128' title='bbox 874 1580 1029 1643; x_wconf 91' lang='lat' dir='ltr'>cupresso,</span> <span class='ocrx_word' id='word_1_129' title='bbox 1045 1571 1077 1622; x_wconf 91' lang='lat' dir='ltr'>ut</span> <span class='ocrx_word' id='word_1_130' title='bbox 1089 1563 1134 1622; x_wconf 90' lang='lat' dir='ltr'>di·</span> <span class='ocrx_word' id='word_1_131' title='bbox 1146 1585 1172 1625; x_wconf 81' lang='lat' dir='ltr'>rs</span> 
     </span>
     <span class='ocr_line' id='line_1_17' title="bbox 117 1645 1135 1727; baseline -0.001 -21"><span class='ocrx_word' id='word_1_132' title='bbox 117 1648 221 1707; x_wconf 90' lang='lat' dir='ltr'>ximus.</span> <span class='ocrx_word' id='word_1_133' title='bbox 255 1649 308 1710; x_wconf 88' lang='lat' dir='ltr'>sed</span> <span class='ocrx_word' id='word_1_134' title='bbox 331 1649 385 1710; x_wconf 90' lang='lat' dir='ltr'>ista</span> <span class='ocrx_word' id='word_1_135' title='bbox 408 1649 471 1726; x_wconf 89' lang='lat' dir='ltr'>quis</span> <span class='ocrx_word' id='word_1_136' title='bbox 494 1649 619 1727; x_wconf 85' lang='lat' dir='ltr'>spondet</span> <span class='ocrx_word' id='word_1_137' title='bbox 644 1649 672 1708; x_wconf 92' lang='lat' dir='ltr'>in</span> <span class='ocrx_word' id='word_1_138' title='bbox 693 1645 867 1709; x_wconf 75' lang='lat' dir='ltr'>venalibus?</span> <span class='ocrx_word' id='word_1_139' title='bbox 897 1649 1021 1709; x_wconf 91' lang='lat' dir='ltr'>omnium</span> <span class='ocrx_word' id='word_1_140' title='bbox 1045 1645 1135 1706; x_wconf 90' lang='lat' dir='ltr'>colos</span> 
     </span>
     <span class='ocr_line' id='line_1_18' title="bbox 117 1729 1136 1810; baseline -0.002 -20"><span class='ocrx_word' id='word_1_141' title='bbox 117 1729 232 1791; x_wconf 86' lang='lat' dir='ltr'>lividus.</span> <span class='ocrx_word' id='word_1_142' title='bbox 260 1730 308 1792; x_wconf 92' lang='lat' dir='ltr'>hic</span> <span class='ocrx_word' id='word_1_143' title='bbox 329 1732 447 1793; x_wconf 89' lang='lat' dir='ltr'>babebit</span> <span class='ocrx_word' id='word_1_144' title='bbox 469 1733 575 1792; x_wconf 88' lang='lat' dir='ltr'>veneni</span> <span class='ocrx_word' id='word_1_145' title='bbox 594 1741 791 1810; x_wconf 83' lang='lat' dir='ltr'>argumentum</span> <span class='ocrx_word' id='word_1_146' title='bbox 814 1749 873 1810; x_wconf 94' lang='lat' dir='ltr'>quo</span> <span class='ocrx_word' id='word_1_147' title='bbox 900 1731 1021 1791; x_wconf 90' lang='lat' dir='ltr'>similior</span> <span class='ocrx_word' id='word_1_148' title='bbox 1043 1731 1136 1790; x_wconf 83' lang='lat' dir='ltr'>fucrit</span> 
     </span>
    </p>

    <p class='ocr_par' dir='ltr' id='par_1_6' title="bbox 74 1815 1135 1895">
     <span class='ocr_line' id='line_1_19' title="bbox 74 1815 1135 1895; baseline 0.003 -26"><span class='ocrx_word' id='word_1_149' title='bbox 74 1831 158 1870; x_wconf 77' lang='lat' dir='ltr'>mnu</span> <span class='ocrx_word' id='word_1_150' title='bbox 170 1815 319 1895; x_wconf 89' lang='lat' dir='ltr'>arborum,</span> <span class='ocrx_word' id='word_1_151' title='bbox 335 1824 365 1875; x_wconf 93' lang='lat' dir='ltr'>ut</span> <span class='ocrx_word' id='word_1_152' title='bbox 383 1817 439 1876; x_wconf 85' lang='lat' dir='ltr'>dci.</span> <span class='ocrx_word' id='word_1_153' title='bbox 456 1815 596 1878; x_wconf 91' lang='lat' dir='ltr'>adversus</span> <span class='ocrx_word' id='word_1_154' title='bbox 608 1815 682 1875; x_wconf 90' lang='lat' dir='ltr'>haec</span> <span class='ocrx_word' id='word_1_155' title='bbox 701 1815 823 1876; x_wconf 85' lang='lat' dir='ltr'>diximus</span> <span class='ocrx_word' id='word_1_156' title='bbox 839 1815 967 1876; x_wconf 91' lang='lat' dir='ltr'>remedia</span> <span class='ocrx_word' id='word_1_157' title='bbox 986 1815 1135 1875; x_wconf 90' lang='lat' dir='ltr'>dicemus-</span> 
     </span>
    </p>

    <p class='ocr_par' dir='ltr' id='par_1_7' title="bbox 75 1897 1171 2479">
     <span class='ocr_line' id='line_1_20' title="bbox 75 1897 1134 1978; baseline -0.002 -20"><span class='ocrx_word' id='word_1_158' title='bbox 75 1902 188 1977; x_wconf 78' lang='lat' dir='ltr'>98que.</span> <span class='ocrx_word' id='word_1_159' title='bbox 218 1899 330 1959; x_wconf 90' lang='lat' dir='ltr'>iuterim</span> <span class='ocrx_word' id='word_1_160' title='bbox 352 1907 417 1958; x_wconf 90' lang='lat' dir='ltr'>sunt</span> <span class='ocrx_word' id='word_1_161' title='bbox 439 1899 583 1978; x_wconf 84' lang='lat' dir='ltr'>aliquast</span> <span class='ocrx_word' id='word_1_162' title='bbox 604 1899 632 1958; x_wconf 93' lang='lat' dir='ltr'>in</span> <span class='ocrx_word' id='word_1_163' title='bbox 654 1898 707 1960; x_wconf 88' lang='lat' dir='ltr'>bis.</span> <span class='ocrx_word' id='word_1_164' title='bbox 740 1897 876 1961; x_wconf 81' lang='lat' dir='ltr'>Glaucias</span> <span class='ocrx_word' id='word_1_165' title='bbox 896 1898 1049 1960; x_wconf 85' lang='lat' dir='ltr'>stomacho</span> <span class='ocrx_word' id='word_1_166' title='bbox 1077 1898 1134 1956; x_wconf 91' lang='lat' dir='ltr'>uti-</span> 
     </span>
     <span class='ocr_line' id='line_1_21' title="bbox 118 1981 1171 2060; baseline 0.001 -17"><span class='ocrx_word' id='word_1_167' title='bbox 118 1982 154 2043; x_wconf 93' lang='lat' dir='ltr'>lis</span> <span class='ocrx_word' id='word_1_168' title='bbox 169 1991 250 2060; x_wconf 86' lang='lat' dir='ltr'>putat</span> <span class='ocrx_word' id='word_1_169' title='bbox 267 1982 394 2041; x_wconf 91' lang='lat' dir='ltr'>boletos.</span> <span class='ocrx_word' id='word_1_170' title='bbox 423 1983 567 2042; x_wconf 89' lang='lat' dir='ltr'>siccantur</span> <span class='ocrx_word' id='word_1_171' title='bbox 586 1983 748 2060; x_wconf 88' lang='lat' dir='ltr'>pendentes</span> <span class='ocrx_word' id='word_1_172' title='bbox 771 1982 863 2059; x_wconf 91' lang='lat' dir='ltr'>suilli,</span> <span class='ocrx_word' id='word_1_173' title='bbox 889 1985 975 2043; x_wconf 89' lang='lat' dir='ltr'>iunco</span> <span class='ocrx_word' id='word_1_174' title='bbox 996 1981 1171 2044; x_wconf 83' lang='lat' dir='ltr'>transfixiro</span> 
     </span>
     <span class='ocr_line' id='line_1_22' title="bbox 120 2055 1134 2145; baseline 0.001 -21"><span class='ocrx_word' id='word_1_175' title='bbox 120 2063 222 2143; x_wconf 89' lang='lat' dir='ltr'>quales</span> <span class='ocrx_word' id='word_1_176' title='bbox 240 2055 257 2123; x_wconf 76' lang='lat' dir='ltr'>e</span> <span class='ocrx_word' id='word_1_177' title='bbox 272 2063 404 2140; x_wconf 78' lang='lat' dir='ltr'>Bithynia</span> <span class='ocrx_word' id='word_1_178' title='bbox 418 2067 545 2126; x_wconf 88' lang='lat' dir='ltr'>veniunt.</span> <span class='ocrx_word' id='word_1_179' title='bbox 577 2066 606 2126; x_wconf 93' lang='lat' dir='ltr'>bi</span> <span class='ocrx_word' id='word_1_180' title='bbox 622 2066 805 2127; x_wconf 85' lang='lat' dir='ltr'>ductionibus</span> <span class='ocrx_word' id='word_1_181' title='bbox 823 2067 880 2126; x_wconf 89' lang='lat' dir='ltr'>alvi</span> <span class='ocrx_word' id='word_1_182' title='bbox 903 2085 976 2145; x_wconf 88' lang='lat' dir='ltr'>quas</span> <span class='ocrx_word' id='word_1_183' title='bbox 996 2065 1134 2126; x_wconf 88' lang='lat' dir='ltr'>rheuma-</span> 
     </span>
     <span class='ocr_line' id='line_1_23' title="bbox 118 2149 1135 2229; baseline 0.002 -23"><span class='ocrx_word' id='word_1_184' title='bbox 118 2149 218 2206; x_wconf 91' lang='lat' dir='ltr'>tismos</span> <span class='ocrx_word' id='word_1_185' title='bbox 234 2156 339 2207; x_wconf 89' lang='lat' dir='ltr'>vocant</span> <span class='ocrx_word' id='word_1_186' title='bbox 353 2150 505 2209; x_wconf 88' lang='lat' dir='ltr'>medentur</span> <span class='ocrx_word' id='word_1_187' title='bbox 521 2150 864 2229; x_wconf 87' lang='lat' dir='ltr'>excrescentibusque&#39;in</span> <span class='ocrx_word' id='word_1_188' title='bbox 886 2149 959 2209; x_wconf 87' lang='lat' dir='ltr'>sede</span> <span class='ocrx_word' id='word_1_189' title='bbox 982 2149 1135 2224; x_wconf 87' lang='lat' dir='ltr'>carnibus,</span> 
     </span>
     <span class='ocr_line' id='line_1_24' title="bbox 118 2230 1136 2311; baseline 0.003 -23"><span class='ocrx_word' id='word_1_190' title='bbox 118 2230 244 2290; x_wconf 90' lang='lat' dir='ltr'>minuunt</span> <span class='ocrx_word' id='word_1_191' title='bbox 265 2232 339 2290; x_wconf 90' lang='lat' dir='ltr'>euim</span> <span class='ocrx_word' id='word_1_192' title='bbox 361 2250 412 2292; x_wconf 92' lang='lat' dir='ltr'>eas</span> <span class='ocrx_word' id='word_1_193' title='bbox 435 2241 464 2292; x_wconf 90' lang='lat' dir='ltr'>et</span> <span class='ocrx_word' id='word_1_194' title='bbox 485 2241 618 2310; x_wconf 88' lang='lat' dir='ltr'>tempore</span> <span class='ocrx_word' id='word_1_195' title='bbox 639 2233 806 2308; x_wconf 89' lang='lat' dir='ltr'>absumunt,</span> <span class='ocrx_word' id='word_1_196' title='bbox 830 2234 899 2294; x_wconf 87' lang='lat' dir='ltr'>item</span> <span class='ocrx_word' id='word_1_197' title='bbox 914 2233 1085 2311; x_wconf 91' lang='lat' dir='ltr'>lentiginem</span> <span class='ocrx_word' id='word_1_198' title='bbox 1105 2240 1136 2292; x_wconf 91' lang='lat' dir='ltr'>et</span> 
     </span>
     <span class='ocr_line' id='line_1_25' title="bbox 117 2313 1135 2396; baseline 0.003 -24"><span class='ocrx_word' id='word_1_199' title='bbox 117 2313 266 2374; x_wconf 90' lang='lat' dir='ltr'>mulierum</span> <span class='ocrx_word' id='word_1_200' title='bbox 283 2316 311 2375; x_wconf 92' lang='lat' dir='ltr'>in</span> <span class='ocrx_word' id='word_1_201' title='bbox 326 2315 402 2376; x_wconf 91' lang='lat' dir='ltr'>facie</span> <span class='ocrx_word' id='word_1_202' title='bbox 422 2317 500 2376; x_wconf 88' lang='lat' dir='ltr'>vitia.</span> <span class='ocrx_word' id='word_1_203' title='bbox 531 2316 662 2377; x_wconf 88' lang='lat' dir='ltr'>lavantur</span> <span class='ocrx_word' id='word_1_204' title='bbox 682 2319 767 2378; x_wconf 90' lang='lat' dir='ltr'>etiam</span> <span class='ocrx_word' id='word_1_205' title='bbox 788 2326 819 2376; x_wconf 93' lang='lat' dir='ltr'>nt</span> <span class='ocrx_word' id='word_1_206' title='bbox 839 2315 986 2396; x_wconf 88' lang='lat' dir='ltr'>plumbum</span> <span class='ocrx_word' id='word_1_207' title='bbox 1010 2318 1039 2376; x_wconf 92' lang='lat' dir='ltr'>iu</span> <span class='ocrx_word' id='word_1_208' title='bbox 1061 2333 1135 2376; x_wconf 89' lang='lat' dir='ltr'>ocu·</span> 
     </span>
     <span class='ocr_line' id='line_1_26' title="bbox 117 2397 1169 2479; baseline 0.006 -23"><span class='ocrx_word' id='word_1_209' title='bbox 117 2397 210 2458; x_wconf 91' lang='lat' dir='ltr'>lorum</span> <span class='ocrx_word' id='word_1_210' title='bbox 226 2398 443 2460; x_wconf 87' lang='lat' dir='ltr'>medicamenta.</span> <span class='ocrx_word' id='word_1_211' title='bbox 458 2399 586 2460; x_wconf 89' lang='lat' dir='ltr'>sordidis</span> <span class='ocrx_word' id='word_1_212' title='bbox 596 2401 745 2460; x_wconf 85' lang='lat' dir='ltr'>ulceribus</span> <span class='ocrx_word' id='word_1_213' title='bbox 759 2409 788 2461; x_wconf 88' lang='lat' dir='ltr'>et</span> <span class='ocrx_word' id='word_1_214' title='bbox 800 2401 904 2479; x_wconf 89' lang='lat' dir='ltr'>capitis</span> <span class='ocrx_word' id='word_1_215' title='bbox 916 2399 1134 2478; x_wconf 87' lang='lat' dir='ltr'>emptionibus,</span> <span class='ocrx_word' id='word_1_216' title='bbox 1144 2419 1169 2462; x_wconf 76' lang='lat' dir='ltr'>as</span> 
     </span>
    </p>

    <p class='ocr_par' dir='ltr' id='par_1_8' title="bbox 76 2479 1167 3211">
     <span class='ocr_line' id='line_1_27' title="bbox 76 2479 1137 2562; baseline 0.002 -21"><span class='ocrx_word' id='word_1_217' title='bbox 76 2479 117 2541; x_wconf 85' lang='grc'>99</span> <span class='ocrx_word' id='word_1_218' title='bbox 127 2497 228 2542; x_wconf 93' lang='lat' dir='ltr'>canum</span> <span class='ocrx_word' id='word_1_219' title='bbox 248 2483 392 2544; x_wconf 89' lang='lat' dir='ltr'>morsibus</span> <span class='ocrx_word' id='word_1_220' title='bbox 407 2501 445 2542; x_wconf 88' lang='lat' dir='ltr'>ex</span> <span class='ocrx_word' id='word_1_221' title='bbox 461 2501 534 2561; x_wconf 90' lang='lat' dir='ltr'>aqua</span> <span class='ocrx_word' id='word_1_222' title='bbox 556 2483 721 2545; x_wconf 89' lang='lat' dir='ltr'>inlinuntur.</span> <span class='ocrx_word' id='word_1_223' title='bbox 751 2483 834 2544; x_wconf 86' lang='lat' dir='ltr'>Libet</span> <span class='ocrx_word' id='word_1_224' title='bbox 850 2493 879 2544; x_wconf 87' lang='lat' dir='ltr'>et</span> <span class='ocrx_word' id='word_1_225' title='bbox 897 2484 1045 2562; x_wconf 88' lang='lat' dir='ltr'>coquendi</span> <span class='ocrx_word' id='word_1_226' title='bbox 1062 2484 1137 2544; x_wconf 89' lang='lat' dir='ltr'>dare</span> 
     </span>
     <span class='ocr_line' id='line_1_28' title="bbox 118 2563 1135 2646; baseline 0.003 -23"><span class='ocrx_word' id='word_1_227' title='bbox 118 2563 230 2643; x_wconf 86' lang='lat' dir='ltr'>aliquas</span> <span class='ocrx_word' id='word_1_228' title='bbox 246 2569 402 2628; x_wconf 89' lang='lat' dir='ltr'>communis</span> <span class='ocrx_word' id='word_1_229' title='bbox 417 2568 445 2626; x_wconf 90' lang='lat' dir='ltr'>in</span> <span class='ocrx_word' id='word_1_230' title='bbox 461 2569 537 2626; x_wconf 93' lang='lat' dir='ltr'>omni</span> <span class='ocrx_word' id='word_1_231' title='bbox 553 2584 589 2627; x_wconf 94' lang='lat' dir='ltr'>eo</span> <span class='ocrx_word' id='word_1_232' title='bbox 613 2586 724 2646; x_wconf 80' lang='lat' dir='ltr'>genere</span> <span class='ocrx_word' id='word_1_233' title='bbox 745 2568 986 2645; x_wconf 82' lang='lat' dir='ltr'>observationes,</span> <span class='ocrx_word' id='word_1_234' title='bbox 1015 2568 1135 2646; x_wconf 88' lang='lat' dir='ltr'>quando</span> 
     </span>
     <span class='ocr_line' id='line_1_29' title="bbox 117 2641 1136 2731; baseline 0.006 -25"><span class='ocrx_word' id='word_1_235' title='bbox 117 2641 200 2725; x_wconf 90' lang='lat' dir='ltr'>ipsae</span> <span class='ocrx_word' id='word_1_236' title='bbox 222 2652 281 2710; x_wconf 92' lang='lat' dir='ltr'>suis</span> <span class='ocrx_word' id='word_1_237' title='bbox 300 2651 431 2712; x_wconf 90' lang='lat' dir='ltr'>manibus</span> <span class='ocrx_word' id='word_1_238' title='bbox 452 2651 575 2712; x_wconf 82' lang='lat' dir='ltr'>deliciae</span> <span class='ocrx_word' id='word_1_239' title='bbox 590 2662 767 2731; x_wconf 89' lang='lat' dir='ltr'>praeparant</span> <span class='ocrx_word' id='word_1_240' title='bbox 780 2652 857 2714; x_wconf 90' lang='lat' dir='ltr'>hunc</span> <span class='ocrx_word' id='word_1_241' title='bbox 880 2652 976 2712; x_wconf 89' lang='lat' dir='ltr'>cibum</span> <span class='ocrx_word' id='word_1_242' title='bbox 992 2652 1089 2712; x_wconf 92' lang='lat' dir='ltr'>solum</span> <span class='ocrx_word' id='word_1_243' title='bbox 1105 2661 1136 2712; x_wconf 91' lang='lat' dir='ltr'>et</span> 
     </span>
     <span class='ocr_line' id='line_1_30' title="bbox 118 2733 1134 2814; baseline 0.007 -25"><span class='ocrx_word' id='word_1_244' title='bbox 118 2733 293 2806; x_wconf 82' lang='lat' dir='ltr'>cogitatione</span> <span class='ocrx_word' id='word_1_245' title='bbox 313 2745 378 2794; x_wconf 89' lang='lat' dir='ltr'>ante</span> <span class='ocrx_word' id='word_1_246' title='bbox 393 2744 551 2814; x_wconf 90' lang='lat' dir='ltr'>pascuntur</span> <span class='ocrx_word' id='word_1_247' title='bbox 566 2737 674 2797; x_wconf 89' lang='lat' dir='ltr'>sucinis</span> <span class='ocrx_word' id='word_1_248' title='bbox 690 2737 841 2798; x_wconf 89' lang='lat' dir='ltr'>novaculis</span> <span class='ocrx_word' id='word_1_249' title='bbox 857 2744 906 2796; x_wconf 88' lang='lat' dir='ltr'>aut</span> <span class='ocrx_word' id='word_1_250' title='bbox 920 2745 1067 2813; x_wconf 85' lang='lat' dir='ltr'>argenteo</span> <span class='ocrx_word' id='word_1_251' title='bbox 1082 2735 1134 2796; x_wconf 87' lang='lat' dir='ltr'>ad·</span> 
     </span>
     <span class='ocr_line' id='line_1_31' title="bbox 117 2819 1167 2900; baseline 0.008 -28"><span class='ocrx_word' id='word_1_252' title='bbox 117 2822 219 2891; x_wconf 91' lang='lat' dir='ltr'>paratu</span> <span class='ocrx_word' id='word_1_253' title='bbox 235 2819 396 2878; x_wconf 88' lang='lat' dir='ltr'>comitante.</span> <span class='ocrx_word' id='word_1_254' title='bbox 425 2821 505 2879; x_wconf 89' lang='lat' dir='ltr'>noxii</span> <span class='ocrx_word' id='word_1_255' title='bbox 521 2830 604 2881; x_wconf 90' lang='lat' dir='ltr'>eruut</span> <span class='ocrx_word' id='word_1_256' title='bbox 619 2821 700 2899; x_wconf 87' lang='lat' dir='ltr'>fungi</span> <span class='ocrx_word' id='word_1_257' title='bbox 715 2822 807 2900; x_wconf 88' lang='lat' dir='ltr'>quiin</span> <span class='ocrx_word' id='word_1_258' title='bbox 824 2819 979 2899; x_wconf 87' lang='lat' dir='ltr'>coquendo</span> <span class='ocrx_word' id='word_1_259' title='bbox 996 2820 1167 2880; x_wconf 75' lang='lat' dir='ltr'>durioresco</span> 
     </span>
     <span class='ocr_line' id='line_1_32' title="bbox 118 2896 1133 2985; baseline 0.006 -29"><span class='ocrx_word' id='word_1_260' title='bbox 118 2896 203 2972; x_wconf 86' lang='lat' dir='ltr'>fient,</span> <span class='ocrx_word' id='word_1_261' title='bbox 219 2898 435 2963; x_wconf 89' lang='lat' dir='ltr'>innocentiores</span> <span class='ocrx_word' id='word_1_262' title='bbox 450 2905 498 2981; x_wconf 94' lang='lat' dir='ltr'>qui</span> <span class='ocrx_word' id='word_1_263' title='bbox 512 2905 587 2965; x_wconf 93' lang='lat' dir='ltr'>nitro</span> <span class='ocrx_word' id='word_1_264' title='bbox 601 2904 699 2966; x_wconf 91' lang='lat' dir='ltr'>addito</span> <span class='ocrx_word' id='word_1_265' title='bbox 712 2913 889 2985; x_wconf 89' lang='lat' dir='ltr'>coquentur‚</span> <span class='ocrx_word' id='word_1_266' title='bbox 906 2904 931 2960; x_wconf 94' lang='lat' dir='ltr'>si</span> <span class='ocrx_word' id='word_1_267' title='bbox 943 2899 1048 2981; x_wconf 83' lang='lat' dir='ltr'>ntique</span> <span class='ocrx_word' id='word_1_268' title='bbox 1065 2921 1133 2982; x_wconf 83' lang='lat' dir='ltr'>per-</span> 
     </span>
     <span class='ocr_line' id='line_1_33' title="bbox 119 2985 1133 3065; baseline 0.004 -25"><span class='ocrx_word' id='word_1_269' title='bbox 119 2990 289 3058; x_wconf 87' lang='lat' dir='ltr'>coquuntur.</span> <span class='ocrx_word' id='word_1_270' title='bbox 324 2987 447 3047; x_wconf 90' lang='lat' dir='ltr'>tutiores</span> <span class='ocrx_word' id='word_1_271' title='bbox 467 2985 537 3046; x_wconf 86' lang='lat' dir='ltr'>liunt</span> <span class='ocrx_word' id='word_1_272' title='bbox 559 3006 623 3047; x_wconf 92' lang='lat' dir='ltr'>cum</span> <span class='ocrx_word' id='word_1_273' title='bbox 645 3006 732 3049; x_wconf 91' lang='lat' dir='ltr'>carne</span> <span class='ocrx_word' id='word_1_274' title='bbox 749 2987 825 3047; x_wconf 92' lang='lat' dir='ltr'>cocti</span> <span class='ocrx_word' id='word_1_275' title='bbox 840 2994 889 3046; x_wconf 89' lang='lat' dir='ltr'>aut</span> <span class='ocrx_word' id='word_1_276' title='bbox 909 3003 975 3044; x_wconf 91' lang='lat' dir='ltr'>cum</span> <span class='ocrx_word' id='word_1_277' title='bbox 990 2987 1133 3065; x_wconf 86' lang='lat' dir='ltr'>pediculo</span> 
     </span>
     <span class='ocr_line' id='line_1_34' title="bbox 117 3065 1133 3149; baseline 0.007 -27"><span class='ocrx_word' id='word_1_278' title='bbox 117 3065 182 3143; x_wconf 88' lang='lat' dir='ltr'>piri.</span> <span class='ocrx_word' id='word_1_279' title='bbox 213 3065 340 3143; x_wconf 86' lang='lat' dir='ltr'>prosunt</span> <span class='ocrx_word' id='word_1_280' title='bbox 349 3079 378 3128; x_wconf 90' lang='lat' dir='ltr'>et</span> <span class='ocrx_word' id='word_1_281' title='bbox 394 3071 456 3148; x_wconf 89' lang='lat' dir='ltr'>pira</span> <span class='ocrx_word' id='word_1_282' title='bbox 475 3070 628 3131; x_wconf 73' lang='lat' dir='ltr'>confestim</span> <span class='ocrx_word' id='word_1_283' title='bbox 642 3080 766 3149; x_wconf 92' lang='lat' dir='ltr'>sumpta.</span> <span class='ocrx_word' id='word_1_284' title='bbox 792 3068 923 3130; x_wconf 86' lang='lat' dir='ltr'>debellat</span> <span class='ocrx_word' id='word_1_285' title='bbox 939 3085 995 3130; x_wconf 89' lang='lat' dir='ltr'>eos</span> <span class='ocrx_word' id='word_1_286' title='bbox 1011 3080 1042 3131; x_wconf 90' lang='lat' dir='ltr'>et</span> <span class='ocrx_word' id='word_1_287' title='bbox 1057 3071 1133 3130; x_wconf 83' lang='lat' dir='ltr'>aceti</span> 
     </span>
     <span class='ocr_line' id='line_1_35' title="bbox 116 3153 444 3211; baseline 0.018 -6"><span class='ocrx_word' id='word_1_288' title='bbox 116 3155 218 3209; x_wconf 87' lang='lat' dir='ltr'>natura</span> <span class='ocrx_word' id='word_1_289' title='bbox 235 3153 377 3211; x_wconf 89' lang='lat' dir='ltr'>contraria</span> <span class='ocrx_word' id='word_1_290' title='bbox 399 3154 444 3211; x_wconf 91' lang='lat' dir='ltr'>iis.</span> 
     </span>
    </p>

    <p class='ocr_par' dir='ltr' id='par_1_9' title="bbox 75 3232 1162 3317">
     <span class='ocr_line' id='line_1_36' title="bbox 75 3232 1162 3317; baseline 0.005 -23"><span class='ocrx_word' id='word_1_291' title='bbox 75 3241 126 3294; x_wconf 87' lang='lat'>100</span> <span class='ocrx_word' id='word_1_292' title='bbox 200 3232 282 3312; x_wconf 88' lang='grc'>(48.)</span> <span class='ocrx_word' id='word_1_293' title='bbox 295 3233 436 3295; x_wconf 92' lang='lat' dir='ltr'>bnbribus</span> <span class='ocrx_word' id='word_1_294' title='bbox 449 3238 620 3314; x_wconf 88' lang='lat' dir='ltr'>proveniunt</span> <span class='ocrx_word' id='word_1_295' title='bbox 631 3240 725 3297; x_wconf 89' lang='lat' dir='ltr'>omnia</span> <span class='ocrx_word' id='word_1_296' title='bbox 736 3237 821 3312; x_wconf 90' lang='lat' dir='ltr'>baeu,</span> <span class='ocrx_word' id='word_1_297' title='bbox 834 3237 926 3298; x_wconf 91' lang='lat' dir='ltr'>imbre</span> <span class='ocrx_word' id='word_1_298' title='bbox 940 3247 971 3298; x_wconf 90' lang='lat' dir='ltr'>et</span> <span class='ocrx_word' id='word_1_299' title='bbox 982 3237 1129 3317; x_wconf 83' lang='lat' dir='ltr'>silphium.</span> <span class='ocrx_word' id='word_1_300' title='bbox 1139 3257 1162 3299; x_wconf 80' lang='lat' dir='ltr'>ts</span> 
     </span>
    </p>

    <p class='ocr_par' dir='ltr' id='par_1_10' title="bbox 74 3315 1131 3480">
     <span class='ocr_line' id='line_1_37' title="bbox 74 3315 1131 3409; baseline 0.011 -40"><span class='ocrx_word' id='word_1_301' title='bbox 74 3333 104 3378; x_wconf 81' lang='lat' dir='ltr'>n,</span> <span class='ocrx_word' id='word_1_302' title='bbox 116 3316 228 3409; x_wconf 64' lang='lat' dir='ltr'>savenit</span> <span class='ocrx_word' id='word_1_303' title='bbox 241 3319 333 3393; x_wconf 92' lang='lat' dir='ltr'>primo</span> <span class='ocrx_word' id='word_1_304' title='bbox 346 3335 362 3376; x_wconf 96' lang='lat' dir='ltr'>e</span> <span class='ocrx_word' id='word_1_305' title='bbox 373 3315 510 3395; x_wconf 77' lang='lat' dir='ltr'>Cyrenis,</span> <span class='ocrx_word' id='word_1_306' title='bbox 527 3329 558 3379; x_wconf 94' lang='lat' dir='ltr'>nt</span> <span class='ocrx_word' id='word_1_307' title='bbox 569 3319 673 3380; x_wconf 89' lang='lat' dir='ltr'>dictum</span> <span class='ocrx_word' id='word_1_308' title='bbox 686 3330 741 3382; x_wconf 86' lang='lat' dir='ltr'>est.</span> <span class='ocrx_word' id='word_1_309' title='bbox 762 3339 800 3382; x_wconf 87' lang='lat' dir='ltr'>ex</span> <span class='ocrx_word' id='word_1_310' title='bbox 813 3322 897 3396; x_wconf 80' lang='lat' dir='ltr'>Syria</span> <span class='ocrx_word' id='word_1_311' title='bbox 908 3339 986 3382; x_wconf 89' lang='lat' dir='ltr'>nunc</span> <span class='ocrx_word' id='word_1_312' title='bbox 996 3339 1131 3381; x_wconf 86' lang='lat' dir='ltr'>maxume</span> 
     </span>
     <span class='ocr_line' id='line_1_38' title="bbox 102 3399 1129 3480; baseline 0.013 -30"><span class='ocrx_word' id='word_1_313' title='bbox 102 3407 294 3474; x_wconf 77' lang='lat' dir='ltr'>importatur,</span> <span class='ocrx_word' id='word_1_314' title='bbox 309 3399 435 3460; x_wconf 87' lang='lat' dir='ltr'>deterius</span> <span class='ocrx_word' id='word_1_315' title='bbox 458 3401 611 3479; x_wconf 87' lang='lat' dir='ltr'>Parthico,</span> <span class='ocrx_word' id='word_1_316' title='bbox 636 3405 689 3465; x_wconf 88' lang='lat' dir='ltr'>sed</span> <span class='ocrx_word' id='word_1_317' title='bbox 706 3403 820 3464; x_wconf 84' lang='lat' dir='ltr'>bledico</span> <span class='ocrx_word' id='word_1_318' title='bbox 836 3406 958 3480; x_wconf 89' lang='lat' dir='ltr'>melius,</span> <span class='ocrx_word' id='word_1_319' title='bbox 981 3407 1129 3465; x_wconf 88' lang='lat' dir='ltr'>exstincto</span> 
     </span>
    </p>

    <p class='ocr_par' dir='ltr' id='par_1_11' title="bbox 73 3478 1128 3566">
     <span class='ocr_line' id='line_1_39' title="bbox 73 3478 1128 3566; baseline 0.012 -31"><span class='ocrx_word' id='word_1_320' title='bbox 73 3499 102 3543; x_wconf 76' lang='lat' dir='ltr'>n.</span> <span class='ocrx_word' id='word_1_321' title='bbox 114 3482 221 3538; x_wconf 70' lang='lat' dir='ltr'>comni</span> <span class='ocrx_word' id='word_1_322' title='bbox 245 3478 423 3559; x_wconf 79' lang='lat' dir='ltr'>Cyrenaico,</span> <span class='ocrx_word' id='word_1_323' title='bbox 438 3493 469 3544; x_wconf 91' lang='lat' dir='ltr'>nt</span> <span class='ocrx_word' id='word_1_324' title='bbox 484 3485 616 3546; x_wconf 86' lang='lat' dir='ltr'>diximus.</span> <span class='ocrx_word' id='word_1_325' title='bbox 645 3485 721 3548; x_wconf 90' lang='lat' dir='ltr'>Usus</span> <span class='ocrx_word' id='word_1_326' title='bbox 744 3487 831 3566; x_wconf 90' lang='lat' dir='ltr'>silphi</span> <span class='ocrx_word' id='word_1_327' title='bbox 845 3490 873 3548; x_wconf 90' lang='lat' dir='ltr'>in</span> <span class='ocrx_word' id='word_1_328' title='bbox 890 3490 1054 3550; x_wconf 86' lang='lat' dir='ltr'>medicina:</span> <span class='ocrx_word' id='word_1_329' title='bbox 1085 3489 1128 3548; x_wconf 90' lang='lat' dir='ltr'>fo·</span> 
     </span>
    </p>
   </div>
   <div class='ocr_carea' id='block_1_3' title="bbox 0 0 1211 3914">
    <p class='ocr_par' dir='ltr' id='par_1_12' title="bbox 0 0 1211 3914">
     <span class='ocr_line' id='line_1_40' title="bbox 0 0 1211 3914; baseline 0 0"><span class='ocrx_word' id='word_1_330' title='bbox 0 0 1211 3914; x_wconf 95' lang='lat' dir='ltr'> </span> 
     </span>
    </p>
   </div>
  </div>
 </body>
</html>
