2370 3922
173 251 215 310 42
522 261 553 310 o.
570 263 667 310 numu
679 261 829 314 sacuam

166 416 238 480 ciac
250 416 303 477 vis.
319 415 450 476 medetur
466 423 496 475 et
510 417 616 477 attritis
630 415 760 494 partibus
775 418 839 478 eive
856 416 926 479 oleo
941 435 958 476 e
972 417 1082 478 semine
1096 417 1152 476 etas

42 508 49 522 ·
167 500 246 558 lacto
263 515 408 576 ceraeque
421 500 533 574 mixto,
548 500 611 559 sive
625 499 704 560 loliis
721 518 761 559 ex
774 499 842 560 oleo
859 499 1000 575 decoctis,
1021 501 1085 558 aire
1098 517 1153 558 cun

168 599 241 659 aqua
256 581 350 642 virilia
360 582 522 643 foveantur.
554 584 615 644 scio
628 581 829 644 Democratem
849 583 989 644 medicum
1007 585 1040 642 in
1063 582 1154 642 ualitu-

157 663 234 724 dine
249 662 404 726 Considiae
419 659 456 724 ll.
472 665 578 726 Servili
593 665 753 728 consularis
766 666 843 726 liliue
858 683 971 728 omnem
984 667 1155 729 ornationem

168 757 313 808 austeram
328 750 491 808 recusantis
503 749 552 811 diu
566 749 724 812 efficaciter
738 767 819 810 usum
832 749 910 810 lacte
924 767 1076 828 caprarum
1093 765 1172 827 quasa

166 830 291 893 lentisco
307 832 453 909 pascebat.

121 923 158 978 tt
221 915 249 977 8.
273 913 356 993 (29.)
379 912 489 977 Platani
504 915 692 976 adversantur
708 916 979 994 vespertilionibus,
994 915 1103 994 pilulae
1117 931 1155 976 ea

165 1016 228 1058 rum
243 999 272 1058 in
289 1000 357 1058 vino
372 1006 461 1076 potae
482 997 665 1058 denariorum
678 1013 733 1060 1111
749 999 880 1077 pondere
898 1000 1032 1060 omuibus
1045 1015 1172 1076 serpen.

55 1137 59 1145 .
166 1083 236 1142 tium
259 1090 289 1140 et
313 1083 498 1159 scorpionum
518 1083 659 1157 venenis,
678 1083 749 1142 item
765 1083 912 1144 ambustis.
944 1091 1049 1144 tunsae
1072 1089 1172 1158 aute!¹

165 1183 229 1224 cnm
243 1173 327 1224 aceto
343 1166 402 1224 acri
413 1166 562 1242 magisque
577 1165 684 1226 scillite
699 1168 867 1242 sangninem
882 1183 998 1226 omnem
1013 1167 1172 1282 sistuutetp

166 1246 335 1324 lentiginem
347 1254 377 1306 et
392 1249 581 1308 carcinomata
596 1249 823 1327 malandriasque
834 1258 954 1310 veteres
967 1247 1069 1310 addito
1079 1247 1153 1306 melle
1170 1285 1172 1324 3

119 1341 157 1395 45
169 1331 328 1390 emendant.
359 1329 431 1390 lolia
446 1338 541 1392 autern
554 1339 584 1390 et
597 1341 700 1393 cortex
714 1334 870 1394 inlinuntur
890 1331 1116 1394 collectionibus
1131 1337 1154 1390 et
1170 1335 1172 1346 '

166 1413 436 1490 suppurationibus,
453 1422 484 1472 et
498 1413 648 1474 decoctum
662 1433 779 1492 corum,
794 1417 913 1477 corticis
926 1424 1026 1476 autem
1037 1417 1068 1474 in
1081 1421 1154 1474 aceto
1170 1467 1172 1502 1

165 1495 292 1556 dentium
304 1496 462 1556 remedium
478 1501 541 1574 est,
555 1497 691 1559 loliorum
707 1501 862 1558 tenerrima
882 1501 912 1558 iu
937 1500 1008 1559 vino
1030 1499 1097 1558 albo
1115 1497 1152 1556 de
1170 1505 1172 1572 g

164 1586 247 1640 cocta
264 1579 421 1640 oculorum.
450 1580 555 1658 lanugo
574 1581 709 1643 loliorum
730 1591 760 1642 et
783 1581 898 1644 auribus
920 1590 951 1642 et
971 1582 1067 1643 oculis
1082 1580 1152 1640 inuti·

164 1663 209 1722 lis.
241 1665 313 1724 ciuis
328 1663 479 1743 pilularum
493 1673 574 1725 sanat
586 1665 716 1726 ambusta
734 1667 794 1744 igni
809 1665 857 1726 vel
873 1666 996 1742 frigore.
1026 1673 1150 1726 contexe

163 1749 233 1806 vino
249 1749 435 1824 scorpionum
448 1750 521 1808 ictus
536 1751 699 1827 restinguit.
1170 1767 1172 1828 p

119 1841 157 1894 46
232 1829 314 1908 (30.)
349 1830 489 1891 Fraxinus
517 1849 599 1909 quam
625 1834 682 1890 vim
702 1831 841 1892 adversus
866 1833 1017 1911 serpentis
1042 1831 1150 1890 baberet

123 1934 152 1974 ac,
164 1929 187 1967 aa
209 1914 402 1976 iudicavimus.
434 1931 534 1974 semen
549 1915 628 1976 loliis
644 1915 706 1976 eius
718 1917 811 1991 inest,
827 1933 901 1994 quae
921 1916 1076 1976 medentur
1092 1912 1163 1972 ioci·

166 1998 264 2070 neris,
290 1995 413 2056 laterum
433 1996 584 2059 doloribus
606 2001 635 2058 in
657 2000 742 2074 vino,
765 2015 865 2076 aquam
886 2017 961 2076 quae
974 1999 1056 2060 subit
1070 2003 1151 2058 cutem

165 2077 326 2137 extrahunt.
359 2095 465 2157 corpus
493 2081 614 2142 obesum
636 2083 734 2142 levant
755 2099 846 2142 onere
868 2084 976 2142 sensim
992 2083 1030 2142 ad
1044 2080 1149 2140 maciem

165 2159 352 2237 relucentia,
375 2161 477 2222 iisdem
499 2164 578 2224 loliis
604 2183 668 2226 enm
691 2167 760 2226 vino
776 2166 852 2224 tritis
874 2165 909 2225 ad
925 2167 1032 2225 virium
1053 2162 1148 2242 portio

165 2259 247 2318 uem,
263 2245 303 2302 ita
314 2252 344 2303 ut
360 2261 454 2323 puero
472 2248 597 2325 quinque
611 2248 681 2310 lolia
696 2248 787 2310 tribus
803 2246 915 2323 cyathis
929 2247 1089 2322 diluantur,
1110 2258 1146 2301 rt·

164 2325 343 2388 bustioribns
369 2337 483 2406 septem
510 2331 579 2392 lolia
604 2333 698 2410 quiuis
721 2332 788 2391 viui.
823 2349 881 2392 non
906 2330 1093 2390 omittendum
1111 2342 1146 2384 rt

164 2418 260 2470 menta
274 2412 337 2470 eius
348 2409 383 2472 'et
402 2413 552 2474 scobema
573 2414 740 2492 quibusdam
754 2415 880 2474 cavenda
896 2413 1036 2490 praedici.
1149 2423 1170 2492 'l

228 2493 309 2572 (31.)
335 2495 440 2556 Aceris
462 2497 546 2558 radix
568 2507 707 2566 contrusa
725 2517 742 2558 e
759 2499 827 2558 vino
850 2499 991 2560 iocineris
1008 2493 1142 2558 doloribus

166 2577 367 2639 efficacissime
383 2581 537 2657 inponitur.
862 2611 867 2620 ·

119 2665 156 2721 4⁷
230 2659 312 2739 (32.)
339 2661 442 2740 Populi
458 2662 542 2722 albae
557 2681 672 2724 uvarum
693 2666 723 2724 in
739 2666 893 2741 ungnentis
919 2681 1003 2728 usum
1026 2657 1141 2740 exposed·

122 2737 151 2777 ¹²·
162 2738 196 2774 ¹³²
207 2759 276 2804 mus.
308 2754 412 2806 cortex
426 2753 511 2823 potus
523 2745 697 2822 ischiadicis,
710 2749 890 2824 stranguriae
911 2746 1052 2825 prodest,
1073 2741 1141 2803 felic

164 2839 226 2880 rum
242 2843 326 2884 sucus
342 2828 450 2888 calidus
465 2830 574 2888 aurium
590 2827 694 2890 dolori.
727 2832 837 2907 virgam
850 2830 951 2909 populi
970 2831 1001 2888 iu
1016 2843 1094 2888 mauu
1111 2823 1169 2896 lael

164 2905 299 2965 uentibus
322 2910 478 2988 intertrigo
501 2929 559 2973 non
579 2919 730 2977 metuatur.
761 2913 886 2991 populus
908 2915 993 2990 nigra
1020 2906 1140 2972 efficacis·
1167 2969 1168 2986 1

163 2987 234 3046 sima
257 2987 380 3050 babetur
394 3010 466 3068 quae
485 2993 615 3055 increta
632 2996 774 3070 nascitur,
795 2995 989 3056 comitialibus
1008 3003 1140 3056 somena!
1167 3037 1168 3054 r

155 3071 256 3130 acmo.
288 3071 378 3130 lundit
393 3075 441 3134 illa
457 3084 487 3136 et
504 3079 628 3138 resinam
643 3079 794 3154 exiguam,
809 3097 865 3156 qua
885 3087 1004 3138 utuntur
1021 3079 1057 3138 ad
1071 3070 1137 3133 malt·
1164 3059 1168 3166 l

142 3204 144 3212 .
161 3162 265 3232 gmata.
295 3152 365 3212 lolia
383 3156 520 3233 podagris
536 3161 565 3218 iu
580 3167 664 3220 aceto
686 3160 808 3221 decocta
823 3163 1006 3240 inponuntur.
1036 3174 1107 3222 umor
1124 3169 1136 3210 t

162 3239 242 3300 cavis
257 3233 357 3316 populi
382 3238 483 3313 nigrae
508 3242 630 3303 effluens
649 3260 786 3302 verrucas
801 3243 980 3322 papulasque
1003 3263 1042 3304 ex
1055 3207 1167 3352 attritu*

161 3321 284 3384 obortas
298 3317 383 3378 tollit.
422 3324 521 3398 populi
538 3325 636 3384 ierunt
649 3332 679 3384 et
693 3325 723 3382 in
733 3325 813 3387 loliis
826 3335 937 3404 guttam
952 3346 992 3388 ex
1007 3344 1061 3404 qua
1079 3334 1133 3399 apat
1165 3359 1167 3370 ‹

162 3405 309 3548 pffipolim
326 3401 439 3462 iaciunt.
469 3413 550 3480 gutta
572 3424 688 3484 quoque
709 3408 832 3485 adquae
856 3409 990 3489 propolis
1012 3428 1051 3470 ex
1078 3415 1132 3481 aput
1165 3419 1167 3485 l

161 3503 180 3548 e
213 3506 275 3548 cax
507 3547 514 3558 ,
763 3523 771 3536 ·
1165 3509 1166 3532 ³

1167 3169 1168 3180 t

1165 3195 1167 3206 a
