2396 3922
193 267 251 328 100
505 277 534 325 e.
556 279 652 326 nnrnr
673 277 821 326 sneunor

54 429 58 438 ’
161 443 180 496 a
251 431 314 509 (3.)
337 431 402 492 Non
416 433 512 493 luerat
528 433 602 492 hacc
621 432 684 492 lues
705 431 780 510 apud
798 435 924 493 maiores
945 441 1094 511 patresque
1114 447 1156 490 no-

187 523 279 589 stros,
302 523 332 574 et
353 517 473 594 primum
495 515 592 575 Tiberi
616 514 716 576 Claudi
737 514 874 576 Caesaris
894 518 1053 594 principatu
1076 515 1157 574 nerlio

186 599 306 676 inrepsit
327 601 355 658 in
373 598 483 659 ltaliam
504 599 626 676 quodam
651 598 790 659 Perusino
818 601 915 676 equite
937 600 1065 659 Romano
1086 615 1157 675 quae·

186 682 275 742 sterio
308 681 421 759 scriba,
448 699 510 742 cum
533 685 561 741 in
582 683 653 744 Asia
676 683 872 761 adparuisset,
894 683 959 743 inrlc
975 681 1159 758 contagionem

185 765 248 824 eius
264 766 436 843 importante.
469 785 524 826 nec
540 784 659 826 sensere
675 767 703 825 id
722 767 825 826 malum
847 767 969 826 lemicae
990 774 1037 826 aut
1058 766 1180 823 seruitiis

185 847 347 926 plebesque
364 849 477 910 humilis
501 859 548 909 aut
568 849 677 928 merlis,
703 849 755 910 sed
778 865 918 930 proceres
942 849 1039 908 veloci
1058 849 1162 907 transitu

185 931 279 991 osculi
301 951 449 1008 maxume,
476 934 609 994 foediore
630 934 781 994 multorum
801 936 848 1012 qui
870 935 983 1012 perpeti
1007 932 1161 992 medicinam

185 1014 381 1075 toleraverant
397 1019 532 1076 cicatrice
546 1035 630 1095 quam
644 1016 756 1076 morbo.
800 1019 936 1076 causticis
955 1033 1078 1092 mamque
1096 1030 1160 1073 cura·

186 1099 278 1174 batur,
296 1101 426 1178 uiasque
443 1102 470 1158 in
488 1117 555 1160 ossa
572 1117 679 1178 corpus
691 1109 822 1160 exustum
838 1110 927 1176 esset,
942 1099 1103 1158 rebellante
1116 1106 1160 1156 tae·

159 1183 245 1256 adio,
262 1182 495 1262 adveneruntque
510 1202 548 1243 err
560 1185 697 1262 Aegypto
709 1185 858 1262 genetrice
873 1183 969 1243 talium
978 1185 1181 1242 vitiorommeo

185 1265 242 1324 dici
259 1266 333 1325 hanc
349 1267 440 1327 solam
457 1285 575 1345 operam
586 1267 751 1328 adferentes
766 1285 868 1344 magna
880 1285 931 1328 sua
944 1266 1071 1345 praeda,
1092 1259 1174 1342 siqui-¹

186 1349 250 1408 dem
278 1359 386 1409 certum
408 1360 452 1409 est
479 1350 623 1410 Manilium
645 1349 800 1411 Cornutum
828 1369 844 1410 e
873 1351 1029 1429 praetoriis
1055 1349 1165 1426 legatum

186 1432 376 1508 Aquitanicae
393 1433 560 1512 provinciae
574 1435 630 1494 llS.
649 1433 698 1494 GG
714 1434 850 1494 elocasse
863 1435 892 1492 in
904 1451 941 1494 eo
957 1433 1063 1493 morbo
1081 1449 1165 1490 curar-

185 1515 250 1574 dum
267 1534 351 1593 sese,
374 1517 536 1596 acciditque
551 1520 668 1596 saepius
689 1528 718 1577 ut
730 1535 805 1576 nova
822 1526 924 1577 contra
939 1535 1052 1594 genera
1067 1515 1165 1574 morbo-

184 1617 249 1685 rum·
261 1593 403 1677 gregatim
418 1603 598 1660 sentirentur.
644 1619 700 1680 quo
722 1599 878 1660 mirabilius
894 1601 962 1678 quid
979 1609 1080 1680 potest
1093 1605 1181 1676 repe-t

185 1685 245 1760 riri,
261 1683 356 1761 aliqua
371 1685 451 1762 gigni
467 1693 588 1764 repente
605 1686 672 1744 uitia
687 1693 826 1744 terrarum
846 1686 875 1742 in
896 1694 979 1762 parte
997 1692 1080 1743 certa
1094 1699 1163 1740 men-

185 1765 303 1844 brisque
321 1767 463 1828 hominum
479 1771 566 1831 certis
582 1768 629 1827 vel
645 1767 785 1828 aetatibus
799 1775 847 1827 aut
861 1769 945 1828 etiam
962 1768 1095 1842 fortunis,
1110 1774 1163 1822 tan·

186 1867 269 1927 quam
285 1851 360 1910 malo
377 1851 518 1928 eligente,
543 1853 616 1911 lraec
636 1853 664 1911 irr
678 1853 775 1928 pueris
789 1856 935 1928 grassari,
954 1851 1004 1910 illa
1021 1853 1051 1909 in
1067 1849 1163 1920 adultis,

185 1933 258 1992 lraec
273 1951 414 2011 proceres
430 1937 546 2011 sentire,
562 1935 611 1995 illa
626 1933 790 2013 pauperes?

156 2028 172 2078 5
248 2016 309 2092 (4.)
329 2017 360 2075 L.
369 2017 457 2076 Paulo
471 2017 505 2091 Q.
514 2019 622 2079 biarcio
636 2017 804 2078 censoribus
816 2018 937 2096 primum
949 2018 977 2074 in
990 2015 1104 2076 ltaliam
1115 1997 1181 2072 car-i

185 2096 1163 2178 bunculumvenisseannalibusnotatumest,peculiareNarbonensir

187 2183 352 2259 provinciae
372 2183 491 2261 malum,
514 2202 570 2263 quc
593 2185 648 2244 duo
672 2184 840 2244 consulares
863 2183 965 2242 obiere
987 2180 1164 2242 condentibus

184 2263 256 2323 lraec
271 2265 355 2324 nobis
371 2266 472 2326 eodem
486 2286 577 2344 anno,
599 2268 686 2341 lulius
700 2268 790 2327 liuius
807 2275 835 2325 et
851 2268 885 2342 Q.
901 2267 1048 2325 Lecanius
1063 2265 1162 2335 Bassus,

184 2346 235 2406 ille
246 2349 421 2408 medicorum
434 2352 582 2410 inscientia
599 2361 706 2426 sectus,
723 2350 771 2410 lric
787 2367 860 2409 vero
878 2349 979 2427 pollici
1004 2349 1109 2408 laevae
1121 2362 1162 2403 ma·

184 2447 236 2490 nus
257 2431 358 2492 evolso
374 2449 427 2492 acu
444 2433 478 2492 ab
499 2437 656 2514 semetipso
671 2443 726 2494 tam
744 2451 835 2511 parvo
852 2435 948 2491 utrix
969 2436 1053 2491 cerni
1070 2433 1181 2510 posset!

155 2518 313 2577 6nascitur
336 2519 364 2574 in
393 2517 595 2580 occultissimis
621 2535 774 2596 corporum
795 2515 924 2594 partibus
954 2524 985 2574 et
1008 2517 1162 2594 plerumque

184 2599 349 2677 sublingua
369 2600 468 2659 duritia
491 2600 597 2660 rubens
617 2603 679 2660 vari
699 2599 800 2675 morlo,
830 2599 882 2657 sed
902 2601 999 2678 capite
1023 2599 1160 2674 nigricans,

185 2681 256 2740 alias
271 2682 367 2758 livida,
387 2685 414 2741 iu
429 2702 535 2762 corpus
551 2683 701 2742 intendens
719 2701 812 2760 neque
825 2685 1033 2757 intumescens,
1051 2684 1111 2740 sine
1125 2677 1159 2736 lo

184 2764 257 2838 lore,
274 2767 335 2824 sine
352 2768 471 2844 pruritu,
487 2769 547 2825 sine
562 2766 618 2824 alio
637 2783 719 2842 quam
732 2768 822 2825 somni
835 2765 952 2840 indicio,
969 2783 1029 2842 quo
1042 2769 1161 2842 gravatos

184 2845 212 2902 in
226 2848 318 2906 triduo
335 2851 436 2926 aufert,
450 2849 599 2927 aliquando
616 2857 644 2907 et
659 2849 807 2908 horrorem
820 2848 956 2908 adferens
974 2851 1110 2926 circaque
1124 2854 1181 2922 putt

185 2927 262 2985 sulas
279 2947 393 3005 parvas,
411 2934 502 2992 rarius
519 2931 641 3008 febrem,
661 2932 838 2992 stomachum
851 2932 1004 3008 faucisque
1021 2950 1085 2991 curn
1098 2932 1159 2988 inra-

184 3011 231 3085 sit,
249 3013 383 3070 ocissime
400 3016 572 3074 exanimans.

158 3101 175 3156 ‘l
250 3093 311 3170 (5.)
333 3093 462 3156 Diximus
478 3098 693 3176 elephantiasim
714 3107 779 3156 ante
794 3097 914 3176 Pompei
931 3097 1033 3173 Magni
1056 3103 1158 3156 aetatem

142 3173 172 3215 ²⁰·
184 3173 219 3208 ¹⁴⁴
239 3193 294 3233 non
312 3175 452 3236 accidisse
469 3179 607 3254 initalia,
627 3189 655 3238 et
670 3183 760 3256 ipsam
782 3181 887 3240 alacie
904 3183 1024 3258 saepius
1040 3179 1157 3256 incipies

184 3267 251 3332 tem,
266 3259 294 3316 in
309 3275 377 3315 nare
392 3262 481 3334 prima
498 3263 586 3322 veluti
605 3262 756 3337 lenticula,
779 3280 847 3322 mox
862 3265 1050 3322 increscente
1065 3281 1113 3341 per
1125 3268 1179 3316 tos

186 3349 243 3399 tum
260 3357 364 3416 corpus
379 3341 523 3404 maculosa
539 3345 625 3404 variis
642 3343 788 3404 colonibus
804 3355 832 3404 et
849 3346 995 3423 inaequali
1012 3356 1087 3423 cute,
1103 3340 1156 3402 alibi

186 3440 292 3496 crassa,
309 3419 376 3478 alibi
392 3427 483 3500 tenui,
507 3426 575 3486 dura
594 3428 660 3486 alibi
678 3445 731 3486 ceu
747 3428 846 3488 scabie
861 3447 984 3507 aspera,
1009 3430 1045 3489 ad
1062 3435 1156 3507 postrtL

185 3521 258 3561 mum
273 3519 343 3560 vero
358 3505 540 3580 nigrescente
558 3519 585 3568 et
599 3511 636 3569 ad
651 3528 716 3568 ossa
730 3513 824 3571 carnis
836 3512 1033 3592 adprimente,
1057 3515 1155 3571 intome
