2504 3930
335 220 416 269 usn.
432 219 523 268 ursa.
539 167 625 267 xix,
639 216 665 270 s.
679 217 705 270 ι.
723 184 875 286 (ιιι-ιιι.)
978 163 983 178 ¹
1041 207 1102 269 243

170 375 200 434 7.
225 373 310 452 (19.)
331 371 532 447 Dysinterieos
546 382 681 434 recreant
700 373 805 434 femina
822 373 963 451 pecudum
978 373 1100 432 decocta
1111 383 1145 438 55
1182 413 1190 424 ·

22 467 26 482 '
106 475 171 518 cnm
183 457 233 516 lini
249 457 359 516 semine
372 473 445 534 aqua
459 466 539 534 pota,
555 473 658 516 caseus
671 457 775 516 ovillus
788 467 880 532 vetus,
893 455 994 517 sebum
1009 459 1103 517 ovium

104 541 260 602 decoctum
278 541 306 598 in
323 541 390 600 vino
404 549 533 602 ‚austero
564 539 621 599 boe
645 549 673 599 et
692 539 751 599 ileo
765 541 894 600 medetur
915 550 945 600 et
966 541 1037 599 tussi
1053 559 1102 598 ve-

103 625 171 700 teri,
187 622 371 697 dysintericis
387 622 473 681 stelio
486 625 688 682 transmarinus
702 623 805 684 ablatis
814 627 954 684 intestinis
967 633 996 682 et
1008 624 1102 700 capite

81 707 288 787 spedibnsque
302 724 338 765 ac
355 715 431 781 cute,
448 705 587 766 decoctus
601 725 693 784 aeque
706 715 735 766 st
748 708 812 766 cibo
824 717 964 786 sumptus,
981 707 1103 766 cocleae

104 792 179 853 dnae
196 807 259 848 cnm
276 807 344 866 ovo,
360 799 481 866 utraque
498 808 561 850 cnm
577 793 721 868 putamine
738 793 859 851 contrita
881 799 966 868 atque
989 793 1102 849 invase

104 891 183 934 novo
200 873 297 932 addito
312 873 373 933 sale
398 882 427 931 et
442 875 521 951 passi
536 873 647 948 cyathis
663 873 774 934 dnobus
796 885 843 934 ant
857 875 1014 952 palmarum
1031 890 1101 932 suco

35 961 38 966 “
105 968 134 1018 et
156 974 249 1035 aquae
266 955 377 1031 cyathis
392 955 484 1016 tribus
500 956 724 1016 sublervelaotis
740 959 795 1016 et
787 976 815 1016 ιιι
832 967 901 1037 potu
917 958 999 1018 datis.
1032 973 1099 1035 pro·
1112 966 1145 1020 56

106 1049 171 1102 snut
188 1049 217 1100 et
235 1039 422 1115 combustae,
448 1050 477 1099 ut
492 1042 565 1100 cinis
581 1058 676 1100 earnm
693 1040 827 1100 bibatur
818 1061 846 1099 m
861 1043 928 1101 vino
945 1040 1040 1102 addito
1056 1057 1102 1099 re·

1 1151 2 1154 ¹
72 1126 187 1184 rosinae
198 1132 354 1185 momento.
376 1123 498 1184 cocleae
510 1114 657 1199 nudae,de
672 1123 1144 1224 quibusdiximus,inAlricam,112

106 1226 236 1268 maxume
252 1208 447 1283 inveniuntur,
470 1207 638 1268 utilissimae
654 1207 852 1306 dysintericis,
868 1210 971 1287 quinae
988 1205 1103 1266 combu-

106 1301 170 1352 stae
186 1309 249 1352 cum
265 1291 363 1351 denari
379 1291 484 1350 dimidii
502 1291 631 1370 pondere
646 1293 777 1368 acaciae,
803 1311 840 1352 ex
864 1309 909 1373 ec,
920 1293 1018 1352 cinere
1036 1290 1102 1349 dan·-

105 1385 152 1435 tnr
167 1375 313 1435 coclearia
333 1375 399 1434 bina
421 1375 450 1434 in
466 1376 533 1434 vino
547 1377 661 1449 myrtite
682 1385 730 1434 ant
744 1375 874 1452 quolibet
897 1383 1013 1436 austero
1040 1393 1103 1432 cum

104 1457 278 1538 parimodo
301 1458 413 1518 caldae.
446 1458 558 1536 quidam
584 1458 715 1518 omnibus
737 1459 881 1519 Africanis
907 1463 947 1519 ita
973 1465 1144 1530 utuntur,57

72 1542 154 1602 rualli
173 1540 292 1602 totidem
304 1541 457 1601 Africanas
476 1550 505 1601 et
524 1542 597 1601 latas
615 1542 763 1601 infundunt
785 1545 882 1620 potins
898 1552 945 1615 et,
972 1543 996 1600 si
1014 1542 1104 1599 maier

105 1625 204 1688 lluctio
219 1626 270 1700 sit,
293 1624 398 1684 addunt
421 1625 547 1685 acaciam
562 1625 647 1684 labae
664 1626 866 1702 magnitudine.
895 1627 1038 1684 Senectus
1055 1641 1103 1683 an·

1 1739 2 1766 3
105 1713 202 1786 guium
232 1707 405 1782 dysinteriae
432 1717 461 1767 et
481 1709 619 1768 tenesmis
640 1710 668 1767 in
692 1718 813 1784 stagneo
837 1727 908 1768 vase
933 1707 1105 1784 decoquitur

4 1849 6 1855 ,
105 1811 170 1852 cnm
190 1807 322 1865 ronasce,
334 1791 382 1850 vel
401 1793 425 1850 si
439 1791 550 1868 inalio,
568 1810 631 1851 cum
646 1800 749 1870 stagno
764 1793 897 1852 inlinitur.
927 1793 971 1851 ius
989 1809 1026 1849 ex
1043 1789 1103 1866 gal-

104 1877 226 1936 linaceis
242 1872 317 1934 idem
332 1874 469 1951 medetur,
482 1875 533 1934 sed
545 1877 654 1936 veteris
667 1875 822 1951 gallinacei
835 1875 1032 1935 vehementius
1048 1873 1103 1933 sal·
1144 1891 1146 1900 ·

69 1977 169 2020 rasum
189 1959 233 2017 ins
257 1957 352 2016 alvom
374 1960 439 2016 ciet.
467 1957 633 2019 Membrana
652 1958 823 2036 gallinarum
844 1969 918 2019 tosta
940 1967 969 2017 et
990 1958 1054 2017 data
1075 1959 1147 2019 in58
1229 2024 1236 2039 ‚

105 2044 174 2104 oleo
199 2059 234 2101 ac
249 2040 309 2100 sale
327 2042 524 2101 coeliacorum
543 2041 661 2101 dolores
677 2043 864 2119 mulcet,-
888 2042 1035 2102 abstinere
1057 2056 1103 2098 au-

1 2129 2 2136 ’
103 2136 165 2188 tem
181 2124 314 2205 frugibus
332 2133 397 2186 ante
412 2133 441 2184 et
453 2125 588 2202 gallinam
601 2135 630 2184 et
643 2125 786 2186 hominem
800 2135 1000 2205 oporteat,-
960 2125 1105 2184 -limnm

105 2208 298 2270 columbinum
312 2216 416 2268 tostum
432 2218 596 2286 potumque.
625 2208 700 2269 Caro
718 2211 880 2288 palumbis'
872 2230 901 2270 m
915 2219 999 2270 aceto
1016 2208 1104 2268 deco·

109 2301 157 2352 cta
173 2292 354 2367 dysintericis
370 2300 401 2352 et
425 2293 563 2352 coeliacis
584 2294 728 2369 medetur,
753 2295 851 2354 turdus
876 2297 1018 2354 inassatus
1041 2308 1104 2350 cnm

69 2395 97 2436 ιι
106 2377 193 2450 myrti
207 2375 287 2436 bacis
303 2375 495 2451 dysintericis,
510 2378 577 2434 item
592 2376 735 2450 merulae,
758 2377 815 2437 mel
834 2379 862 2436 iu
884 2394 941 2454 quo
961 2393 1034 2454 apes
1049 2375 1105 2432 sint

105 2468 236 2520 mortuae
255 2459 416 2519 decoctum.

168 2541 253 2621 (20.)
278 2541 480 2602 Gravissimum
494 2543 591 2601 vitium
613 2541 671 2601 alvi
684 2541 760 2601 ileos
775 2541 945 2619 appellatur.
977 2539 1044 2599 huic
1058 2557 1102 2597 re·
1112 2549 1146 2603 59

106 2627 171 2686 sisti
185 2627 264 2686 aiunt
283 2624 420 2704 discerpti
438 2625 654 2702 vespertilionis
673 2626 822 2702 sanguine,
838 2625 922 2684 etiam
940 2623 1019 2682 inlito
1035 2639 1104 2680 ven·

104 2719 150 2770 tre
172 2708 329 2769 subveniri
364 2711 438 2769 sistit
459 2710 553 2768 alvom
575 2710 694 2809 primum
714 2709 815 2768 coclea
837 2709 910 2766 siout
927 2704 1049 2766 diximus
1072 2706 1136 2763 ina

68 2815 94 2858 au
104 2793 278 2872 suspiriosis
292 2800 463 2870 temperata,
479 2792 546 2852 item
562 2795 632 2852 cinis
649 2811 745 2853 earnm
763 2809 836 2870 quae
851 2791 937 2850 vivae
959 2796 1104 2849 crematae

103 2879 163 2939 sint
180 2886 266 2962 potus
285 2895 321 2934 ex
344 2879 412 2936 vino
435 2885 568 2954 austero,
593 2874 848 2954 gallinaceorum
839 2893 921 2934 iecur
944 2879 1104 2933 assumant

69 2951 259 3022 ventriculi
274 2959 438 3019 membrana
459 2978 532 3039 quae
552 2959 626 3022 abici
643 2962 719 3020 solet
734 2961 893 3020 inveterata
908 2954 1035 3018 admisto
1051 2973 1102 3034 pa·

103 3045 225 3146 paveris
239 3060 321 3120 suco,
341 3077 384 3090 -
398 3043 446 3102 alii
460 3053 608 3105 recentem
622 3052 733 3104 torrent
752 3063 789 3104 ex
800 3044 868 3102 vino
882 3035 1104 3140 bibendam-

103 3132 150 3190 ins
165 3127 317 3208 perdicum
336 3137 365 3187 et
386 3145 441 3205 per
461 3142 493 3186 se
508 3127 684 3186 ventriculus
709 3129 847 3187 contritus
869 3145 907 3186 ex
924 3128 991 3184 vino
1007 3125 1158 3200 nigromo-

67 3215 177 3276 ssitem
191 3210 336 3291 palumbis
352 3211 445 3270 ierus
449 3229 487 3269 ex
504 3227 594 3290 posca
613 3209 770 3286 decoctus,
791 3210 849 3269 lien
869 3209 989 3287 pecudis
1009 3216 1103 3266 tostus

106 3307 137 3357 et
152 3298 181 3355 in
197 3297 264 3354 vino
280 3296 373 3370 tritus,
392 3295 485 3354 limum
501 3293 692 3354 columbinum
709 3313 771 3354 oum
786 3293 874 3352 melle
888 3293 1014 3365 inlitum,
1030 3292 1102 3349 ossi·

105 3380 183 3456 fragi
204 3388 308 3440 venter
330 3377 474 3438 arefactus
496 3387 525 3436 et
548 3388 634 3455 potus
654 3379 689 3436 iis
705 3381 752 3456 qui
773 3377 855 3438 cibos
872 3393 929 3435 non
951 3374 1104 3434 conficiant

81 3523 83 3528 ,
105 3463 285 3540 utilissimos,
299 3461 349 3520 vel
363 3462 508 3520 sitantum
522 3478 606 3520 manu
619 3470 734 3522 teneant
747 3457 1016 3604 capientels6cibnm.'
1042 3458 1102 3536 qui·
