2458 3906
151 241 212 307 208
358 295 360 300 .
485 250 797 300 c.rntn1sucunn1

110 423 161 476 124
216 411 263 473 13.
286 408 420 469 silvestri
443 408 537 468 ocimu
561 408 606 468 vis
627 406 778 468 efficacior
799 403 836 466 ad
856 404 956 465 eadem
975 405 1089 482 omnia,
1107 423 1160 484 pe·

152 495 268 557 culiaris
289 491 324 552 ad
346 494 414 552 vitia
433 509 507 570 quae
524 489 728 551 vomitionibus
747 488 860 550 crebris
879 488 1091 550 contrahuntur
1106 506 1159 551 vo·

152 579 294 659 micisque
318 576 442 652 volvae,
474 584 575 636 contra
600 574 758 636 bestiarum
784 590 898 633 morsus
927 573 1031 632 erino
1055 572 1157 634 radice

152 661 362 724 efficacissima.

111 801 159 852 ηδ
216 786 300 874 (49.)
321 785 436 847 Erucae
452 803 552 846 semen
568 784 753 863 scorpionum
772 783 893 843 venenis
908 791 939 843 et
953 781 1041 842 muris
1058 784 1179 844 araneis

151 873 298 948 medetur,
328 870 471 932 bestiolas
497 869 588 930 omnis
613 868 789 928 innascentis
816 867 934 947 corpori
956 875 1056 944 arcet,
1088 868 1157 928 vitia

153 958 225 1018 cutis
244 959 272 1016 in
290 955 366 1017 iacis
389 973 452 1015 curn
468 953 556 1014 melle
571 952 696 1029 inlitum,
722 951 878 1030 lentigines
900 969 939 1013 ex
953 960 1056 1028 aceto,
1080 951 1156 1012 cica-

153 1044 241 1102 trices
258 1041 355 1118 nigras
376 1038 490 1100 reducit
512 1037 548 1098 ad
570 1037 724 1098 candorem
747 1053 812 1096 cunr
831 1035 902 1096 felle
923 1035 1042 1096 bubulo.
1080 1036 1157 1096 aiunt

152 1125 276 1187 verbera
300 1123 436 1184 subituris
458 1131 556 1202 potum
581 1139 618 1180 ex
639 1121 707 1181 rino
730 1120 862 1181 duritiam
888 1119 1028 1200 quandam
1056 1128 1157 1181 contra

112 1221 289 1275 luccensem
309 1207 439 1270 induere.
476 1208 504 1267 iu
526 1204 695 1266 condiendis
718 1205 849 1284 opsoniis
869 1213 946 1265 tanta
968 1212 1014 1264 est
1029 1205 1188 1265 suavitasu

153 1303 183 1354 ut
200 1292 305 1354 Graeci
328 1308 469 1352 euzomon
485 1289 708 1369 appellaverint.
749 1297 862 1368 putant,
885 1288 1007 1349 subtrita
1027 1306 1115 1350 eruca
1132 1289 1156 1348 si

153 1379 305 1438 foveantur
321 1376 414 1452 oculi,
437 1375 597 1436 claritatem
619 1375 747 1450 restitui,
765 1373 865 1433 tussim
886 1371 1032 1433 infantium
1049 1371 1155 1433 sedari.

154 1461 237 1524 radix
263 1463 325 1521 eius
350 1461 378 1520 in
400 1477 473 1540 aqua
501 1458 624 1519 decocta
651 1457 743 1520 lracta
768 1474 837 1518 ossa
863 1455 997 1517 extrahit.
1030 1475 1095 1517 nam
1121 1456 1156 1516 dc

113 1568 142 1610 u,
155 1563 306 1607 devenere
336 1544 505 1606 stimulanda
519 1542 657 1620 diximus,
675 1541 713 1580 **
736 1543 790 1602 tria
802 1541 874 1602 iolia
890 1541 1035 1602 silvestris
1050 1559 1156 1602 erucae

156 1631 270 1691 sinistra
285 1647 369 1691 manu
385 1628 524 1709 decerpta
541 1637 569 1687 et
584 1629 649 1687 trita
670 1627 698 1685 in
713 1644 786 1705 aqua
801 1624 892 1686 mulsa
908 1626 932 1685 si
950 1623 1092 1686 bibantur.
1167 1640 1189 1680 ts

114 1764 162 1821 rat
218 1757 303 1837 (50.)
325 1755 512 1818 Eeontrario
536 1754 702 1814 nasturtium
727 1769 864 1814 venerem
887 1753 1013 1830 inhibet,
1037 1755 1157 1814 ammam

114 1860 143 1902 n,
156 1863 188 1896 ns
212 1842 344 1917 exacuit,
359 1849 387 1902 ut
404 1839 535 1901 diximus.
560 1837 616 1898 duo
630 1839 692 1898 eius
709 1855 829 1914 genera.
853 1837 948 1899 alvom
965 1846 1089 1918 purgat,
1106 1838 1154 1898 de-

155 1924 240 1986 trahit
256 1924 343 1986 bilenr
359 1933 459 2003 potum
473 1937 498 1984 x
512 1921 642 2001 pondere
657 1923 685 1981 in
702 1938 794 1999 aquae
810 1935 872 1984 vtr.
902 1923 1018 1983 strumis
1034 1939 1098 1982 cum
1113 1922 1156 1982 lo·
1174 1995 1177 2000 ¹

155 2017 251 2069 mento
267 2008 377 2068 inlitum
396 2015 587 2087 opertumque
605 2005 735 2067 brassica
752 2005 904 2085 praeclare
920 2005 1060 2068 medetur.
1085 2006 1155 2066 alte·

155 2109 216 2152 rum
230 2101 276 2152 est
291 2092 417 2169 nigrius,
435 2090 512 2170 quod
527 2091 631 2169 capitis
646 2091 712 2150 uitia
730 2099 849 2168 purgat,
871 2091 963 2150 visum
980 2099 1155 2170 conpungat,
1166 2104 1190 2145 ao

156 2184 306 2236 conmotus
327 2177 429 2236 mentis
450 2175 533 2236 sedat
555 2193 592 2234 ex
612 2183 697 2236 aceto
719 2183 875 2254 sumptum,
899 2174 1004 2235 lienem
1027 2194 1065 2236 ex
1090 2176 1157 2234 vino

157 2268 254 2338 potum
275 2260 323 2319 vel
346 2277 409 2320 curn
433 2261 490 2322 lieo
512 2267 669 2338 sumptum,
694 2261 792 2319 tussim
820 2277 859 2320 ex
878 2259 1028 2335 melle,·si
1052 2259 1158 2320 cotidie

114 2353 164 2407 128
175 2343 261 2404 ieiuni
279 2353 398 2404 sumant.
436 2361 534 2404 semen
552 2361 589 2403 ex
605 2344 674 2403 vino
691 2345 785 2405 omnia
807 2342 1005 2406 intestinorum
1024 2344 1159 2404 animalia

156 2428 254 2507 pellit,
270 2429 419 2490 eibuacius
434 2428 530 2490 addito
546 2435 712 2488 mentastro.
734 2426 855 2506 prodest
872 2436 901 2487 et
917 2436 1016 2489 contra
1032 2431 1160 2509 suspiria

156 2522 184 2573 et
200 2513 300 2574 tussim
319 2530 382 2574 curn
398 2514 520 2592 origano
540 2521 569 2573 et
585 2512 651 2572 vino
669 2510 761 2589 dulci,
784 2512 915 2591 pectoris
936 2511 1088 2574 doloribus
1108 2512 1193 2572 dett

156 2606 271 2658 coctum
286 2599 314 2658 in
328 2597 405 2659 lacte
419 2598 548 2676 caprino.
572 2613 665 2674 panos
681 2595 797 2656 discutit
812 2613 876 2656 cum
892 2597 957 2676 pice
974 2597 1159 2676 extrahitque

156 2683 274 2760 corpori
290 2681 409 2744 aculeos
425 2690 454 2743 et
469 2679 596 2741 maculas
609 2679 719 2740 inlitum
733 2699 771 2740 ex
788 2688 888 2757 aceto,
908 2689 1009 2742 contra
1026 2684 1159 2743 carcino-

114 2774 164 2828 129
175 2774 250 2826 mata
266 2765 387 2827 adicitur
405 2783 526 2827 ovorum
541 2761 645 2824 album.
679 2774 709 2825 et
724 2763 846 2825 lienibus
867 2764 992 2826 inlinitur
1007 2783 1046 2826 ex
1062 2775 1158 2842 aceto,

154 2849 309 2910 infantibus
329 2868 401 2910 uero
424 2869 440 2910 e
460 2848 547 2908 melle
563 2847 722 2909 utilissime.
754 2849 869 2909 Sextius
885 2849 972 2910 adicit
985 2859 1080 2911 ustum
1095 2868 1160 2910 ser-

156 2933 251 3012 pentis
271 2933 388 3012 fugare,
414 2931 617 3012 scorpionibus
639 2933 793 3009 resistere,
818 2933 921 3012 capitis
941 2932 1038 2996 dolori
1057 2943 1192 2997 contrane

155 3018 214 3095 ire,
242 3018 391 3097 alopecias
418 3016 571 3078 emendare
592 3015 690 3076 addito
712 3017 824 3095 sinapi,
853 3019 1025 3094 gravitatem
1049 3021 1160 3080 aurium

156 3102 222 3162 trito
243 3104 371 3182 inposito
392 3102 509 3162 auribus
533 3119 596 3161 cum
618 3101 690 3177 lico,
716 3100 842 3161 dentium
868 3100 988 3162 dolores
1007 3103 1105 3164 inluso
1131 3105 1159 3162 in

156 3188 232 3246 auris
251 3204 336 3263 suco,
357 3187 534 3265 porriginem
551 3194 580 3244 et
595 3185 694 3246 ulcera
710 3186 813 3264 capitis
829 3203 892 3245 cum
909 3185 994 3266 adipe
1010 3189 1159 3248 anserino.

114 3280 165 3336 130
176 3270 343 3331 furunculos
360 3270 515 3348 concoquit
533 3286 596 3328 cum
611 3269 764 3330 fermento.
790 3269 982 3330 carbunculos
997 3270 1033 3332 ad
1049 3290 1160 3352 suppu-

156 3355 294 3414 rationem
311 3353 444 3432 perducit
459 3364 489 3414 et
503 3355 622 3433 rumpit,
646 3353 851 3432 phagedaenas
866 3354 995 3415 ulcerum
1012 3365 1190 3435 expurgate

157 3456 219 3497 cunr
242 3437 339 3499 melle.
370 3437 578 3499 coxendicibus
601 3447 630 3497 et
652 3436 756 3498 lumbis
782 3456 846 3498 uum
871 3439 988 3517 polenta
1011 3459 1049 3500 ex
1073 3450 1160 3501 aceto

156 3520 296 3598 inlinitur,
315 3522 521 3604 itemlicheni,
538 3521 681 3598 unguibus
698 3521 826 3600 scabris,
850 3525 958 3602 quippe
978 3532 1080 3586 natura
1096 3526 1159 3584 eius
