2504 3930
157 168 220 234 264
258 218 263 227 .
428 209 431 214 -
491 183 800 236 c.ru1nrsucunn1

155 336 331 417 appellatum
348 347 393 398 ter
410 336 456 397 die
469 339 532 399 lieri
544 357 670 400 amarum
681 339 845 418 salsumque
861 355 896 398 an
908 337 1012 400 deinde
1027 339 1159 420 dulcem,

154 422 319 499 totiensque
336 430 365 480 et
379 431 482 498 nocta,
499 431 657 484 scatentem
672 422 745 484 albis
761 421 944 501 serpentibus
959 424 1091 484 vicenum
1107 442 1159 486 cu·

153 503 288 582 bitorum,
304 504 380 565 idam
391 505 534 566 iuhrabia
545 507 654 568 iontem
667 507 785 567 exsilire
797 514 873 565 tauta
883 507 911 566 vi
927 515 958 565 ut
972 506 1080 566 nullum
1097 525 1155 568 non
1241 517 1242 530 ¹

111 598 145 654 19
156 588 269 666 pondua
287 589 430 670 inpactum
444 598 572 668 respuat.
597 592 681 670 (16.)
705 589 922 667 Theophrastus
936 588 1071 666 blarsgae
1088 591 1154 653 ion-

152 681 211 732 tem
229 673 258 732 in
272 672 399 750 Phrygia
418 674 453 733 ad
469 671 660 734 Celaenarum
678 673 815 752 oppidum
832 690 901 734 saxa
919 691 1054 750 egerere.
1098 693 1179 736 nous

153 755 316 834 proculab
339 774 376 818 eo
397 758 456 819 duo
479 766 546 816 suut
571 757 667 818 fontes
689 754 796 833 Cyllon
826 765 856 815 et
876 756 969 818 Gelon
989 757 1025 818 ab
1048 759 1158 818 effectu
1232 757 1240 772 '

153 838 330 902 Graecorum
346 842 491 900 nominum
506 841 583 902 dicti.
614 840 713 917 Cyzici
731 842 796 901 fons
813 838 962 920 Cupidinis
977 851 1101 903 vocatur
1117 860 1158 904 ex

152 941 210 1003 quo
226 927 352 1003 potantis
368 942 495 985 amorem
514 926 665 1003 deponere
681 926 830 986 blucianus
845 923 947 986 credit.

108 1017 144 1074 ao
176 1005 178 1010 ’
210 1009 294 1087 (17.)
319 1005 472 1069 Crannone
489 1018 534 1069 est
544 1009 611 1068 ions
628 1009 738 1068 calidus
755 1010 825 1068 eitra
841 1026 978 1068 summum
993 1008 1156 1085 fervorem,

55 1097 63 1114 '
152 1093 199 1171 qui
214 1093 281 1152 vino
294 1091 386 1152 triduo
402 1092 497 1154 addito
511 1092 639 1152 calorem
653 1095 780 1171 potionis
796 1092 922 1152 custodit
936 1094 1065 1152 invasis.
1083 1093 1158 1154 Sunt
1169 1111 1194 1154 ro

153 1185 184 1238 et
199 1177 329 1238 Mattiaci
341 1178 370 1236 in
387 1176 537 1238 Germania
550 1177 647 1238 iontes
666 1177 751 1236 calidi
766 1185 846 1236 trans
865 1176 1011 1252 Rhenum,
1033 1193 1158 1254 quorum

150 1259 271 1322 haustus
286 1259 382 1321 triduo
399 1261 513 1338 iervet,
536 1263 616 1321 circa
633 1262 779 1338 margines
795 1278 867 1319 vero
884 1260 1028 1338 pumicem
1045 1260 1158 1322 iaciunt

150 1361 254 1423 aquae.

107 1438 141 1492 11
206 1427 290 1508 (18.)
312 1428 397 1502 Quod
419 1428 444 1487 si
465 1428 528 1506 quis
545 1428 603 1489 fide
620 1445 723 1489 carere
749 1445 787 1486 ax
808 1426 853 1486 his
871 1426 968 1504 aliqua
983 1425 1156 1514 arbitratur,
1244 1453 1246 1476 ε

149 1512 263 1574 discat
254 1530 284 1571 ιιι
294 1510 373 1571 nulla
386 1520 467 1591 parte
482 1519 601 1572 naturae
616 1513 725 1572 maiora
737 1530 804 1572 esse
815 1511 973 1585 miracula,
974 1503 1154 1588 (ιιιιιιιιιιιιιιιι
1165 1527 1189 1570 ιι

150 1598 225 1656 inter
242 1596 321 1656 initia
337 1597 437 1675 operis
453 1595 565 1656 abunde
577 1595 665 1656 multa
680 1595 839 1656 retulimus.
873 1593 989 1659 Ctesias
1005 1593 1093 1654 tradit
1109 1596 1156 1655 Si-

107 1680 207 1741 den
224 1679 324 1740 vocari
339 1688 473 1756 stagnum
490 1680 519 1740 iu
533 1677 635 1740 lndis
626 1699 655 1740 m
676 1695 734 1760 quo
752 1679 822 1739 nihil
837 1679 955 1752 innatet,
973 1678 1068 1737 omnia
1079 1696 1156 1738 mer-

149 1771 271 1841 gantur,
296 1760 415 1823 Caelius
436 1762 511 1842 apud
531 1781 585 1824 nos
602 1765 633 1823 iu
650 1764 771 1824 Averno
794 1767 878 1824 etiam
896 1760 967 1821 iolia
991 1759 1156 1839 subsidere,

106 1857 141 1910 22
153 1849 249 1908 Varro
266 1848 327 1908 avis
342 1863 417 1924 quae
432 1847 634 1909 advolaveriut
655 1848 756 1908 amori.
791 1855 891 1906 contra
908 1847 937 1905 in
952 1844 1072 1906 Africae
1090 1846 1156 1906 lacu

74 1988 78 2001 ,
149 1930 346 2010 Apuscidamo
369 1931 462 1990 omnia
483 1930 608 2008 lluitant,
632 1931 701 1992 nihil
722 1931 878 2007 mergitur,
898 1931 967 1990 item
990 1931 1018 1989 in
1035 1929 1191 1990 Siciliaeno

148 2016 231 2077 ionte
246 2013 378 2091 Plinthia,
395 2024 427 2074 ut
442 2014 541 2092 Apion
559 2015 654 2092 tradit,
671 2025 699 2076 et
714 2016 742 2074 in
756 2014 907 2076 bladorum
927 2013 992 2072 lacu
1007 2022 1157 2092 puteoque

149 2099 274 2165 Saturni.
305 2097 385 2157 Fons
402 2096 533 2171 Limyrae
550 2101 674 2160 transire
691 2099 769 2160 solet
792 2101 821 2158 in
843 2097 910 2157 loca
925 2099 1021 2156 vicina
1036 2106 1157 2175 porten-

149 2181 221 2242 dens
237 2180 361 2259 aliquid,
377 2183 536 2260 mirumque
554 2182 633 2259 quod
649 2201 712 2243 curn
726 2181 856 2262 piscibus
873 2183 984 2241 transit
1009 2183 1158 2280 respousa

149 2263 186 2325 ab
199 2264 244 2323 his
258 2273 361 2343 petunt
375 2265 490 2324 incolae
512 2264 580 2326 cibo
603 2286 689 2346 quem
709 2269 823 2345 rapiunt
843 2264 1020 2340 adurentes,
1038 2265 1064 2323 si
1081 2283 1156 2326 vero

105 2356 287 2415 tharentum
309 2352 435 2425 negent,
455 2349 556 2412 caudis
572 2351 641 2430 abig
642 2361 699 2412 unt.
728 2352 828 2411 Amnis
845 2349 984 2410 lloleas
975 2367 1004 2408 ιιι
1018 2331 1189 2448 bithyniam

148 2432 290 2506 llryanum
305 2433 470 2513 adluit,-
490 2435 548 2496 hoc
564 2445 609 2498 est
622 2436 733 2515 templo
756 2444 785 2494 et
800 2435 856 2496 deo
870 2449 992 2506 nomeu,
1015 2466 1059 2479 -
1073 2435 1157 2492 cuius

149 2517 295 2599 gurgitem
311 2522 421 2599 periuri
442 2529 584 2597 negantur
604 2523 664 2600 pati
684 2520 762 2580 velut
779 2519 920 2578 ilammana
935 2526 1076 2576 urentem.
1118 2516 1157 2576 ldt

148 2608 177 2664 in
194 2603 347 2666 Cantabria
362 2605 460 2665 iontes
475 2604 616 2665 Tamarici
633 2605 661 2664 in
683 2605 810 2681 auguriis
833 2601 984 2662 habentur.
1009 2609 1070 2660 tres
1090 2609 1157 2660 sunt

149 2690 264 2748 octonis
279 2689 402 2768 pedibus
420 2689 576 2764 distantes,
593 2690 621 2746 in
637 2705 721 2747 unum
736 2687 849 2747 alveum
864 2693 971 2745 coeunt
989 2693 1074 2744 vasto
1097 2686 1155 2744 sin-

105 2781 141 2835 14
152 2771 213 2848 guli
227 2789 319 2832 amne.
349 2774 494 2834 siccantur
509 2771 650 2831 duodenis
668 2770 788 2846 diebus,
805 2768 959 2846 aliquando
973 2769 1099 2844 vicenis,
1116 2769 1188 2828 ci·ao

149 2864 193 2914 tra
215 2855 410 2933 suspicionem
433 2856 520 2915 ullam
535 2873 644 2934 aquae,
669 2871 732 2914 curn
755 2855 791 2912 sit
811 2854 923 2912 vicinus
945 2852 981 2910 iis
1000 2852 1068 2912 ions
1091 2853 1155 2912 siue

148 2939 363 2999 intermissione
377 2939 487 3018 largus.
519 2939 609 3000 dirum
628 2947 674 2998 est
689 2954 748 2997 non
762 2936 911 3014 profluere
928 2951 980 2994 eos
996 2934 1155 3014 adspicere

149 3020 331 3098 uolentibus,
356 3024 429 3083 sicut
454 3041 594 3103 proxume
609 3022 705 3082 hartio
720 3021 830 3082 Licinio
853 3019 954 3094 legato
977 3028 1045 3117 post
1067 3036 1153 3098 prae·

149 3113 251 3182 turam,
268 3113 335 3185 post
352 3116 464 3186 septem
488 3109 561 3166 enirn
577 3105 639 3166 dies
655 3105 772 3166 occidit.
802 3103 836 3164 ln
853 3102 960 3162 iudaea
980 3104 1062 3162 rivos
1087 3102 1152 3161 sab·

148 3187 224 3249 batis
242 3189 373 3249 omnibus
390 3189 524 3249 siccatur.
1160 3203 1186 3244 ιι

105 3282 141 3338 tt
206 3273 290 3353 (19.)
311 3269 468 3332 Ediverso
490 3273 627 3334 miracula
649 3273 705 3333 alia
725 3271 796 3332 dira.
831 3269 978 3332 Ctesias
969 3287 998 3328 ιιι
1012 3268 1154 3328 Armenia

148 3356 258 3416 iontem
279 3375 347 3416 esse
367 3355 482 3426 scribit,
504 3375 542 3416 ex
562 3375 620 3435 quo
637 3359 738 3434 nigros
755 3355 845 3435 piscis
865 3355 933 3416 ilico
957 3361 1079 3413 mortem
1105 3352 1153 3412 ad-

149 3438 228 3497 ierre
247 3441 275 3496 in
290 3439 378 3514 cibis,
400 3439 477 3518 quod
493 3449 522 3500 et
543 3442 620 3499 circa
634 3439 747 3500 Danuri
769 3448 901 3498 exortum
920 3436 1032 3513 audivi,
1058 3436 1152 3497 donec
