2406 3914
101 233 163 295 264
444 237 754 289 emmeramum
798 234 804 244 ·

163 397 213 459 28.
238 395 343 475 (tot.)
364 393 519 457 Colocasia
532 393 665 454 Glaucias
682 391 760 451 acria
777 388 911 466 corporis
924 385 1010 446 leniri
1024 393 1105 463 puta·

100 485 141 543 vit
158 491 187 542 et
205 481 381 540 stomachum
397 481 497 539 iuvari.

60 576 110 633 175
185 563 235 624 29.
256 562 361 641 (103.)
377 563 492 624 Anthali
506 560 583 640 quod
594 560 733 638 Aegyptii
745 557 832 616 edunt
842 553 952 614 nullum
964 551 1050 612 alium
1061 569 1107 608 rc·

100 650 164 730 peri
177 666 268 708 usum.
281 647 388 707 sedest
399 647 489 707 herba
496 644 663 719 anthyllium
673 661 757 721 quam
763 640 812 699 alii
819 637 978 713 anthyllum
989 643 1108 708 vocant,

101 735 221 795 duorum
237 748 391 808 generum:
407 730 487 790 foliis
502 738 532 788 et
545 729 630 788 ramis
647 724 803 786 lenticulae
821 721 937 796 similis,
962 718 1051 798 palmi
1066 716 1133 776 cvl-s

101 817 236 891 titudine,
255 813 399 873 sabulosis
416 815 523 892 apricis
536 829 678 886 nascens,
694 808 827 870 subsalsa
842 805 981 882 gustanti.
1014 801 1110 862 altera

102 899 294 977 chamaepityi
322 896 439 972 similis,
464 897 582 958 brevior
610 905 640 954 et
666 893 822 966 hirsutior,
848 888 988 968 purpurei
1015 885 1110 959 doris,

102 984 195 1045 odore
213 983 329 1060 gravis,
345 983 372 1040 in
390 983 505 1041 saxosis
520 997 653 1039 nascens.
677 978 758 1056 prior
772 975 867 1034 volvis
882 973 1050 1052 aptissima,
1072 985 1112 1026 ex

101 1083 226 1127 rosaceo
244 1083 279 1124 ac
294 1064 371 1124 lacte
380 1065 520 1144 inposita,
538 1073 567 1123 et
577 1060 755 1122 volneribus.
780 1058 888 1118 bibitur
900 1057 929 1114 in
944 1053 1112 1130 stranguria

101 1152 270 1227 reniumque
293 1148 408 1208 harenis
430 1147 521 1208 tribus
544 1147 697 1209 drachmis.
725 1144 818 1204 altera
835 1140 942 1201 bibitur
960 1139 991 1198 in
1005 1136 1147 1196 duritiam

102 1235 251 1295 volvarum
268 1240 297 1291 et
318 1233 347 1291 in
363 1230 531 1292 torminibus
553 1239 583 1290 et
603 1232 632 1288 in
653 1227 788 1290 comitiali
808 1223 911 1285 morbo
935 1240 1001 1282 cum
1021 1219 1113 1279 melle

101 1327 131 1379 ct
148 1324 233 1376 aceto
250 1325 384 1394 quaturor
403 1315 556 1376 drachmis.

61 1408 111 1465 176
188 1399 237 1461 30.
262 1398 368 1478 (104.)
389 1399 571 1459 Parthenium
586 1397 635 1458 alii
659 1395 847 1468 leucanthes,
872 1391 922 1452 alii
945 1404 1114 1450 amaracum

101 1492 218 1558 vocant,
232 1480 337 1544 Gelsus
348 1483 422 1561 apud
430 1499 484 1542 uos
496 1483 654 1561 perdicium
666 1489 695 1539 et
706 1477 854 1538 muralem.
868 1475 1032 1536 nasciturin
1043 1471 1113 1531 hor·

103 1576 196 1627 torum
213 1566 367 1646 saepibus,
388 1566 461 1626 dore
479 1566 564 1640 albo,
586 1565 677 1625 odore
693 1563 776 1637 mali,
804 1577 914 1638 sapore
928 1573 1040 1618 amaro.
1076 1555 1148 1614 adu

101 1649 280 1711 insidendum
297 1651 421 1710 decocta
444 1659 473 1710 et
491 1651 520 1708 in
534 1650 635 1708 duritia
649 1647 799 1707 volvarum
814 1653 843 1703 et
859 1643 892 1704 irs
910 1640 1112 1703 inflammatio-

102 1734 197 1811 nibus,
212 1735 291 1793 sicca
305 1751 367 1792 cum
379 1733 467 1793 melle
483 1743 512 1792 ct
528 1741 612 1792 aceto
627 1733 752 1809 inposita
767 1729 856 1788 bilem
871 1726 998 1788 detrahit
1008 1735 1113 1786 atram

103 1817 141 1878 ob
155 1817 212 1877 hoc
227 1825 327 1876 contra
340 1817 499 1894 vertigines
513 1816 591 1876 utilis
606 1824 636 1874 et
651 1813 816 1874 calculosis.
833 1811 962 1871 inlinitur
977 1819 1008 1869 et
1025 1823 1114 1869 sacro

104 1901 179 1977 igni,
195 1902 262 1960 item
276 1901 390 1959 strumis
413 1919 478 1960 oum
496 1901 619 1976 axungia
635 1901 804 1958 inveterata.
826 1894 905 1972 blagi
928 1903 1033 1954 contra
1054 1902 1113 1951 ter·

104 1984 195 2043 tianae
217 1983 331 2042 sinistra
353 2001 436 2044 manu
458 1983 546 2042 avelli
570 2000 632 2042 eam
654 1981 753 2041 iubent
778 1981 895 2057 dicique
917 1979 1000 2038 cuius
1024 1989 1150 2036 causato

103 2064 228 2124 vellatur
242 2082 298 2124 uec
310 2067 478 2144 respicere,
500 2066 566 2126 dein
588 2067 650 2125 eius
673 2065 772 2125 lolium
794 2064 877 2139 aegri
892 2062 1012 2139 liuguae
1035 2059 1114 2121 subi-

104 2165 174 2207 cere
188 2157 219 2207 nt
234 2164 301 2207 mox
317 2149 345 2208 in
361 2150 466 2223 cyatho
482 2167 575 2228 aquae
590 2149 757 2209 devoretur.

62 2238 113 2296 177
188 2229 239 2290 31.
259 2231 364 2310 (105.)
388 2232 540 2308 trychno,
557 2250 640 2312 qnam
653 2234 766 2310 quidam
774 2231 934 2306 strychnon
948 2227 1114 2305 scripsere,

103 2314 209 2374 utinam
224 2333 260 2373 ne
278 2317 421 2375 coronarii
438 2319 466 2375 in
480 2315 617 2394 Aegypto
633 2324 799 2392 uterentur,
816 2332 890 2394 quos
909 2314 1012 2373 invitat
1023 2309 1115 2370 hede-

104 2414 155 2456 rae
177 2397 311 2458 foliorum
338 2399 491 2459 similitudo
510 2401 538 2458 in
560 2398 673 2459 dnobus
696 2400 758 2460 eius
784 2397 961 2476 generibus,
989 2407 1151 2473 quorumve

106 2481 227 2542 alterum
248 2483 293 2542 cui
314 2483 387 2542 acini
409 2483 521 2542 coccini
544 2485 663 2560 granosi
682 2484 710 2542 iu
730 2482 889 2558 folliculis,
908 2476 1117 2542 halicacabum

106 2572 227 2640 vocant,
243 2565 291 2625 alii
311 2565 432 2640 callion,
447 2568 538 2625 nostri
558 2575 652 2627 autem
666 2567 856 2640 vesicariam,
879 2565 1019 2645 quoniam
1037 2561 1115 2620 vesi·

106 2665 159 2706 cae
183 2656 213 2707 et
234 2648 353 2708 calculis
375 2650 476 2727 prosit.
517 2649 614 2709 irutex
637 2659 682 2709 est
708 2649 877 2710 surculosus
907 2650 1006 2708 verius
1029 2661 1118 2722 quam

106 2727 212 2803 herba,
243 2730 381 2792 folliculis
406 2733 517 2810 magnis
537 2732 662 2811 latisque
686 2743 715 2792 et
736 2733 886 2793 turbinatis
908 2731 1015 2810 grandi
1038 2731 1116 2789 intus

65 2821 114 2877 178
128 2812 230 2884 acino,
260 2815 307 2889 qui
328 2817 494 2874 maturescit
514 2814 671 2886 Novembri
694 2834 804 2876 meuse.
837 2817 924 2875 tertio
946 2814 1021 2877 lolia
1051 2820 1150 2872 suntso

105 2894 206 2967 ocimi,
227 2896 348 2955 minume
360 2898 516 2974 diligenter
526 2899 749 2959 demonstrando
760 2899 899 2978 remedia,
915 2916 975 2959 non
985 2914 1116 2972 venena,

107 2974 310 3052 tractantibus,
327 2981 435 3058 quippe
447 2982 583 3042 insaniam
595 2982 664 3042 iacit
676 3000 766 3060 parvo
780 3000 899 3062 quoque
911 2999 996 3042 suco.
1016 2997 1116 3061 quam·

106 3072 189 3135 quam
213 3066 242 3116 et
263 3058 366 3119 Graeci
387 3073 523 3124 auctores
546 3066 688 3124 inlocum
710 3075 840 3127 vertere.
862 3066 1023 3128 drachmae
1041 3065 1118 3124 enim

106 3138 236 3217 pondere
257 3139 349 3200 lusum
371 3146 491 3220 pudoris
512 3149 591 3225 gigni
612 3148 746 3209 dixerunt
763 3151 881 3229 species
903 3168 996 3211 vanas
1012 3149 1116 3228 imagi·

104 3239 215 3298 aesque
232 3225 404 3321 conspicuas
415 3228 566 3291 obversari
582 3231 828 3310 demonstrantes,
844 3235 1026 3313 duplicatum
1039 3234 1149 3294 hunctt

104 3304 218 3362 modum
239 3304 394 3402 legitimam
412 3311 548 3372 insaniam
570 3316 686 3392 lacere,
716 3317 856 3396 quidquid
877 3334 952 3378 vero
971 3318 1118 3379 adiciatur

62 3393 113 3447 179
125 3384 245 3482 ponderi
256 3395 481 3485 ,repraesentari
499 3406 628 3457 mortem.
664 3399 722 3459 hoc
743 3409 789 3458 est
806 3419 952 3462 venenum
976 3402 1061 3482 quod
1078 3402 1117 3461 in-

105 3477 300 3529 nocentissimi
322 3481 455 3535 auctores
476 3480 646 3559 simpliciter
666 3481 827 3558 dorycnion
854 3485 1058 3565 appellavere
1083 3483 1118 3544 ab
