2458 3906
171 223 231 286 tto
509 233 538 283 c.
555 234 651 282 nunu
667 233 818 282 secutum

167 390 308 469 robiginis
330 407 445 451 causam
467 407 534 460 esse
556 399 585 450 et
603 388 771 451 carbunculi
791 389 914 466 vitibus,
936 388 1014 467 quod
1035 406 1075 448 ex
1097 395 1195 466 parte

167 476 271 536 ialsum
290 474 425 549 arbitror,
441 489 612 552 omnemque
627 473 776 534 uredinem
791 472 902 551 frigore
917 482 1024 533 tannim
1041 479 1194 532 constare

169 560 233 620 sole
250 559 376 620 innoxio.
407 556 436 617 id
454 557 634 618 maniiestum
652 558 702 617 liet
722 556 944 618 attendentibus.
975 574 1039 616 nam
1058 555 1195 635 primunr

169 645 292 704 omnium
309 659 367 702 nou
384 641 442 702 boc
459 643 579 701 eveuirc
597 643 651 701 nisi
669 641 803 702 noctibus
818 650 847 701 et
860 650 926 701 ante
949 640 1020 701 solis
1043 639 1194 700 ardorem

169 726 405 805 deprehanditur,
421 725 677 804 totumquelunari
690 727 803 786 ratione
820 734 943 801 constat,
959 726 1100 803 quoniam
1117 723 1214 784 talist

166 811 269 871 iniuria
291 827 348 870 non
367 809 398 869 dt
420 811 477 870 nisi
496 809 649 869 interlunio
671 809 796 888 plenave
817 809 900 888 luna,
918 808 975 869 hoc
992 817 1037 868 est
1056 825 1193 888 praeva-

125 895 262 966 molente.
283 903 407 973 utroque
420 895 495 954 enim
512 893 609 954 babitu
623 893 710 972 plena
727 902 782 969 est,
795 902 826 953 ut
839 893 957 972 saepius
972 893 1118 970 diximus,
1135 891 1193 952 sed

168 979 322 1040 interlunio
348 996 432 1039 omne
457 977 552 1039 lumen
576 977 655 1055 quod
674 996 690 1038 a
711 977 776 1038 sole
798 979 915 1056 accepit
942 977 1027 1037 caelo
1055 977 1191 1054 regerit

123 1063 344 1129 tiodiiierentia
357 1065 506 1143 utriusque
519 1061 763 1139 babitusmagna,
785 1062 838 1122 sed
861 1061 1021 1122 manifesta.
1054 1075 1193 1140 namque

168 1148 321 1209 interlunio
335 1155 446 1208 aestate
463 1145 637 1207 calidissima
654 1156 709 1222 est,
725 1147 820 1206 bieme
838 1144 945 1223 gelida.
979 1165 995 1206 e
1013 1145 1145 1206 diverso
1163 1147 1221 1210 inu

164 1231 324 1310 plenilunio
337 1240 450 1291 aestate
464 1230 585 1308 frigidas
601 1229 672 1292 iacit
686 1232 796 1306 noctis,
818 1229 913 1290 bieme
932 1229 1058 1308 tepidas.
1093 1246 1193 1290 causa

166 1315 303 1391 evidens,
322 1315 374 1375 sed
393 1314 448 1376 alia
465 1314 594 1375 redditur
613 1313 774 1376 aFabiano
798 1312 977 1393 Graeciaque
996 1313 1190 1375 auctoribus.

123 1407 175 1464 att
183 1407 295 1460 aestate
311 1400 385 1459 enim
402 1399 557 1459 interlunio
573 1418 698 1460 necesse
714 1409 767 1460 est¹
778 1415 842 1458 cum
859 1397 923 1458 sole
935 1398 1020 1459 nobis
1033 1415 1191 1478 proxumo

168 1483 277 1543 circulo
294 1492 390 1543 currat
407 1485 475 1562 igne
499 1484 562 1544 eius
584 1479 741 1544 comminus
762 1491 885 1561 recepto
908 1482 1051 1559 candens,
1076 1483 1191 1544 eadem

164 1567 318 1628 interlunio
334 1567 410 1628 absit
425 1569 531 1644 bieme,
548 1570 683 1648 quoniam
697 1561 829 1629 abscedit
844 1575 874 1628 et
889 1567 945 1643 sol,
961 1568 1029 1627 item
1043 1568 1074 1626 in
1086 1567 1221 1646 pleni-u

166 1652 244 1713 lunio
258 1651 369 1712 aestivo
385 1653 488 1731 procul
504 1651 589 1713 abest
607 1653 731 1715 adversa
746 1651 820 1729 soli,
840 1649 937 1712 bieme
960 1660 1056 1712 autem
1071 1651 1114 1712 ad
1131 1669 1190 1712 nos

165 1755 219 1816 per
234 1737 375 1797 aestivum
392 1737 530 1798 circulum
542 1737 672 1798 accedat.
702 1754 774 1815 ergo
790 1754 845 1815 per
863 1754 897 1796 se
909 1736 1026 1798 roscida
1040 1739 1192 1815 quotiens

164 1820 261 1897 alget,
277 1820 414 1881 inlinitum
434 1829 568 1899 quantum
589 1821 640 1881 illo
663 1830 795 1900 tempore
814 1819 944 1882 cadentis
964 1823 1085 1901 pruinas
1116 1839 1190 1882 eon·

163 1903 254 1982 gelet.
1140 1946 1143 1949 -

122 1995 175 2052 ste
239 1987 325 2066 (69.)
348 1989 388 2068 [ll
411 1987 488 2048 Ante
515 1989 610 2049 omnia
634 1997 729 2051 autem
745 1989 802 2050 duo
818 2007 929 2068 genera
950 2007 1018 2049 esse
1034 1989 1221 2053 caelestisne

164 2071 284 2133 iniuriae
300 2073 466 2132 meminisse
483 2072 638 2133 debemus:
669 2091 755 2135 uuum
776 2075 854 2152 quod
878 2082 1072 2153 tempestates
1089 2091 1188 2136 voca·

164 2174 245 2232 mus,
269 2158 298 2216 in
314 2155 418 2234 quibus
433 2156 601 2234 grandines,
625 2158 777 2236 procellae
798 2168 956 2238 ceteraque
972 2158 1077 2218 similia
1094 2159 1188 2221 intel·

165 2240 319 2318 leguntur,
343 2256 417 2319 quae
439 2257 503 2300 cum
519 2241 696 2318 acciderint,
716 2243 761 2304 ris
778 2243 870 2304 maior
890 2241 1066 2322 appellatur.
1106 2243 1189 2304 baec

120 2323 186 2408 ‚fiip
196 2324 231 2385 ab
254 2323 380 2385 horridis
406 2324 550 2384 sideribus
574 2334 696 2401 exeunt,
729 2336 760 2386 ut
779 2327 896 2405 saepius
919 2326 1060 2402 diximus,
1086 2328 1189 2390 veluti

120 2417 314 2486 alilarcturo,
344 2405 468 2485 Orione,
496 2408 608 2470 haedis.
641 2409 697 2470 alie
718 2420 784 2471 sunt
804 2410 854 2471 illa
875 2428 950 2489 quae
965 2410 1073 2471 silente
1091 2413 1221 2476 caelott

164 2493 337 2573 serenisque
354 2492 489 2553 noctibus
504 2493 573 2553 dunt
589 2493 669 2553 nullo
687 2497 831 2555 sentiente
852 2496 907 2555 nisi
922 2513 987 2555 cunr
1004 2495 1084 2556 iacta
1104 2506 1186 2558 sunt.

164 2575 280 2655 publica
296 2575 387 2651 haec,
409 2576 463 2636 sed
485 2586 515 2637 et
531 2594 654 2654 magnac
678 2578 861 2639 differentiae
883 2597 898 2640 a
921 2577 1089 2658 prioribus,
1118 2582 1187 2642 eliis

82 2723 83 2726 ,
161 2658 341 2737 robiginem,
364 2660 428 2720 aliis
444 2661 611 2737 uredinem,
633 2660 698 2722 aliis
716 2662 922 2724 carbunculum
944 2663 1186 2744 appellantibus,

164 2743 295 2802 omnibus
312 2759 384 2804 vero
399 2745 590 2806 sterilitatem.
623 2745 669 2805 De
684 2746 728 2807 his
743 2764 818 2808 nunc
833 2747 963 2808 dicemus
978 2765 994 2808 a
1009 2749 1094 2810 nullo
1112 2759 1185 2812 unte

160 2826 362 2906 nosprodita,
385 2829 525 2908 priusque
541 2847 645 2890 causas
661 2832 826 2892 reddemus.
1193 2847 1221 2892 at

118 2917 171 2974 280
235 2909 286 2971 29.
311 2911 353 2990 [2]
375 2912 458 2973 Duae
475 2921 540 2973 sunt
555 2923 674 2992 praeter
688 2915 833 2992 lunarem,
855 2916 1017 2994 paucisque
1034 2920 1116 2980 caeli
1137 2922 1183 2982 lo-

162 2994 204 3054 cis
222 3003 362 3057 constant.
395 3014 519 3076 namque
538 2999 680 3076 vergiliae
697 3001 829 3078 privatim
850 3001 970 3060 attinent
991 3003 1027 3063 ad
1049 3003 1182 3084 fructus,

161 3088 192 3140 ut
210 3097 330 3159 quarum
353 3091 457 3142 exortu
480 3091 577 3142 aestas
600 3084 735 3162 incipiat,
763 3102 870 3146 occasu
893 3084 1006 3161 hiems,
1037 3093 1183 3150 semestri

160 3165 255 3242 spatio
274 3165 346 3226 intra
363 3185 396 3227 se
419 3169 523 3226 messis
543 3166 762 3248 vindemiasque
785 3179 815 3229 et
837 3171 961 3228 omnium
977 3175 1181 3234 maturitatem

162 3250 378 3328 conplectente.
395 3260 452 3310 ‘est
466 3260 621 3328 praeterea
637 3253 665 3311 in
682 3253 768 3314 caelo
785 3254 832 3332 qui
845 3262 967 3313 uocatur
985 3253 1103 3318 lacteus
1122 3261 1178 3319 cir·
1189 3271 1220 3316 ut-

118 3339 168 3396 281
181 3333 280 3409 culus,
305 3335 389 3394 etiam
404 3337 468 3394 visu
486 3334 592 3395 lacilis.
622 3337 706 3396 buius
720 3335 846 3397 defluvio
863 3337 944 3398 velut
957 3356 994 3399 ex
1010 3341 1110 3404 ubere
1128 3344 1180 3404 ali-

162 3433 219 3494 quo
247 3427 308 3478 sata
336 3427 439 3479 cuncta
467 3418 630 3480 lactescunt
652 3421 771 3481 duorum
799 3421 924 3482 siderum
950 3422 1178 3505 observatione,

162 3501 277 3577 aquilae
293 3503 321 3561 in
333 3502 553 3582 septentrionali
568 3513 651 3590 parte
668 3514 697 3565 et
717 3505 745 3565 in
760 3506 886 3567 austrina
902 3506 1066 3590 caniculae,
1092 3513 1178 3575 cuius
