2370 3922
248 269 329 316 aar.
345 268 436 316 arou.
453 269 535 316 xxv,
552 262 579 316 a.
593 260 619 315 a.
638 254 791 330 (aa-ao.)
972 251 1012 312 79
1037 334 1039 340 ,
1112 305 1117 316 .

37 425 81 498 cis,
98 423 229 499 spasticis
249 423 373 499 cynicis,
395 421 570 499 ischiadicis,
589 422 747 500 quartanis,
762 438 837 498 quae
852 419 938 480 aliter
954 436 1013 480 uon

1 579 2 584 γ
38 505 165 580 desinant,
180 508 251 566 tussi
269 505 602 581 ueteri,inilationibus,
624 504 796 564 torminibus
813 503 1009 564 redeuntibus.

67 588 163 665 (25.)
186 589 293 648 Vetant
308 589 369 648 dari
387 590 517 664 senibus,
540 590 652 666 pneris,
669 591 739 646 item
755 587 851 650 mollis
872 605 906 646 ac
927 587 1008 646 iemi·
1020 597 1052 650 fii
1086 621 1093 632 ·

37 673 75 731 nai
89 673 218 748 corporis
233 673 368 748 animive,
389 673 515 732 exilibus
535 681 583 730 aut
598 673 723 746 teneris,
743 679 773 729 et
790 671 904 730 leminis
920 673 1013 730 minus

1 757 2 818 l
23 772 107 831 squam
121 755 202 831 viris,
227 757 297 816 item
317 755 434 832 timidis,
457 764 505 814 aut
526 757 550 814 si
575 755 742 814 exulcerata
763 755 821 812 sint
840 753 1014 831 praecordia

37 837 75 896 uel
94 845 233 914 tumeant,
256 841 380 900 minume
401 841 570 915 sangninem
594 837 814 898 exscreantibus
835 839 1013 897 causariisve

37 919 131 995 latere,
152 922 292 981 lancibus.
326 923 458 982 medetur
483 920 612 982 extra**
634 923 786 998 corporis,
810 920 1014 996 eruptionibus

37 1004 140 1079 pituitae
158 1023 222 1063 oum
239 1006 364 1081 axungia
387 1005 461 1064 salsa
483 1005 640 1081 inlinitum,
658 1007 728 1064 item
745 1003 945 1080 suppurationi
963 1021 1012 1062 va-

37 1087 90 1144 teri.
107 1089 193 1146 muris
207 1087 345 1165 polentae
358 1088 511 1148 admixtum
525 1097 618 1148 necat.
640 1085 713 1146 Galli
728 1089 848 1163 sagittas
863 1087 893 1147 in
907 1095 1012 1146 venatu
1067 1139 1069 1144 ,

15 1168 175 1230 nabaheboro
191 1173 306 1247 tingunt
321 1173 551 1248 circumcisoque
568 1171 690 1232 volnere
711 1170 890 1230 teneriorem
911 1171 1012 1230 sentiri

37 1269 134 1312 carnem
145 1254 303 1314 adfirmant.
324 1272 439 1314 muscae
452 1271 569 1332 qaoque
583 1255 650 1314 albo
665 1262 804 1314 necantur
819 1255 889 1314 trito
905 1261 1014 1312 etcum

36 1334 97 1394 lacte
112 1354 224 1413 sparso.
257 1337 361 1398 eodem
379 1346 410 1396 et
424 1337 593 1414 phthiriasis
610 1338 785 1398 emendatur.

84 1419 109 1479 6.
125 1417 208 1502 (26.)
228 1417 287 1498 Ipsi
300 1419 456 1480 Mithridati
470 1419 610 1480 Gra-tevns
626 1421 780 1497 adscripsit
795 1435 888 1492 unam,
899 1416 1057 1498 Mithri-162

35 1500 122 1560 ibtian
135 1512 251 1562 vocant.
281 1503 348 1562 huic
366 1504 437 1566 lolia
452 1504 509 1563 duo
525 1521 541 1562 a
556 1503 654 1564 radice
668 1502 789 1562 acantho
811 1501 926 1576 similia,
947 1519 1012 1560 eau-

11 1581 63 1642 alis
81 1587 154 1646 inter
179 1595 302 1664 unaque
327 1589 473 1648 sustinens
495 1604 613 1646 roseum
637 1586 746 1648 liorem
786 1584 868 1664 (27.)
891 1585 1011 1644 alteram
1021 1595 1057 1648 63

34 1665 161 1745 bracus,
182 1670 342 1730 scordotim
361 1672 424 1730 sive
447 1671 594 1745 scordion,
612 1671 704 1748 ipsius
725 1687 810 1730 manu
829 1667 1012 1744 adscriptam,

32 1752 213 1827 magnitudine
235 1753 369 1829 cubitali,
391 1753 598 1830 quadriangulo
622 1753 716 1828 caule,
738 1769 880 1815 ramosam
904 1769 1014 1828 querna

33 1834 217 1912 similitudine,
240 1837 318 1895 loliis
341 1833 529 1914 lanuginosis.
568 1839 716 1914 reperitur
731 1837 760 1895 in
776 1834 884 1910 Ponto,
904 1835 1013 1911 campis

32 1917 172 1994 pinguibus
190 1920 365 1998 umidisque,
386 1929 489 1996 gustus
504 1922 600 1979 amari.
634 1929 680 1980 est
696 1928 725 1978 et
741 1919 861 1978 alterius
880 1920 1013 1994 generis,
1068 1963 1070 1970 .

10 1997 170 2062 alatioribus
192 2003 286 2079 loliis,
303 2011 462 2062 mentastro
479 2003 592 2079 similis,
615 2003 823 2082 plurumosque
840 2009 963 2079 utraque
977 2000 1013 2060 ad

33 2099 89 2142 usus
103 2103 156 2162 per
173 2105 209 2146 se
226 2095 257 2146 et
274 2073 351 2146 linter
366 2087 421 2146 alia
433 2088 468 2144 'in
484 2087 630 2146 antidotis.

82 2167 160 2248 (28.)
183 2169 381 2230 Polemoniam
407 2169 454 2228 alii
472 2169 676 2230 Philetaeriam
697 2187 713 2228 a
731 2170 890 2228 certamina
909 2185 1009 2244 regum
1021 2174 1056 2231 64

33 2247 195 2314 inventionis
210 2253 370 2330 appellant,
389 2251 577 2330 Cappadocas
592 2262 688 2313 anmrn
705 2251 954 2328 obiliodynannurn‚
970 2269 1013 2310 ra·

33 2329 86 2392 diue
99 2352 210 2412 crassa,
222 2336 347 2396 exilibus
359 2339 444 2400 ramis
462 2336 565 2412 quibus
581 2340 610 2396 in
627 2337 742 2396 summis
758 2335 887 2410 corymbi
906 2333 1013 2412 dapem

8 2411 105 2492 udent,
123 2421 211 2498 nigro
233 2421 355 2496 semine,
376 2428 479 2478 cetero
500 2428 582 2482 rutae
603 2420 716 2496 similis,
738 2420 865 2478 nascitur
885 2419 914 2476 in
934 2435 1013 2476 moa·

33 2503 120 2560 tunsis.
261 2556 265 2564 „
614 2563 617 2569 ,

85 2584 164 2664 (29.)
184 2585 343 2662 Eupatoria
360 2601 475 2662 quoquc
492 2588 603 2662 regiam
618 2587 820 2646 auctoritatem
834 2581 936 2658 babet,
948 2593 1055 2662 cau-65

32 2663 63 2722 lis
75 2666 192 2745 bgnosi,
209 2671 391 2745 nigricantis,
405 2669 520 2743 hirsuti,
535 2667 669 2728 cubitalia
684 2679 714 2728 et
730 2667 884 2744 aliquando
895 2665 1026 2742 amplio-¹

32 2749 75 2822 ris,
91 2751 169 2812 loliis
185 2771 241 2830 per
254 2752 407 2812 intervalla
424 2752 605 2830 quinquefoli
621 2760 669 2812 aut
683 2751 831 2824 cannabis,
846 2767 902 2827 per
916 2757 1013 2809 extre·

7 2839 125 2893 ansatus
149 2853 250 2895 uncrsrs
270 2837 521 2913 quinquepertito,
543 2837 636 2911 nigris
654 2843 685 2894 et
707 2837 779 2912 ipsis
802 2833 1012 2911 plumosisque,

32 2913 117 2975 radice
135 2936 324 2996 supervacua,
356 2937 457 2978 semen
478 2919 664 2994 dysintericis
685 2920 715 2977 in
733 2919 800 2976 vino
816 2925 916 2994 potum
933 2917 1012 2976 auxi·
1068 2958 1071 2965 f

32 2993 105 3057 liatur
120 3003 212 3061 unice.
544 3037 546 3052 ι
1063 3059 1067 3066 ,

65 3080 162 3166 (30.)
187 3083 344 3147 Centaurio
371 3095 486 3144 curatus
511 3085 617 3145 dicitur
638 3081 764 3160 Chiron,
791 3101 855 3144 curn
876 3081 1009 3144 Herculis
1021 3093 1056 3148 66
1123 3109 1126 3114 ·

31 3170 137 3244 excepti
160 3168 291 3247 bospitio
312 3171 499 3246 pertractanti
523 3185 600 3228 arma
622 3170 728 3244 sagitta
749 3167 907 3226 excidisset
928 3169 956 3228 ci
983 3170 1013 3226 in

6 3247 135 3326 ttpedem,
153 3269 244 3330 quare
260 3252 347 3329 aliqui
361 3251 519 3311 Chironion
534 3260 646 3311 vocant.
658 3277 663 3296 ν
674 3251 745 3311 iolia
759 3258 826 3310 sunt
839 3251 896 3310 lata
913 3259 943 3310 et
959 3251 1012 3310 ob·

32 3325 121 3409 longa,
136 3344 251 3396 serrato
268 3336 391 3410 ambitu,
410 3335 500 3398 densa
521 3335 556 3397 ab
579 3335 676 3395 radice
694 3334 792 3396 caules
807 3342 919 3394 tarnum
934 3333 1012 3394 cubi·

1 3461 2 3464 ,
32 3417 117 3474 toron
133 3419 299 3494 geniculati.
329 3421 358 3478 in
373 3419 417 3478 his
435 3421 532 3496 capita
545 3437 600 3478 ceu
613 3437 796 3497 papaverum.
823 3416 906 3477 radix
919 3425 1012 3493 vasta,

31 3495 195 3579 rubescens,
216 3511 317 3564 tenera
332 3503 516 3580 fragilisque,
537 3502 572 3561 ad
589 3502 656 3562 bina
676 3503 784 3579 cubita,
804 3499 915 3561 madida
929 3518 1012 3577 suco,
