2396 3900
237 265 318 332 unr'.
335 284 427 332 nasu.
449 285 549 334 xvim.
567 283 686 338 19-13.
705 274 858 354 (oo-52.)
972 273 1031 335 125

42 439 96 500 laba
110 440 223 500 runcari
237 457 295 500 non
312 443 411 518 gestit,
424 443 559 520 quoniam
574 443 681 503 evincit
696 442 813 504 herbas.
840 443 967 521 lupinum
982 459 1031 502 oc-

43 533 111 586 atur
122 532 238 584 tantum.
269 524 376 585 milium
391 534 421 585 et
437 527 569 605 panicum
584 537 704 588 occatur
719 537 749 587 et
763 529 884 605 saritur,
907 544 965 587 non
980 528 1031 588 ite·

40 618 113 684 atur,
125 625 183 669 non
200 618 348 671 runcatur.
368 610 461 672 silicia
474 621 503 671 et
515 612 639 690 phasioli
651 621 791 672 occantur
802 621 919 680 tantum.
943 614 1015 672 Sunt
1024 621 1074 676 186

39 711 133 772 genera
147 702 247 754 terrae
259 711 381 774 quornm
397 695 517 757 ubertas
530 697 672 775 pectinari
687 706 820 774 segetem
834 698 863 756 in
877 695 967 756 herba
982 712 1030 756 co-

23 780 216 855 snat-cratis
232 788 262 839 et
277 778 335 839 hoc
346 799 438 858 genus
453 779 589 841 dentatae
601 781 676 841 stilis
691 782 855 858 lerreis-‚
869 780 1032 859 eademque

39 859 204 922 nihilominus
231 873 261 923 et
276 863 480 942 depascuntur.
510 882 586 944 quae
606 865 728 944 depasta
752 875 817 926 sunt
837 865 954 925 sarculo
977 866 1031 924 ite-

39 965 84 1007 run
98 948 222 1008 excitari
236 951 443 1010 necessariam.
467 958 495 1008 at
509 948 668 1026 inBactris‚
677 948 788 1026 Africa,
799 948 923 1024 Cyrenis
938 950 1032 1010 omnia

37 1033 95 1094 hacc
117 1049 304 1111 supervacua
329 1034 401 1094 iecit
426 1033 602 1112 indulgentia
618 1034 712 1110 caeli,
741 1044 804 1094 eta
825 1043 955 1094 semente
974 1049 1033 1093 non

37 1117 78 1178 nisi
90 1117 237 1178 messibus
252 1119 281 1178 in
301 1135 371 1178 arva
385 1118 523 1194 redeunt,
546 1119 612 1198 quia
634 1120 753 1180 siccitas
771 1127 893 1180 coercet
911 1116 1029 1193 herbas,

13 1201 119 1278 cinges
134 1211 282 1262 nocturno
295 1204 407 1264 tractim
421 1219 489 1263 rore
504 1203 643 1265 nutriens.
656 1202 805 1282 Vergilius
818 1203 938 1264 alternis
950 1209 1073 1266 ces-187

37 1303 87 1346 sare
101 1304 171 1347 arva
188 1287 302 1347 suadet.
336 1288 362 1346 si
378 1288 521 1365 patiantur
538 1288 612 1346 ruris
628 1289 739 1367 spatia,
761 1289 941 1348 utilissimum
963 1304 1031 1365 pro-

37 1371 71 1430 cul
85 1370 171 1430 dnbio
196 1381 252 1432 est.
281 1371 404 1451 quodsi
426 1380 514 1450 neget
536 1373 686 1448 condicio,
710 1373 754 1433 lar
776 1373 931 1433 serendum
953 1372 1029 1431 unde

36 1455 145 1534 lupinum
170 1465 221 1516 ant
242 1457 318 1516 vicia
336 1465 385 1516 aut
405 1455 473 1518 faba
494 1455 608 1518 sublata
624 1459 680 1516 sint
707 1465 736 1517 et
761 1475 835 1536 qnae
862 1467 968 1528 terram
987 1456 1029 1515 la-

36 1542 96 1600 ciant
112 1540 280 1600 laetiorem.
315 1541 522 1620 inprimisque
549 1549 578 1600 et
599 1541 657 1602 hoc
686 1543 858 1618 notandum,
888 1539 1029 1619 quaedam

13 1633 137 1704 apropter
148 1625 210 1686 alia
223 1627 282 1686 seri
295 1624 483 1702 obiter‚-si
496 1643 596 1704 pamm
607 1627 807 1704 provenirent,
825 1626 925 1705 priore
932 1623 1003 1683 dixi·
1013 1640 1042 1682 ¹⁷.
1049 1641 1072 1674 ca

34 1710 254 1786 cruciamine,
268 1729 305 1770 ne
323 1709 425 1770 eadem
438 1710 555 1787 saepius
570 1709 701 1770 dicantur
708 1744 760 1786 -,
769 1709 930 1788 plurumum
954 1708 1028 1766 enim

34 1793 107 1854 reiert
124 1794 185 1855 soli
206 1796 347 1875 cuiusque
365 1796 448 1855 ratio.

82 1878 128 1940 22.
151 1879 242 1958 (51.)
261 1877 369 1940 Civitas
393 1877 512 1940 hiricae
535 1881 562 1939 in
583 1879 685 1938 mediis
706 1879 823 1940 harenis
843 1875 1072 1957 petentibus188

0 1983 1 2040 3
34 1962 110 2036 Syrtis
121 1962 300 2042 leptimque
315 1981 445 2042 magnam
461 1972 582 2025 vocatur
600 1963 728 2042 Tacape,
742 1963 823 2024 felici
839 1980 928 2040 super
944 1977 1028 2020 ornnc

0 2053 19 2116 l
34 2047 188 2108 amantum
203 2049 290 2126 riguo
305 2049 388 2124 solo,
410 2050 499 2109 ternis
514 2049 579 2109 iere
591 2048 705 2109 milibus
721 2064 858 2127 passuum
873 2049 902 2107 in
916 2063 1030 2106 omnem

0 2129 1 2172 l
33 2141 127 2208 partem
144 2132 216 2194 icas
231 2132 373 2210 abundat,
395 2133 496 2212 largus
513 2133 646 2212 quidem,
668 2134 721 2193 scd
744 2142 773 2193 ct
790 2133 878 2192 certis
894 2131 1029 2192 horarum

33 2218 117 2293 quatis
134 2216 325 2296 dispensatur
340 2219 415 2278 inter
429 2218 553 2278 incolas.
584 2217 698 2297 palmae
713 2216 753 2278 ibi
768 2216 945 2295 praegrandi
960 2215 1027 2276 sub·

33 2299 93 2361 ditur
106 2303 189 2379 olea,
209 2303 278 2363 huic
295 2301 383 2379 licus,
406 2303 598 2381 impunita,
622 2301 665 2362 illi
682 2302 760 2378 vitis,
781 2300 835 2361 sub
850 2301 908 2360 vite
923 2300 1029 2360 seritur

33 2383 208 2466 bomentum,
230 2403 299 2446 mox
314 2387 464 2466 legumen,
486 2385 590 2446 deinde
606 2385 688 2462 olus,
711 2388 805 2446 omnia
822 2385 928 2445 eodem
943 2400 1028 2459 anno,

0 2439 173 2551 lassataque
189 2471 286 2532 aliena
296 2471 397 2531 umbra
412 2471 536 2532 aluntur.
566 2479 705 2549 quaterna
721 2469 817 2532 cubita
831 2471 894 2529 eius
911 2466 967 2527 soli
982 2469 1071 2530 in189

34 2556 201 2633 quadratum,
213 2574 271 2616 nec
285 2565 317 2616 ut
328 2574 344 2616 a
356 2556 502 2635 porrectis
515 2556 668 2615 metiantur
681 2556 779 2633 digitis
793 2554 846 2613 sed
860 2553 889 2612 in
904 2568 1030 2630 pugnum

33 2642 189 2716 contractis,
213 2642 361 2719 quaternis
377 2639 503 2700 denariis
518 2639 735 2700 venumdentur.
766 2656 856 2716 super
873 2637 968 2696 omnia
984 2642 1029 2695 est

32 2721 110 2785 biiera
123 2724 250 2785 vite'bis
270 2742 344 2785 anno
358 2724 547 2784 vindemiare.
578 2733 607 2783 et
624 2726 678 2784 nisi
695 2722 846 2802 multiplici
866 2729 950 2801 partu
968 2720 1028 2780 exi·

33 2810 147 2870 matur
161 2808 297 2886 ubertas,
316 2817 438 2888 pereant
455 2807 568 2868 luxuria
591 2808 696 2885 singuli
712 2807 833 2867 innotus.
864 2824 940 2866 nunc
955 2822 1027 2866 vero

9 2899 83 2954 stota
101 2912 179 2955 anno
199 2896 316 2954 metitur
341 2892 464 2971 aliquid,
493 2901 665 2970 constatque
688 2890 829 2951 fertilitati
847 2908 905 2951 non
925 2907 1027 2950 oecur-

34 2993 87 3038 rere
100 2979 244 3040 homines.
258 2978 405 3058 niquarum
417 2994 534 3055 quoque
547 2977 710 3036 differentia
725 2993 829 3054 magna
842 2976 943 3054 riguis.
959 2973 1013 3034 ilst
1020 2982 1071 3037 190

1 3063 2 3066 ’
34 3061 57 3118 ir
66 3061 246 3124 Narbonensi
259 3064 408 3141 provincia
427 3060 533 3121 nobilis
548 3061 614 3121 lons
630 3065 707 3138 Orge
721 3062 846 3120 nomine.
870 3062 899 3121 in
911 3078 948 3120 eo
961 3059 1027 3120 her·

1 3151 2 3188 ÷
34 3143 79 3206 hae
92 3157 250 3209 nascuntur
263 3149 292 3208 in
308 3157 414 3208 tantum
429 3147 578 3224 expetitae
604 3145 697 3205 bubus
718 3154 750 3205 nt
764 3147 868 3206 mersis
885 3143 1028 3224 capitibus

1 3206 13 3294 b
34 3231 90 3292 tolia
105 3252 156 3294 aas
171 3241 323 3313 quaerant.
345 3233 398 3294 sed
413 3231 478 3293 illas
495 3232 523 3290 in
536 3248 611 3309 aqua
626 3231 774 3291 nascentis
790 3239 900 3290 certum
914 3238 1028 3288 estnon

1 3315 79 3387 lariti
87 3317 224 3378 imbribus
237 3318 285 3380 ali.
303 3334 375 3395 ergo
388 3334 468 3376 suam
480 3317 604 3394 quisque
614 3325 720 3375 terram
730 3332 892 3394 aquamque
904 3311 1026 3372 noverit.

1 3399 2 3404 ’
81 3400 128 3463 23.
139 3402 225 3483 (52.)
238 3403 270 3464 Si
281 3401 369 3462 inerit
380 3401 430 3461 illa
442 3409 532 3475 terra,
545 3416 629 3478 quam
641 3399 853 3478 appellavimus
863 3407 1010 3461 tene-rasa
1019 3404 1068 3458 191

1 3505 2 3552 l
36 3499 96 3561 ram,
108 3488 218 3565 poterit
231 3487 347 3547 sublato
362 3485 475 3548 hordeo
495 3487 553 3544 seri
571 3483 687 3562 milium,
706 3501 742 3543 eo
758 3483 874 3543 condito
888 3499 970 3560 rapa,
982 3481 1026 3542 his

1 3580 2 3652 J
37 3567 143 3632 solans
156 3572 297 3633 hordeum
311 3589 410 3632 rursus
422 3569 471 3630 vel
483 3569 619 3644 triticum,
634 3568 709 3628 sicut
726 3569 754 3627 in
764 3565 929 3645 Campania,
942 3566 1024 3625 satis-
