2504 3930
333 263 414 310 uer.
431 262 521 310 meu.
539 262 634 310 xxxi.
651 260 677 314 6.
695 254 844 324 (tu-38.)
900 302 902 308 .
1023 249 1084 312 273

0 408 1 425 ¹
82 419 194 480 amium
207 417 395 493 gravitatem,
416 417 518 494 eapitis
534 415 652 476 dolores
669 434 732 475 eum
748 423 833 476 aceto
849 415 1019 476 ferventium
1037 435 1085 477 va·

83 520 149 581 por.
181 500 348 576 robiginem
362 500 442 559 ferro
458 500 585 560 marinae
601 500 753 560 celerrime
776 507 929 575 exterunt;
947 517 1085 577 pecorum

83 601 202 664 quoque
220 582 349 642 scabiem
364 592 464 643 sanant
479 583 619 660 lanasque
636 583 794 643 emolliunt.

146 667 235 746 (34.)
257 665 322 726 Nec
340 668 445 743 ignoro
463 666 537 726 haee
552 666 772 726 mediterraneis
793 683 973 742 supervacua
989 665 1081 726 videri
1094 677 1128 732 67
1228 657 1229 660 '

58 769 186 831 sposse.
221 767 325 809 verum
341 759 371 808 et
385 750 442 809 hoc
461 767 530 810 eura
546 751 672 828 providit
693 752 807 808 inventa
823 750 934 809 ratione
956 767 1011 827 qua
1033 751 1087 809 sibi

82 838 207 915 quisque
224 849 329 910 aquam
340 835 425 893 maris
441 833 562 893 faceret.
592 833 662 893 illud
680 833 716 892 de
740 850 775 892 ea
792 833 904 891 ratione
922 835 1039 910 mirum,
1063 835 1088 896 si

81 920 148 997 plus
164 935 252 994 quam
266 919 412 976 sextarius
429 916 498 975 salis
513 917 542 976 in
558 926 692 994 quattuor
707 933 799 995 aquae
817 918 961 975 sextarios
976 935 1087 994 merga-

10 999 11 1002 ’
66 1014 145 1078 tur,
163 1002 241 1060 vinei
258 1018 361 1078 aquam
380 999 527 1076 salemque
543 1017 600 1060 non
616 1001 729 1079 liquari.
763 1008 864 1059 cetero
882 1003 1025 1059 sextarius
1042 1019 1086 1061 sa·

81 1087 117 1146 lis
133 1103 199 1144 oum
216 1093 353 1161 quattuor
371 1101 464 1160 aquae
485 1085 619 1143 sextariis
637 1085 789 1144 salsissimi
807 1084 893 1142 maris
913 1085 969 1142 vim
992 1094 1020 1142 et
1040 1101 1087 1144 no·

47 1179 174 1228 loturam
201 1167 306 1245 inplet.
345 1167 604 1228 moderatissimum
626 1177 721 1227 autem
748 1175 846 1246 putant
872 1183 958 1244 supra
985 1167 1087 1228 dictum

83 1271 174 1329 aquae
191 1269 356 1310 mensuram
374 1252 487 1310 octonis
504 1251 614 1326 cyathis
628 1251 700 1312 salis
710 1251 883 1328 temperari,
901 1251 1034 1327 quoniam
1049 1261 1088 1312 rta

84 1345 113 1395 et
127 1351 240 1394 nervos
260 1334 454 1393 excalefaciat
469 1343 498 1393 ct
513 1351 620 1412 corpus
634 1352 694 1394 non
709 1342 876 1411 exasperet.

146 1419 234 1496 (35.)
256 1419 442 1478 Inreteratur
454 1426 482 1476 et
494 1419 571 1495 quod
581 1427 689 1477 vocant
696 1417 896 1478 thalassomeli
906 1419 1006 1496 aequis
1017 1437 1084 1496 por·
1097 1429 1132 1484 68

80 1503 210 1562 tionibus
231 1502 336 1574 maris,
354 1499 467 1576 mellis
486 1501 594 1560 imbris.
626 1520 664 1561 ex
679 1503 737 1562 alto
755 1500 835 1561 etad
853 1501 929 1560 hunc
943 1521 1025 1562 usum
1040 1503 1087 1562 ad·

49 1587 196 1646 revehunt
210 1585 352 1663 fictilique
367 1601 437 1642 vase
453 1593 482 1643 et
496 1587 595 1662 picato
621 1584 754 1644 condunt.
784 1584 907 1662 prodest
927 1585 963 1644 ad
983 1604 1088 1663 pnrga-
1134 1643 1135 1646 ,

80 1674 179 1732 tiones
193 1685 326 1728 maxume
352 1668 414 1732 sine
436 1668 576 1727 stomachi
602 1670 758 1728 vexatione
778 1677 807 1728 et
827 1685 933 1746 sapore
953 1679 1036 1794 grato
1059 1679 1088 1728 et

79 1755 186 1816 odore.

147 1837 234 1914 (36.)
259 1835 429 1910 ilydrcmeli
446 1851 563 1914 qnoque
580 1853 618 1894 ex
632 1836 723 1895 imbre
745 1853 817 1912 puro
835 1854 897 1894 oum
914 1785 1000 1895 melle
1015 1845 1084 1895 tem·
1075 1845 1131 1902 ·69
1212 1866 1223 1888 ι

78 1921 243 2000 perabatur
267 1915 527 1996 quondamque}
550 1919 666 1978 daretur
688 1919 890 1996 adpetentibus
912 1921 970 1978 vini
990 1923 1088 1996 aegris

13 2018 18 2028 ’
46 2005 176 2066 roveluti
193 2003 405 2062 innocentiore
414 2011 503 2080 potu,
522 1996 705 2062 damnatum
697 2021 750 2062 ram
765 2003 861 2062 multis
877 2005 970 2080 anuis,
988 2003 1089 2065 iisdem

79 2090 159 2148 vitiis
177 2086 282 2163 quibus
297 2087 393 2145 vinum
408 2104 464 2146 neo
475 2085 577 2145 iisdem
591 2085 768 2146 utilitatibus.

146 2171 233 2248 (37.)
259 2169 332 2243 Quia
349 2187 439 2246 saepe
457 2171 631 2246 navigantes
647 2170 764 2229 deiectu
787 2188 880 2248 aquae
897 2169 989 2230 dulcis
1005 2171 1085 2230 labo·
1098 2181 1133 2236 to

79 2264 162 2328 rant,
180 2253 257 2312 haee
275 2270 393 2331 quoque
409 2252 536 2312 subsidia
558 2252 828 2313 demonstrabimus.
861 2271 991 2331 expansa
1012 2257 1090 2313 circa

79 2355 186 2398 navem
202 2337 316 2396 vellera
334 2336 502 2396 madescunt
516 2345 641 2414 accepto
662 2337 750 2396 halitu
774 2340 878 2412 maris,
901 2336 1003 2415 quibus
1029 2338 1089 2396 dul·

0 2492 3 2499 ¹
43 2441 68 2480 ιι
80 2426 124 2482 cis
136 2420 420 2497 umor-exprimitur,
438 2421 506 2478 ilem
528 2419 673 2480 demissae
688 2421 818 2480 reticulis
835 2421 863 2478 in
884 2438 964 2480 mare
984 2437 1089 2480 conca·

0 2498 3 2513 ¹
78 2524 136 2570 vae
154 2525 171 2564 e
186 2521 257 2564 cera
272 2502 350 2581 pilae
365 2502 413 2562 vel
425 2521 494 2562 vasa
506 2504 601 2564 inania
613 2511 745 2581 opturata
764 2503 877 2563 duloem
889 2505 963 2564 intra
975 2521 1007 2562 se
1027 2504 1089 2563 ool·
1124 2526 1126 2534 ι

77 2591 176 2665 ligurit
191 2605 332 2648 umorem.
361 2603 425 2645 ιιιιιι
440 2589 470 2645 in
491 2596 569 2646 ter-ra
589 2589 697 2645 marina
719 2604 792 2664 aqua
815 2586 918 2664 argilla
937 2587 1090 2664 percolato

78 2671 237 2732 dulcescit.
256 2669 366 2730 Lunata
375 2687 500 2748 corpora
509 2679 538 2729 et
549 2671 692 2730 hominum
705 2679 734 2728 et
744 2668 950 2746 quadripedum
961 2669 1085 2730 natando
1097 2679 1130 2736 71

77 2759 106 2814 in
132 2757 217 2814 euius
234 2753 325 2812 libeat
344 2756 463 2828 generis
484 2771 558 2830 aqua
581 2753 720 2814 facillime
734 2755 763 2812 in
777 2763 855 2812 artus
871 2752 1003 2812 redeunt.
1036 2753 1089 2812 Est

42 2851 67 2894 to
79 2848 108 2898 et
123 2840 154 2896 in
169 2845 251 2896 metu
266 2838 493 2913 pergriuautium
505 2846 536 2896 ut
547 2846 688 2915 temptent
699 2837 884 2897 valitudinem
900 2854 994 2912 oquae
1005 2839 1088 2914 igno·

76 2932 137 2981 tae.
170 2921 234 2980 hoo
250 2927 355 2978 cevent
369 2939 386 2978 e
398 2919 520 2980 balineis
537 2922 652 2996 egressi
664 2921 758 2980 statim
774 2920 908 2998 frigidam
921 2931 1089 3000 suspectam

75 3003 255 3068 hauriendo.

143 3085 234 3166 (38.)
256 3087 373 3146 lllusons
389 3088 436 3164 qui
450 3088 479 3146 in
493 3105 566 3165 aqua
582 3087 669 3147 fuerit
685 3087 824 3165 podagris
839 3086 937 3148 inlitus
952 3087 1086 3164 prodestr
1096 3097 1131 3154 'ia

0 3170 1 3199 ³
74 3174 148 3232 item
169 3171 240 3230 oleo
253 3170 378 3229 admixto
403 3170 525 3229 talorum
542 3171 637 3231 dolori
659 3172 829 3248 tumorique
869 3172 974 3250 Spuma
996 3189 1088 3250 aquae
1197 3174 1212 3181 “

38 3273 64 3314 ss
75 3256 211 3315 adfrictu
227 3269 366 3312 verrucas
382 3253 474 3328 tollit,
489 3271 545 3314 nec
553 3272 618 3314 uon
632 3255 740 3314 harena
756 3255 871 3314 litomm
886 3256 989 3330 maris,
1004 3273 1087 3334 prae·

74 3343 169 3420 cipue
184 3339 281 3400 tenuis
296 3345 327 3395 et
341 3335 406 3396 sole
422 3337 566 3414 candens,
586 3339 615 3397 in
630 3337 771 3398 medicina
786 3346 840 3397 est
855 3339 998 3398 siccandis
1023 3355 1086 3396 cor

71 3421 207 3500 poribus
233 3420 384 3499 coopertis
402 3418 628 3520 hydropicorum
655 3431 702 3483 aut
719 3422 940 3482 rheumatismos
961 3424 1086 3482 sentien-

70 3508 158 3568 tium.
192 3504 231 3566 Et
251 3504 393 3564 haetenus
412 3503 447 3563 de
463 3505 561 3582 aquis,
584 3523 660 3566 nunc
673 3505 711 3567 tle
728 3505 908 3584 aquatibbus.
941 3506 1086 3566 ordiemur

127 3609 203 3650 roro.
220 3608 285 3648 nnn.
303 3606 371 3646 rusr.
386 3591 434 3645 IV.
884 3589 922 3650 18
1025 3612 1026 3615 ’
