2396 3922
297 245 376 294 nus.
392 243 481 290 ursa.
498 242 632 296 xxvia.
652 230 801 314 (ιο-49.)
979 235 1037 294 113
1139 195 1142 212 ³

1 396 3 403 '
34 415 133 457 sucus
153 406 261 476 purgat
275 405 395 476 utraque
410 407 492 476 parte
507 397 695 476 sesquiobolo
716 399 744 458 in
763 417 835 477 aqua
854 398 954 459 mulsa.
996 402 1039 459 sic

35 490 66 540 et
84 481 264 560 hydropicis
280 481 362 540 datur
376 482 519 541 acetabuli
532 499 674 542 mensura.
710 483 882 561 inspargitur
897 493 927 542 et
941 483 1038 543 aridae

33 565 152 625 radicis
174 565 267 624 farina
289 566 408 642 potioni.
446 567 522 624 aiunt
544 568 723 644 superiorem
739 577 849 644 partem
872 568 933 626 eius
952 569 1038 626 vomi·

33 649 121 708 tione
138 647 210 707 hilis
227 647 390 723 extrahere,
406 647 570 708 inferiorem
585 667 638 726 per
650 650 743 708 alvom
757 667 869 727 aquam.

11 747 23 786 s
100 732 191 810 (47.)
217 731 350 798 Termino
364 732 478 792 discutit
493 732 690 811 quodcumque
713 751 857 810 panaces,
881 735 1034 794 Vettonica
1046 742 1080 796 tt

35 825 253 894 praeterquam
269 831 284 872 a
301 815 453 892 cruditate,
471 817 631 894 peucedani
646 833 731 876 sucus
747 826 776 876 et
796 818 972 892 inflationes,
993 836 1038 876 au·

36 907 103 958 ctus
115 901 259 975 gignens,
276 901 342 957 item
358 900 437 958 acori
449 899 530 958 radix
541 899 706 974 daucumve,
719 900 743 959 si
754 900 884 960 lactucae
896 901 980 960 modo
993 919 1038 959 su·

34 991 143 1042 matur.
176 982 308 1042 ladanum
326 981 460 1059 Cyprium
473 991 569 1060 potum
584 985 795 1043 interaneorum
810 985 885 1044 vitiis
901 986 1035 1057 occurrit,

34 1069 201 1143 gentianae
219 1065 309 1130 iarina
328 1085 365 1124 ex
381 1083 454 1143 aqua
469 1067 564 1143 tepida
578 1067 662 1126 labae
676 1067 883 1142 magnitudine,
901 1067 1037 1146 plantago

7 1168 124 1214 inmane
143 1158 259 1226 sumpta
282 1148 390 1208 duabus
407 1150 522 1226 lingulis
540 1159 568 1209 et
582 1152 665 1210 tertia
686 1153 839 1228 papaveris
854 1153 882 1210 in
900 1152 956 1208 vini
972 1168 1036 1225 cya-

36 1233 94 1294 this
110 1242 253 1312 quattuor
274 1249 331 1292 nou
346 1235 465 1292 veteris.
493 1233 576 1293 datur
595 1242 624 1293 et
643 1236 671 1292 in
693 1251 821 1293 somnum
837 1235 966 1294 euntibus
989 1233 1037 1293 ad·

1 1341 3 1366 ι
36 1317 97 1376 dito
114 1318 198 1376 nitro
211 1315 257 1374 rel
273 1316 401 1394 polenta,
418 1319 441 1376 si
456 1318 543 1376 multo
561 1327 627 1396 post
642 1317 735 1377 cibum
747 1317 838 1378 detur.
865 1317 931 1378 colo
946 1317 1036 1378 iniun-

1 1421 3 1457 ι
34 1401 115 1460 ditur
132 1399 248 1458 hemina
267 1401 327 1458 suci
343 1400 391 1458 vel
406 1401 433 1458 in
449 1399 534 1460 lebri.

103 1483 196 1563 (48.)
221 1481 377 1559 Agerinum
387 1493 483 1561 potum
496 1483 591 1544 obolis
601 1483 692 1544 tribus
703 1486 732 1544 in
743 1485 801 1544 vini
813 1485 919 1544 veteris
931 1482 1034 1558 cyatho
1045 1492 1078 1548 75

1 1587 26 1626 ns
35 1585 93 1626 uno
108 1568 186 1626 lieni
198 1567 336 1643 medetur,
349 1576 377 1626 et
387 1558 506 1646 panacis
520 1569 641 1626 omnium
652 1585 791 1644 generum
803 1568 882 1628 radix
895 1570 922 1626 in
934 1567 1037 1645 mulso,

37 1651 90 1711 sed
107 1650 239 1709 Teucria
254 1652 412 1728 praecipue
436 1660 503 1728 pota
519 1631 597 1710 arida
614 1660 642 1710 et
657 1651 778 1711 decocta
794 1662 926 1730 quantum
940 1669 1038 1712 manus

37 1735 143 1813 capiat
162 1735 194 1792 in
217 1735 290 1792 aceti
305 1727 424 1792 heminis
442 1733 540 1792 tribus.
574 1733 609 1793 ad
625 1733 728 1794 volnus
744 1734 868 1794 inlinitur
883 1735 984 1795 eadem
1000 1753 1038 1793 cx

36 1827 130 1878 aceto
145 1825 207 1892 aut,
224 1819 249 1874 si
261 1817 378 1875 tolerari
393 1833 450 1876 non
467 1818 570 1896 possit,
586 1835 624 1876 ex
636 1818 690 1877 ficu
702 1817 749 1876 vel
764 1835 846 1895 aqua.
873 1819 1038 1878 Polemonia

37 1901 153 1960 bibitur
165 1917 204 1958 ex
217 1901 453 1974 vino,Vettonica
466 1900 599 1960 drachma
609 1900 637 1960 iu
652 1901 815 1975 oxymelitis
827 1901 936 1977 cyathis
947 1904 1027 1964 tri-ss,
1038 1919 1070 1956 ιιι
1143 1935 1150 1946 ι

7 1985 114 2060 abus,
147 1983 337 2042 aristolochia
357 1993 386 2042 ut
411 1993 509 2044 contra
530 1985 684 2062 serpentis.
728 1985 903 2062 Argemouia
925 1994 1035 2064 septem
1045 1993 1079 2049 76

36 2067 196 2138 diebus-in
212 2066 277 2126 cibo
293 2076 403 2144 sumpta
420 2067 525 2127 lienem
540 2085 709 2128 consumere
726 2069 838 2144 dicitur,
853 2070 998 2146 agaricum
1010 2069 1039 2128 in
1146 2103 1148 2108 ·

1 2179 2 2212 ι
37 2160 130 2211 aceto
147 2150 242 2210 mulso
261 2149 355 2209 obolis
374 2149 494 2210 duobus.
530 2151 708 2230 nymphaeae
727 2151 879 2213 Heracliae
902 2153 983 2214 radix
1008 2153 1038 2210 in

38 2237 110 2296 vino
130 2243 201 2312 pota
219 2241 246 2292 et
269 2234 330 2310 ipsa
356 2235 505 2294 consumit.
542 2236 749 2296 cissanthemus
769 2235 902 2296 drachma
924 2235 968 2294 bis
992 2235 1037 2294 die

39 2327 160 2396 sumpta
177 2319 205 2375 in
220 2317 276 2377 vini
292 2316 349 2376 albi
369 2317 478 2391 cyathis
494 2317 604 2378 dnobus
626 2336 679 2396 per
694 2318 757 2378 dies
770 2317 820 2378 XL
841 2319 943 2378 lienem
968 2318 1036 2377 dici·

8 2423 29 2462 rs
40 2411 88 2461 tur
106 2401 247 2479 paulatim
268 2403 398 2460 emittere
418 2419 471 2478 per
488 2403 605 2460 urinam.
634 2401 753 2478 prodest
768 2410 797 2463 et
810 2401 952 2479 hysopum
974 2418 1036 2459 curn

39 2487 101 2546 lico
125 2483 298 2559 decoctum,
319 2484 482 2543 lonchitidis
504 2485 584 2543 radix
606 2483 727 2544 decocta
754 2485 915 2562 priusquam
939 2501 1036 2542 semen

39 2569 188 2643 demittat,
204 2567 363 2644 peucedani
379 2585 493 2646 quoque
507 2567 588 2626 radix
603 2566 727 2628 decocta
743 2575 772 2626 et
787 2565 853 2625 lieni
869 2573 897 2624 et
908 2563 1034 2624 renibus.

38 2651 115 2712 Lien
131 2652 215 2710 acori
230 2658 300 2728 potu
314 2651 505 2726 consumitur,
529 2649 706 2728 praecordiis
722 2659 750 2708 et
767 2649 851 2708 ilibus
867 2648 1032 2706 utilissimae
1044 2657 1076 2711 77

40 2735 174 2810 radices,
191 2734 312 2808 clymeni
326 2751 422 2794 semen
438 2743 535 2811 potum
550 2733 650 2794 diebus
665 2733 778 2808 triginta
794 2730 922 2809 pondere
938 2730 1037 2789 denari

10 2835 32 2878 ιι
41 2821 71 2878 in
84 2821 155 2878 vino
169 2817 246 2893 albo,
258 2817 429 2876 vettonicae
442 2813 534 2876 lerina
550 2835 586 2874 ex
600 2815 726 2874 melleet
740 2824 824 2874 aceto
840 2813 944 2873 scillite
957 2821 1035 2890 pota,

40 2903 128 2962 radix
145 2899 310 2960 lonchitidis
327 2902 355 2960 in
376 2918 460 2976 aqua,
478 2899 629 2958 Teucriam
645 2898 786 2973 inlinitur,
806 2899 871 2958 item
892 2896 1036 2958 scordium

41 3005 110 3047 cum
129 3001 210 3060 cera,
227 2984 371 3060 agaricum
387 3001 450 3042 cum
463 2982 554 3042 farina
573 2982 672 3041 elena
687 2979 808 3040 Graeco.

110 3069 197 3147 (49.)
221 3069 347 3127 Vesicae
362 3067 444 3125 malis
460 3075 618 3142 contraque
633 3064 762 3124 calculos
774 3065 952 3141 gravissimis
968 3083 1030 3124 cru·
1042 3073 1077 3128 78

44 3153 185 3226 ciatihus,
208 3160 238 3208 nt
254 3151 388 3225 diximus,
412 3149 517 3208 auxilio
533 3157 577 3208 est
591 3148 755 3208 Polemonia
776 3167 813 3207 ex
834 3149 898 3208 vino
914 3157 992 3226 pota,
1004 3167 1034 3206 ss.
1045 3167 1068 3201 ιι

14 3239 116 3298 saitem
140 3236 303 3311 agaricum,
334 3232 469 3313 plantago
491 3232 569 3292 loliis
597 3232 645 3290 vel
666 3231 762 3292 radice
783 3232 859 3309 potis
879 3250 916 3290 ex
936 3247 1035 3309 passo,

44 3321 202 3382 Vettonica
224 3327 253 3377 ut
268 3319 296 3376 iu
310 3317 440 3388 iocinere
456 3315 593 3392 diximus,
612 3317 678 3374 item
695 3316 785 3375 ramiti
800 3323 868 3393 pota
889 3323 974 3391 atquc
994 3314 1065 3372 in-ss

45 3405 109 3480 lita,
125 3402 228 3462 eadem
246 3400 282 3460 ad
300 3402 475 3476 strangurias
492 3399 700 3458 efficacissima.
729 3397 765 3456 ad
781 3398 908 3458 calculos
924 3396 1035 3475 quidam

46 3487 232 3551 vettonicam
248 3493 277 3544 et
293 3483 483 3544 verbenacam
500 3490 529 3542 et
542 3480 718 3542 milleiolium
735 3481 834 3560 nequis
856 3478 1033 3558 portionibus
1061 3499 1063 3504 ·

97 3591 167 3634 anm.
183 3590 248 3629 nnn.
263 3589 332 3628 ursa.
356 3571 402 3628 tv.
855 3562 873 3624 8
