2504 3930
324 261 405 309 uun.
421 257 511 307 nnsn.
528 259 625 306 xxxn.
641 257 667 310 a.
682 255 708 309 4.
725 245 872 324 (ua-uc.)
1036 244 1098 309 aba

98 417 128 476 iu
142 433 210 475 aere
226 413 315 474 sudor
329 413 378 472 vel
388 411 507 474 lucerna
523 413 585 472 sine
601 411 716 472 defectu
729 413 787 472 olei
802 413 939 472 restincta
953 414 1099 474 autetiam

98 499 194 558 vellus
209 499 292 559 lanae
306 497 448 557 madidum
462 498 641 576 reperiatur,
654 513 711 554 non
722 495 807 556 dubie
820 498 987 574 promittunt
999 513 1098 574 aquas.

98 583 213 662 quidam
229 591 258 641 et
272 583 340 659 igne
361 581 441 660 prius
456 589 603 640 excocunt
617 579 712 639 locum
727 588 806 639 tauto
821 581 991 640 efficaciore
1013 596 1097 640 vaso-

97 684 158 726 rum
177 673 356 742 argumento.

76 766 90 805 a
162 750 246 828 (28.)
276 748 366 809 'lerra
391 765 461 808 vero
488 749 553 826 ipsa
577 749 718 826 promittit
740 745 953 808 candicantibus
976 746 1095 807 maculis
1107 756 1141 812 tt

97 843 145 894 aut
160 842 221 893 tota
236 832 333 910 glauci
353 833 472 892 coloris.
501 835 530 891 in
540 833 622 907 nigra
645 833 719 891 enim
743 831 933 906 scaturigines
953 847 1012 889 non
1033 830 1097 889 fere

98 925 162 978 suut
179 931 334 994 perennes.
365 916 495 992 figularis
510 924 589 974 creta
604 933 720 993 semper
737 915 835 975 adiurit
853 931 940 992 spes,
964 931 1020 973 nee
1042 929 1097 973 am·

98 1001 174 1080 plius
191 1007 308 1078 puteum
324 1000 436 1059 fodiunt
451 1001 531 1058 coria
544 1008 640 1058 terrae
655 999 858 1073 observantes,
874 1006 903 1057 ut
919 1015 935 1057 a
951 999 1034 1075 nigra
1048 996 1097 1055 de·

99 1084 218 1144 scendet
233 1083 305 1144 ordo
321 1083 524 1161 supradictus.
558 1082 643 1160 Aqua
667 1100 783 1161 semper
804 1081 898 1140 dulcis
913 1083 941 1139 in
955 1079 1095 1158 argillosa
1106 1091 1141 1145 48

65 1191 92 1232 ro
101 1178 193 1244 terra,
210 1166 345 1245 frigidior
359 1169 388 1226 in
403 1166 475 1226 tolo.
503 1183 626 1244 namque
638 1175 667 1225 et
684 1166 732 1225 bic
747 1163 899 1244 probatur,
915 1165 1008 1224 dulcis
1024 1166 1098 1223 enim

101 1252 319 1329 levissimasque
335 1251 404 1310 facit
419 1260 448 1309 et
463 1249 586 1309 colando
605 1251 734 1309 continet
748 1248 854 1311 sordis.
883 1248 1014 1308 sabulum
1037 1250 1097 1308 exi·

24 1391 27 1398 .
99 1336 135 1395 lis
146 1335 323 1413 limosasque
335 1334 484 1413 promittit,
501 1333 593 1410 glaria
609 1335 734 1393 incertas
746 1350 845 1408 venas,
861 1332 913 1392 sed
928 1332 998 1392 boni
1012 1348 1097 1410 supo-

97 1420 153 1495 ris,
171 1419 301 1478 sabulum
316 1418 471 1478 musonium
488 1425 517 1476 et
532 1417 638 1477 harena
662 1427 690 1477 et
710 1416 901 1477 carbunculus
925 1425 1021 1476 certas
1041 1425 1097 1475 sta·

97 1501 223 1580 bllisque
239 1511 269 1560 et
284 1501 426 1576 salubris,
442 1499 528 1560 rubra
546 1519 617 1560 saxa
628 1509 760 1579 optumas
772 1502 895 1579 speique
911 1501 1097 1575 certissimas,

62 1603 87 1646 15
96 1585 214 1645 radices
225 1586 361 1645 montium
373 1601 498 1644 saxosae
513 1592 544 1644 et
558 1586 633 1644 silex
647 1584 704 1644 hoe
719 1585 839 1662 amplius
855 1585 986 1660 rigentis.
1011 1599 1098 1662 opor·

95 1677 246 1728 letantem
261 1667 439 1729 fodientibus
456 1667 612 1728 umidiores
632 1667 751 1728 adsidue
772 1668 954 1744 respondere
976 1666 1098 1745 glaebas

94 1752 269 1830 faciliusque
283 1752 457 1812 ferramenta
479 1751 669 1812 descendere.
699 1751 856 1829 Depressis
877 1752 972 1829 puteis
998 1748 1141 1828 sulpure

94 1844 158 1895 rata
174 1835 223 1895 rel
236 1835 395 1895 aluminosa
411 1837 593 1896 occurrentia
607 1837 755 1914 putearios
771 1843 885 1895 necant.
916 1836 1097 1912 experimen·

94 1928 154 1978 tum
166 1919 250 1978 huius
265 1919 387 1998 periculi
400 1927 445 1979 est
460 1919 584 1979 demissa
596 1919 701 1979 ardens
712 1919 842 1995 lucerna,
860 1920 884 1978 si
896 1919 1097 1995 exstinguitur.

61 2012 164 2066 aotunc
186 2003 343 2063 secundum
365 2012 482 2082 puteum
511 2002 613 2062 dextra
633 2019 669 2062 ac
690 2003 805 2062 sinistra
823 2003 934 2062 fodiunt
955 2001 1099 2062 aestuaria

94 2103 172 2166 qnae
189 2086 355 2164 graviorem
370 2087 449 2146 illum
464 2086 581 2147 halitum
600 2087 754 2164 recipiant.
785 2087 859 2146 litet
881 2087 943 2145 sine
958 2086 1004 2145 bis
1021 2085 1098 2145 vitiis

94 2169 245 2230 altitudine
259 2170 323 2246 ipsa
340 2170 459 2246 gravior
474 2187 525 2229 aer
538 2187 624 2248 quem
639 2169 792 2230 emendant
811 2169 930 2230 adsiduo
946 2169 1098 2229 linteorum

93 2253 202 2313 iactatu
217 2253 411 2312 eventilando.
441 2270 504 2314 cum
519 2253 555 2314 ud
566 2271 667 2333 aquam
683 2263 798 2314 ventum
811 2262 867 2330 est,
882 2255 945 2312 sine
959 2253 1097 2314 harenato

94 2352 172 2414 opus
185 2336 277 2412 surgit
288 2354 324 2395 ne
336 2353 430 2396 venae
443 2336 635 2397 obstruantur.
653 2337 800 2411 Quaedam
814 2354 905 2416 aquae
919 2355 989 2396 vere
1001 2337 1095 2398 statim
1106 2347 1142 2400 tt)

59 2435 85 2478 as
96 2419 255 2497 incipiente
269 2420 437 2496 frigidiores
455 2429 535 2498 sunt,
558 2437 676 2499 quarum
692 2437 751 2480 nou
766 2422 795 2479 in
816 2420 875 2481 alto
889 2421 973 2498 origo
990 2429 1034 2480 est
1056 2453 1099 2466 —

93 2502 225 2562 bibernis
241 2504 316 2562 enim
329 2512 461 2563 constant
471 2503 610 2564 imbribus
620 2537 672 2580 -—,
688 2502 828 2583 quaedam
840 2503 920 2564 canis
932 2511 1007 2580 ortu,
1023 2504 1097 2563 sicut

0 2621 1 2636 ι
92 2589 122 2645 in
138 2585 312 2646 Macedonia
326 2587 408 2646 Pella
424 2596 584 2666 utrumque.
618 2597 684 2648 ante
699 2586 836 2666 oppidum
851 2589 925 2646 enim
942 2587 1098 2666 incipiente

92 2678 208 2730 aestate
222 2670 328 2746 frigida
345 2678 391 2730 est
405 2671 557 2752 palustris,
581 2671 647 2731 dein
662 2688 794 2731 maxumo
811 2679 893 2730 aestu
908 2673 937 2728 in
953 2669 1097 2730 excelsio-

90 2753 175 2813 ribus
190 2753 290 2832 oppidi
303 2755 389 2830 riget.
412 2754 469 2813 boc
485 2763 515 2814 et
528 2757 557 2814 in
570 2754 642 2815 chio
660 2755 757 2814 evenit
775 2753 858 2814 simili
872 2757 983 2814 ratione
997 2763 1098 2832 portus

56 2846 126 2896 acet
148 2836 260 2916 oppidi.
301 2837 425 2898 Athenis
445 2836 654 2898 Enneacrunos
675 2838 805 2898 nimbosa
829 2847 941 2898 aestate
965 2838 1099 2915 frigidior

93 2928 141 2980 est
157 2937 243 2998 quam
259 2929 365 2998 puteus
380 2922 409 2980 in
422 2919 501 2980 lovis
516 2921 618 2998 horto,
635 2922 730 2984 atille
745 2921 922 2982 siccitatibus
933 2923 1024 3000 riget,
1040 2939 1097 2982 ma-

91 3021 181 3063 xume
198 3011 293 3070 autem
309 3005 389 3083 putei
407 3007 485 3064 circa
507 3015 660 3066 arcturum.
704 3008 733 3066 4.
756 3022 813 3064 non
835 3007 899 3085 ipsa
915 3013 1025 3067 aestate
1047 3004 1097 3064 de·

90 3088 211 3165 ficiunt,
238 3103 397 3166 omnesque
418 3088 569 3166 quatriduo
591 3108 627 3149 eo
650 3089 809 3149 subsidunt.
854 3092 908 3150 ianr
925 3107 997 3149 vero
1018 3089 1097 3148 multi

89 3169 190 3230 bieme
209 3178 287 3246 tota,
303 3179 334 3229 ut
350 3173 427 3231 circa
445 3169 614 3249 Olynthum,
631 3191 702 3232 vere
718 3174 838 3251 primum
854 3175 937 3252 aquis
953 3173 1096 3232 redeunti

0 3255 1 3268 ¹
54 3253 160 3314 asbus.
190 3256 227 3315 In
243 3254 342 3314 Sicilia
356 3256 469 3333 quidem
482 3257 561 3316 circa
575 3257 737 3316 Messanam
751 3265 781 3316 et
794 3257 887 3332 lllylas
902 3256 995 3315 bieme
1007 3258 1035 3315 in
1049 3266 1092 3316 to·
1104 3268 1136 3322 51
1240 3325 1241 3329 Ἰ

91 3339 334 3398 tnmiuarescunt
351 3339 465 3414 fontes,
486 3348 597 3399 aestate
620 3339 764 3399 exundant
788 3357 956 3416 amnemque
977 3340 1096 3400 faciunt.

91 3420 275 3501 Apolloniae
286 3423 315 3480 in
330 3421 422 3482 Ponto
437 3419 503 3482 fons
519 3425 597 3483 iuxta
608 3441 686 3484 mare
702 3432 813 3484 aestate
827 3433 933 3484 tautum
946 3423 1096 3502 superfluit

75 3514 124 3566 -ει
134 3523 268 3566 maxume
284 3508 364 3565 cauis
380 3515 459 3582 ortu,
475 3507 608 3586 parcius,
626 3509 649 3566 si
665 3507 798 3585 frigidior
814 3508 851 3568 sit
865 3516 971 3568 aestas.
1001 3509 1094 3584 Quae-
