2396 3900
260 229 669 285 nnu.u1su.xv111.6-t.
688 222 824 302 (8-10.)
947 184 949 190 Ι
1000 220 1059 282 103

61 393 144 462 nuta,
167 385 309 465 paulatim
329 395 484 450 extenuato
507 388 601 449 culmo
623 407 717 468 paene
739 391 768 450 in
790 389 951 467 surculum,
975 406 1059 468 prae-

61 470 148 530 densis
169 481 329 532 acervatur
342 475 440 550 granis
462 492 527 534 cunr
545 472 713 552 longissima
730 473 828 553 pedali
844 473 952 552 phcba.
980 473 1060 534 milio

61 571 152 616 conae
165 573 289 632 manum
312 559 476 636 conplexae
498 557 640 618 limbriato
665 559 772 637 capillo
794 567 957 618 curuantur.
991 557 1104 621 Sunttl

62 648 85 698 et
97 641 201 718 panico
216 658 348 718 genera:
365 659 530 719 mammosa,
550 662 567 703 e
582 660 659 721 pano
672 643 770 722 parvis
784 652 931 703 racemata
943 643 1060 721 panicu-

44 721 97 800 tlis,
111 733 141 785 et
157 727 310 786 cacumine
322 728 448 804 gemino.
481 729 549 806 quin
567 737 598 788 ct
609 727 712 788 colore
724 727 915 805 distinguntur
927 727 1060 802 candido,

61 808 142 886 nigro,
158 810 237 886 rufo,
256 811 344 871 etiam
358 828 517 891 purpureo.
548 812 633 872 Panis
648 812 830 873 multifariam
845 819 874 871 et
896 811 1003 872 emilio
1018 809 1059 886 lit,

62 895 183 970 epanico
197 911 295 954 rarus.
328 896 382 956 sed
402 896 511 958 nullum
533 897 728 975 ponderosius
752 897 924 956 frumentum
946 905 992 955 est
1013 903 1061 956 aut

61 979 126 1055 quod
144 979 304 1057 coquendo
319 981 410 1058 magis
427 989 552 1042 crescat.
582 995 630 1042 Lx
645 981 744 1059 pondo
762 981 844 1061 panis
862 999 879 1040 e
899 980 995 1040 modio
1014 997 1060 1038 re·

61 1061 156 1122 ducunt
173 1063 364 1144 modiumque
381 1064 470 1144 pultis
490 1065 638 1126 extribus
660 1066 795 1126 sextariis
812 1065 943 1125 madidis.
988 1061 1102 1123 ltili-cs

37 1159 97 1204 tunm
110 1146 182 1208 intra
198 1147 255 1208 hos
271 1148 376 1209 decom
397 1167 488 1210 annos
506 1169 544 1210 ex
565 1149 644 1210 India
665 1152 694 1210 in
713 1149 825 1210 ltaliam
847 1150 993 1210 invectum
1016 1157 1063 1208 est

60 1231 160 1307 nigrum
175 1232 291 1309 colore,
308 1232 433 1312 amplum
454 1252 563 1320 grano,
585 1235 793 1295 harundineum
822 1233 926 1294 culmo.
962 1231 1060 1294 adule-

60 1316 105 1374 scit
119 1315 155 1376 ad
166 1316 262 1394 pedes
280 1317 431 1380 altitudine
447 1329 573 1398 septem,
581 1318 810 1398 praegrandibus
826 1317 927 1378 culmis
940 1316 1060 1396 -pho·

60 1397 103 1458 las
116 1411 226 1460 vocant
242 1437 286 1448 —
304 1404 429 1462 omniurn
452 1403 567 1482 frugum
587 1403 805 1468 fertilissimum.
835 1421 873 1463 ex
888 1419 946 1462 uno
968 1418 1061 1480 grano

60 1486 123 1544 tarni
141 1489 265 1548 sextarii
279 1489 444 1566 gignuntur.
476 1489 536 1549 seri
551 1487 640 1548 dehet
656 1489 684 1548 in
695 1488 816 1548 umidis¹⁴
837 1485 875 1569 [4]
907 1485 1104 1548 Frumenta56

35 1569 191 1647 squaedam
207 1572 339 1633 intentio
357 1591 433 1650 genu
448 1573 559 1652 spicam
574 1568 713 1651 incipiunt
731 1571 901 1650 concipere,
921 1569 1062 1649 quaedam

58 1653 207 1732 iuquarto‚
224 1656 278 1717 sed
295 1658 448 1717 etiamnum
464 1657 617 1718 occultam.
649 1657 785 1735 genicula
805 1665 901 1716 autem
924 1663 990 1714 sunt
1012 1655 1061 1713 tri·

58 1738 108 1797 tico
123 1749 277 1818 quaterna,
293 1741 363 1802 farri
379 1759 460 1818 sena,
477 1741 590 1802 hordeo
607 1752 722 1804 octona.
755 1741 809 1802 sed
822 1757 880 1800 non
894 1749 960 1800 ante
973 1755 1062 1817 supra
1083 1807 1085 1811 y

59 1821 153 1884 dictum
170 1825 376 1901 geniculorum
396 1845 544 1886 numerum
566 1835 727 1905 conceptus
750 1834 795 1886 est
816 1825 934 1903 spicae,
957 1823 1007 1902 qui
1031 1830 1062 1882 ut

59 1924 130 1984 spem
145 1911 193 1969 sui
208 1910 291 1986 fecit,
311 1919 447 1990 quattuor
461 1921 509 1970 aut
521 1912 647 1991 quinque
659 1909 821 1970 tardissime
835 1907 939 1969 diebus
953 1907 1062 1968 llorere

31 1991 189 2071 reincipiunt
210 1994 391 2074 totidemque
412 2004 460 2056 aut
483 1995 571 2074 paulo
598 1993 729 2074 pluribus
754 1994 969 2068 deflorescunt,
995 1991 1062 2052 hor·

59 2075 105 2136 dea
124 2095 217 2154 vero,
245 2097 309 2139 cum
333 2080 512 2156 tardissime,
538 2089 661 2159 septem.
693 2077 788 2140 Varro
811 2086 915 2158 quater
941 2077 1062 2138 novenis
1161 2125 1164 2140 r

58 2159 151 2222 diebus
168 2163 272 2241 fruges
296 2161 410 2223 absolvi
434 2164 521 2224 tradit
547 2173 577 2224 et
597 2181 697 2224 mense
720 2180 798 2223 nono
826 2164 903 2222 meti.
937 2161 977 2240 [5]
1008 2158 1103 2222 Fa-su

58 2243 106 2305 bae
132 2247 161 2305 iu
181 2247 255 2307 lolia
280 2256 388 2307 exeunt
412 2266 448 2308 ac
478 2247 583 2308 deinde
613 2249 725 2309 caulem
755 2248 885 2308 emittunt
908 2246 992 2305 nullis
1022 2244 1063 2304 di·

59 2331 184 2391 stinctum
208 2331 391 2394 internodiis.
430 2332 545 2411 reliqua
568 2333 714 2411 legumina
741 2332 894 2392 surculosa
916 2337 989 2390 sunt.
1027 2345 1065 2387 ex

3 2437 5 2488 ς
33 2412 98 2474 ralis
113 2433 227 2478 ramosa
244 2419 341 2493 cicer,
366 2435 482 2492 ervom,
504 2417 579 2477 lens.
602 2417 780 2499 quorundam
800 2417 899 2477 caules
921 2430 1063 2492 spargun-

59 2506 100 2558 tur
113 2500 140 2559 in
156 2508 276 2578 terram,
290 2502 316 2561 si
332 2519 390 2562 non
407 2501 533 2562 habeant
555 2502 766 2576 adminiculum,
781 2509 811 2560 ut
823 2497 892 2578 pict'.
910 2496 965 2558 uhi
981 2514 1063 2556 scan·
1155 2503 1162 2514 '

60 2583 120 2643 daut
132 2586 186 2645 nisi
201 2585 344 2663 habuere,
360 2586 401 2628 **
424 2594 473 2646 aut
489 2586 637 2647 deteriora
652 2586 730 2645 liunt.
761 2585 936 2661 leguminum
948 2582 1063 2640 unicau-

3 2719 5 2742 ,
60 2666 92 2726 lis
104 2667 168 2730 laha
186 2670 269 2747 sola,
284 2689 358 2730 anus
373 2680 404 2730 et
417 2671 541 2750 lupinis,
558 2670 612 2731 sed
629 2670 736 2730 ceteris
758 2685 890 2728 ramosus
913 2664 1065 2746 praetenui

62 2753 179 2831 surculo,
196 2754 332 2816 omnihus
346 2772 418 2815 vero
435 2754 593 2815 fistulosus.
629 2751 742 2814 Folium
758 2751 900 2832 quaedam
912 2750 949 2811 alr
964 2749 1108 2810 radicato

3 2911 4 2922 ἵ
35 2836 174 2916 amittam,
192 2841 336 2918 quaedam
352 2857 368 2900 a
385 2839 543 2899 cacumine.
578 2839 751 2899 frumentum
766 2845 795 2896 et
816 2836 956 2897 hordeum
976 2834 1064 2894 vicia·
1188 2831 1195 2845 “

3 2959 5 2990 r
64 2937 111 2999 que
126 2933 155 2983 et
169 2923 311 3004 quidquid
326 2926 355 2984 in
374 2923 482 3003 stipula
506 2931 552 2984 est
571 2923 600 2982 in
622 2923 771 2982 cacumine
792 2939 877 2980 unum
898 2920 998 2982 folium
1014 2916 1064 2977 ha·

3 3003 5 3072 ξ
64 3003 106 3065 ltet
117 3040 155 3054 -
174 3009 228 3070 sed
243 3007 357 3069 hordeo
380 3007 485 3068 scabra
502 3017 583 3082 sunt,
600 3007 709 3067 ceteris
725 3005 802 3066 levia
818 3041 878 3083 —,
894 3000 1065 3081 multiplicia
1114 3077 1116 3084 X

3 3085 5 3132 ἕ
65 3101 152 3153 matra
182 3094 269 3170 falsa,
302 3095 395 3172 cicer,
426 3095 530 3171 pisum.
574 3089 736 3151 Frumentis
765 3089 866 3150 lolium
894 3085 1064 3150 harundina-

3 3165 5 3236 ἕ
65 3191 153 3253 mum,
174 3179 263 3240 fabae
284 3178 406 3238 rotunda
424 3187 455 3237 et
472 3194 594 3254 magnae
616 3176 792 3252 leguminum
814 3175 905 3254 parti,
931 3167 1066 3244 longiora

3 3255 5 3270 '
34 3261 173 3322 aemiliae
190 3272 220 3323 et
235 3264 315 3342 piso,
332 3260 474 3341 phasiolis
485 3277 608 3336 venosa,
621 3261 746 3320 sosimas
758 3268 788 3319 et
799 3259 883 3319 irioni
897 3252 1065 3332 sanguinea·

3 3359 4 3372 ²
65 3340 164 3406 Cadunt
181 3348 254 3408 lolia
274 3346 374 3425 lupino
393 3354 500 3408 tanturn
516 3353 545 3404 et
557 3345 707 3423 papaveri.
739 3343 884 3422 legumina
896 3339 1001 3402 diutius
1014 3329 1111 3424 fl.⁰'⁵⁹

3 3423 5 3454 s
64 3438 134 3507 rent,
158 3441 186 3491 et
203 3449 242 3492 ex
259 3430 305 3491 his
323 3447 422 3491 ervom
438 3448 473 3490 ac
490 3430 581 3504 cicer,
601 3428 654 3488 sed
669 3428 829 3489 diutissime
850 3424 917 3486 laha
936 3434 984 3483 xrs
1007 3414 1067 3510 die-

64 3509 125 3593 ltus,
144 3533 200 3577 non
215 3523 312 3578 autem
327 3514 434 3593 singuli
450 3514 533 3592 scapi
548 3513 670 3589 tamdiu,
694 3513 827 3592 quoniam
843 3510 900 3570 alio
917 3501 1070 3574 desinente
