2458 3906
136 226 197 290 228
468 229 774 281 c.1>u1u1ssourrn1

137 411 225 472 gare,
248 405 406 470 persanare
429 388 616 467 promittens,
640 384 726 444 inlitis
748 383 834 443 etiam
855 379 1026 442 volneribus
1041 396 1059 439 a
1074 395 1150 439 cane

139 476 225 538 factis
240 484 325 535 tunso
341 491 405 532 curn
420 471 544 549 axungia
556 469 660 529 veteri.

95 573 148 626 245
224 558 308 639 (90.)
328 554 496 635 Serpyllum
511 571 527 614 a
543 552 690 632 serpendo
705 561 804 631 putant
818 551 934 628 dictum,
959 550 1038 630 quod
1055 549 1084 607 in
1099 547 1151 608 sil·

137 645 229 704 vestri
245 642 358 717 evcnit,
378 642 407 699 iu
423 640 514 719 petris
530 655 672 698 maxume.
701 638 823 698 sativom
838 653 896 696 non
910 635 1019 714 serpit,
1043 633 1099 694 sed
1114 631 1151 693 ad

138 727 263 808 palmum
279 725 427 786 altitudine
448 723 596 784 increscit.
627 723 762 802 pinguius
783 721 974 782 voluntarium
995 727 1025 779 et
1048 716 1179 779 candi-s

122 826 124 829 ’
139 809 268 872 dioribus
283 809 362 871 loliis
378 809 541 886 ranisque,
562 807 703 886 adversus
718 807 863 885 serpentis
876 805 992 880 elllcax,
1014 819 1153 864 maxume

140 894 286 954 cenchrim
303 903 332 953 et
346 892 558 970 scolopendras
574 891 723 951 terrestris
738 908 774 951 ac
784 891 909 950 marinas
921 898 951 949 et
962 888 1152 967 scorpiones,

141 980 270 1039 decoctis
288 995 325 1038 ex
341 978 410 1036 vino
432 977 519 1036 rarnis
538 974 685 1054 foliisque.
720 974 800 1053 lugat
824 984 854 1035 et
872 974 964 1035 odore
988 973 1099 1049 ornnis,
1128 973 1154 1030 si

97 1071 149 1126 246
161 1072 274 1138 uratur,
296 1070 324 1121 et
340 1071 440 1120 contra
457 1060 629 1120 marinorum
644 1077 756 1120 venena
775 1058 934 1138 praecipue
948 1057 1037 1120 valet.
1072 1057 1154 1135 capi·

140 1147 177 1205 tis
192 1144 342 1206 doloribus
358 1145 511 1204 decoctum
527 1144 555 1203 in
572 1153 655 1204 aceto
672 1143 798 1204 inlinitur
811 1141 991 1223 temporibus
1006 1158 1040 1203 ao
1062 1141 1155 1201 fronti
1165 1158 1190 1200 m

140 1247 204 1288 cum
219 1245 363 1303 rosaceo,
386 1229 453 1287 itcrn
476 1226 670 1306 phreneticis,
696 1227 881 1304 lethargicis,
906 1235 1006 1288 contra
1025 1225 1154 1287 tormina

140 1323 170 1372 et
191 1313 289 1372 urinae
311 1312 513 1386 difficultates,
537 1313 671 1388 anginas,
695 1313 883 1387 vomitiones,
908 1311 1052 1373 drachmis
1069 1318 1153 1389 quat·

140 1405 206 1457 tuor
227 1395 319 1456 datur.
352 1414 390 1455 ex
407 1414 482 1474 aqua
503 1394 609 1456 bibitur
624 1396 660 1456 ad
679 1395 837 1456 iocinerum
859 1395 1044 1457 desiderium.
1078 1393 1154 1454 lolia

141 1479 236 1541 obolis
256 1487 391 1559 quattuor
406 1480 508 1540 dantur
525 1480 560 1541 ad
581 1479 686 1540 lienem
710 1498 748 1539 cx
766 1489 861 1546 aceto.
890 1480 926 1541 ad
945 1487 1082 1540 cruentas
1099 1495 1152 1538 ex·

140 1565 321 1624 screatioues
337 1565 438 1625 teritur
453 1566 481 1623 in
497 1563 611 1645 cyathis
627 1562 740 1624 duobus
755 1566 830 1624 aceti
846 1572 875 1623 et
889 1563 994 1625 mellis.
1165 1567 1189 1628 la

98 1655 149 1710 nst
224 1647 308 1726 (91.)
332 1648 521 1724 sisymbrium
539 1648 676 1708 silvestre
697 1646 866 1726 quibusdam
882 1647 1083 1724 thymbraeum
1099 1665 1152 1726 ap

142 1730 297 1810 pellatum,
332 1731 430 1811 pedali
461 1750 518 1792 nou
550 1732 672 1810 amplius
698 1731 857 1792 altitudine.
902 1732 979 1810 quod
1004 1733 1033 1792 iu
1058 1732 1154 1810 riguis

140 1817 267 1875 nascitur
281 1816 375 1876 simile
392 1819 531 1878 nasturtio
546 1825 608 1892 est,
636 1825 788 1894 utrumque
804 1816 911 1877 efficax
925 1817 1067 1878 adversus
1083 1834 1153 1876 acu·

141 1899 218 1959 leata
233 1899 380 1975 animalia,
403 1909 433 1959 ut
448 1900 606 1961 crabrones
622 1909 652 1960 et
668 1900 787 1976 similia,
798 1900 888 1980 ·quod
906 1902 934 1961 iu
946 1902 1026 1962 sicco
1044 1900 1153 1961 odora·

142 1992 199 2041 tum
221 1990 267 2041 est
287 1993 316 2042 et
331 1983 466 2042 inseritur
483 1985 617 2059 coronis,
644 1986 812 2062 angustiore
833 1985 916 2045 folio.
950 1984 1053 2046 sedant
1073 1993 1152 2045 utra-
1164 2004 1190 2046 ao

141 2083 198 2143 que
216 2066 318 2144 capitis
334 2065 483 2146 dolorem,
505 2071 573 2129 item
589 2069 764 2146 epiphoras,
780 2077 811 2128 ut
827 2069 955 2130 Philinus
970 2069 1067 2130 tradit.
1103 2068 1155 2129 alii

98 2158 264 2226 hispanam
284 2148 407 2227 addunt,
434 2151 483 2213 alii
504 2171 558 2233 per
580 2169 613 2232 se
629 2151 772 2214 decocunt
790 2154 817 2212 in
836 2154 914 2214 vino.
946 2163 1030 2216 sanat
1046 2154 1155 2232 etepi·
1207 2205 1210 2213 ,

140 2232 271 2307 nyctidas
286 2236 417 2311 cutisque
431 2235 501 2299 vitia
525 2238 555 2296 in
573 2235 650 2296 iacie
666 2236 815 2298 mulierum
835 2237 909 2300 intra
924 2246 1055 2316 quartum
1074 2238 1154 2298 diem

140 2315 276 2376 noctibus
302 2317 459 2396 inpositum
478 2319 640 2398 diebusque
662 2321 832 2381 detractum.
873 2322 1066 2398 vomitiones,
1094 2323 1155 2382 siu·

140 2398 254 2476 gultus,
288 2403 426 2479 torrnina,
456 2405 595 2465 stornaohi
622 2404 830 2466 dissolutiones
860 2405 997 2482 cohibet,
1031 2407 1095 2467 sive
1124 2407 1191 2466 inas

142 2483 207 2544 cibo
225 2495 367 2564 sumptum
383 2487 445 2548 sive
465 2507 538 2550 suco
557 2497 666 2568 potum.
701 2506 759 2550 non
778 2489 921 2550 edendum
941 2491 1072 2569 gravidis
1097 2491 1155 2550 nisi
1207 2519 1213 2539 ι

140 2577 254 2628 mortuo
272 2579 435 2649 conceptu,
463 2574 573 2653 quippe
591 2574 676 2632 etiam
694 2574 849 2652 inpositum
873 2575 950 2636 eicit.
980 2584 1080 2636 movet
1094 2576 1155 2634 uri·

141 2669 206 2710 nam
228 2671 291 2713 curn
312 2655 378 2716 vino
400 2664 514 2733 potum,
540 2657 678 2717 silvestre
701 2666 730 2717 et
752 2657 893 2719 calculos.
931 2675 1005 2738 quos
1027 2658 1156 2737 vigilare

144 2752 217 2813 opus
233 2739 270 2797 sit
284 2739 391 2798 excitat
406 2739 529 2800 inlusum
545 2743 631 2819 capiti
648 2758 713 2800 curn
728 2752 824 2804 aceto,

99 2827 150 2882 249
225 2820 308 2901 (92.)
331 2821 392 2882 Lini
413 2842 514 2886 semen
537 2843 600 2886 cum
622 2825 685 2884 aliis
706 2827 823 2904 quidem
838 2827 867 2886 in
887 2845 941 2888 usu
957 2835 1019 2902 est,
1046 2826 1101 2887 sed
1123 2835 1189 2886 etaa

142 2920 243 2981 perse
258 2904 407 2967 mulierum
426 2909 499 2969 cutis
514 2909 582 2971 vitia
597 2910 730 2972 emendat
745 2912 774 2971 in
790 2911 878 2988 lacie,
892 2911 1044 2972 oculorum
1059 2911 1154 2972 aciem

142 3003 212 3054 suco
229 2987 354 3050 adiuvat.
384 2992 542 3070 epiphoras
556 3012 620 3053 curn
633 3003 697 3055 ture
713 3004 742 3056 et
758 3014 834 3075 aqua
849 3004 898 3058 aut
912 3013 977 3056 curn
997 3013 1095 3056 murra
1118 3013 1155 3056 ac

140 3069 207 3128 vino
229 3073 329 3150 sedat,
361 3077 510 3153 parotidas
531 3096 595 3138 cum
615 3079 703 3140 melle
728 3089 776 3142 aut
797 3081 883 3160 adipe
905 3087 953 3141 aut
975 3097 1063 3155 cera,
1092 3089 1154 3140 sto·

142 3154 235 3214 machi
255 3156 416 3218 solutiones
432 3161 595 3240 inspersum
611 3163 750 3244 polentae
768 3165 872 3242 modo,
895 3166 1014 3242 anginas
1030 3166 1059 3224 in
1076 3181 1155 3244 aqua

143 3245 171 3296 et
187 3237 254 3298 olco
272 3240 424 3303 decoctum
445 3254 474 3304 et
494 3263 558 3305 cum
573 3266 663 3309 aneso
687 3248 804 3310 inlitum.
838 3257 981 3325 torretur,
1005 3258 1037 3309 ut
1054 3249 1187 3309 alvorum

3 3345 4 3354 ¹
99 3329 152 3383 250
164 3323 254 3384 sistat.
286 3325 425 3386 coeliacis
444 3337 472 3388 et
488 3328 671 3404 dysintericis
686 3333 831 3411 inponitur
846 3341 993 3394 exaceto.
1025 3333 1062 3394 ad
1080 3334 1153 3394 ioci·

141 3405 219 3463 neris
240 3407 357 3468 dolores
374 3419 453 3471 estur
477 3431 540 3474 cum
556 3433 610 3476 uva
628 3433 733 3494 passa,
760 3418 795 3477 ad
814 3417 950 3495 phthisim
964 3416 1152 3478 utilissimae

142 3489 251 3551 somine
268 3491 336 3552 bunt
350 3493 511 3570 ecligmata.
545 3499 753 3577 musculorum,
769 3519 943 3568 nervorum.
962 3501 1152 3564 articulorum
