2458 3906
300 253 381 300 nan.
402 253 495 303 aaran.
515 253 587 302 xm.
603 252 687 306 1-3.
709 241 828 321 (1—7.)
1008 241 1069 305 233

73 409 146 469 nibus
164 408 263 468 tincto.
306 408 501 486 paulatimque
526 417 555 468 et
584 407 695 470 Romae
723 407 872 487 subrepsit
895 409 1069 489 appellatio,

73 492 180 554 corollis
206 494 282 553 inter
309 494 388 553 initia
409 502 531 572 propter
552 492 745 571 gracilitatem
765 495 933 573 nominatis,
948 511 1025 554 ‘mox
1041 503 1071 554 et

72 577 243 654 comllariis,
263 587 417 656 postquam
434 596 451 637 e
471 577 566 639 lamna
581 579 661 638 tenni
677 595 765 638 aerea
783 579 913 640 inaurata
930 588 978 641 aut
994 581 1069 639 inar-

70 670 175 738 gentata
194 661 345 723 dabantur.

48 763 60 801 a
125 747 151 808 3.
186 748 251 826 (t.)
289 744 413 808 Crassus
437 744 528 806 Dives
557 747 665 823 primus
692 756 816 822 argento
842 764 974 826 auroque
999 749 1098 816 lolia6

69 831 181 890 imitatus
198 831 274 892 ludis
288 831 349 891 suis
365 847 489 890 coronas
507 830 601 906 dedit,
619 839 868 908 accesseruntque
883 840 912 891 et
927 832 1068 909 lemnisci,

70 931 133 992 quos
146 915 222 975 adici
238 917 366 994 ipsarum
381 931 554 975 coronarum
570 915 664 975 bonos
685 924 765 994 erat,
788 923 911 993 propter
928 914 1069 978 Etruscas

1 1041 2 1070 ,
68 997 162 1078 quibus
178 1001 258 1078 iungi
272 1001 327 1060 nisi
342 1001 423 1059 aurei
436 1016 494 1058 non
509 998 663 1060 debebant.
697 1001 761 1076 puri
779 998 924 1059 diuluere
939 1000 969 1058 ii.
1002 1017 1069 1060 oae-

67 1082 121 1142 lare
148 1100 203 1143 eos
232 1085 341 1163 primus
368 1085 488 1143 instituit
516 1083 546 1142 P.
573 1081 710 1144 Claudius
732 1083 858 1144 Pulcher
880 1083 1068 1163 bratteasque

38 1167 142 1229 raedam
157 1167 294 1246 philyrae
309 1167 399 1228 dedit.

122 1251 181 1331 (5.)
196 1254 322 1332 Semper
333 1261 428 1312 tamen
439 1251 597 1312 auotoritas
608 1251 657 1312 vel
669 1251 782 1312 ludicro
795 1252 991 1331 quaesitarum
1003 1249 1091 1316 initi

67 1353 182 1416 nanque
210 1337 246 1398 ad
268 1338 426 1398 certamina
447 1337 599 1396 incircum
616 1353 670 1413 per
687 1335 772 1397 ludos
787 1346 818 1408 et
833 1337 889 1413 ipsi
906 1336 1068 1397 descende·

65 1419 125 1480 bant
139 1430 168 1480 et
183 1439 288 1483 servos
304 1439 373 1482 suos
392 1437 544 1500 equosque
560 1419 719 1482 mittebant.
746 1421 813 1482 iude
825 1419 874 1481 illa
890 1434 940 1480 ΧΗ
958 1419 1068 1481 tabula·

65 1522 120 1564 rum
144 1505 209 1566 lex:
236 1507 298 1585 qni
320 1521 494 1568 coronam
515 1505 614 1584 parit
638 1507 720 1585 ipse
740 1505 968 1585 pecuniave,
990 1505 1070 1564 eius

37 1591 268 1650 rstirtntisve
292 1607 383 1667 ergo
402 1591 526 1650 duitur
547 1590 590 1650 ei.
623 1607 707 1668 quam
724 1591 802 1650 servi
823 1589 929 1666 equive
948 1589 1068 1648 merula·

63 1682 123 1732 sent
143 1676 267 1752 pecunia
291 1683 402 1754 partam
425 1675 494 1752 lege
520 1673 578 1734 dici
604 1690 689 1734 nemo
717 1673 865 1735 dubitavit.
905 1673 970 1752 quis
995 1689 1067 1750 ergo

63 1755 173 1818 bonosi
188 1768 219 1819 nt
240 1759 297 1838 ipsi
312 1767 426 1819 mortuo
442 1757 669 1837 parentibusque
687 1759 767 1836 eius,
784 1759 849 1820 dum
865 1759 940 1818 intus
955 1756 1069 1836 positus
1111 1781 1121 1802 „

64 1850 137 1901 esset
161 1843 273 1904 lorisve
295 1843 438 1917 ferretur,
466 1845 528 1906 sinc
550 1843 651 1903 lraude
676 1852 757 1903 esset
778 1844 915 1922 inposita.
946 1840 1019 1901 alias
1040 1841 1069 1899 in

64 1943 113 1986 usn
132 1929 301 2004 promiscuo
325 1945 362 1986 ne
385 1927 513 1988 ludicrae
535 1927 649 2006 quidem
676 1936 769 1988 erant.
814 1928 878 2006 (6.)
903 1927 1095 2003 ingensque8

35 2020 90 2068 met
110 2009 176 2071 bine
198 2012 355 2072 severitas.
398 2011 429 2072 L.
446 2010 564 2072 Fulvius
587 2013 769 2089 argentarius
790 2011 872 2073 bello
894 2011 1001 2070 Punico
1023 2027 1069 2068 se·

64 2094 151 2154 tundo
178 2113 242 2156 cnm
269 2112 379 2156 corona
405 2113 528 2158 rosacea
556 2097 678 2156 interdiu
704 2114 721 2156 e
747 2095 871 2176 pergula
893 2113 945 2155 sua
971 2095 999 2154 in
1024 2093 1068 2153 lo-

62 2196 120 2237 mm
147 2181 343 2259 prospexisse
377 2181 471 2242 dictus
500 2199 538 2240 ex
565 2181 738 2240 auctoritate
767 2191 885 2242 senatus
916 2181 944 2238 in
968 2195 1069 2238 caree·

62 2279 119 2322 rem
140 2263 283 2326 abductus
311 2281 369 2324 non
389 2275 456 2325 ante
483 2264 568 2326 linem
591 2262 663 2324 belli
687 2265 812 2325 emissus
836 2273 890 2326 est.
919 2262 951 2321 P.
969 2260 1068 2322 iiluna·

61 2347 115 2406 tius
139 2365 204 2408 cnm
230 2349 377 2427 demptam
399 2348 535 2425 Marsyae
557 2364 694 2409 coronam
717 2369 733 2409 e
755 2348 876 2410 loribus
901 2346 989 2423 capiti
1015 2360 1069 2404 suo

33 2431 237 2510 atuposutsset
252 2442 340 2513 atque
357 2434 395 2494 ob
411 2433 439 2494 id
461 2434 527 2495 duci
547 2435 653 2494 eumin
669 2433 786 2494 vincula
809 2429 947 2493 triumviri
967 2428 1070 2512 iussis·

61 2525 135 2593 sent,
149 2517 322 2596 appellavit
341 2517 473 2578 tribunos
489 2517 579 2598 plebi.
617 2535 672 2578 neo
686 2519 883 2579 intercessere
898 2511 958 2587 illi,
982 2509 1097 2570 aliter9

61 2616 139 2678 quam
155 2600 295 2679 Athenis,
314 2601 363 2662 ubi
380 2602 595 2663 comissabundi
612 2602 735 2662 iuvenes
753 2609 819 2660 ante
833 2595 982 2657 meridiem
997 2609 1069 2651 con·

60 2694 159 2745 ventus
176 2687 350 2765 sapientium
368 2703 485 2767 quoque
502 2687 652 2747 doetrinae
664 2680 899 2765 frequentabant.
923 2676 1000 2754 apud
1015 2692 1068 2735 nos

61 2769 221 2848 exemplum
245 2770 382 2844 licentiae
403 2771 487 2832 buius
504 2789 562 2831 non
584 2779 629 2830 est
651 2769 727 2830 aliud
746 2784 831 2846 quam
856 2763 914 2823 tilia
932 2761 991 2822 divi
1009 2758 1068 2818 Au·

34 2853 149 2933 agust,
182 2855 266 2914 ouius
292 2855 405 2916 luxuria
430 2855 565 2916 noctibus
589 2862 757 2914 coronatum
782 2851 926 2923 blansyam
952 2843 1068 2904 litterae

61 2937 131 2998 illius
147 2937 195 2998 dei
211 2947 341 3017 gemunt.

118 3023 183 3103 (7.)
208 3022 328 3084 Florum
343 3023 459 3102 quidem
474 3023 601 3102 populus
617 3022 765 3082 Romanus
781 3017 922 3077 bonorem
937 3010 1068 3086 Scipioni
1080 3021 1116 3078 lo

62 3113 162 3168 tantum
176 3106 287 3168 babuit.
312 3107 437 3186 Serapio
454 3105 713 3186 cognominabatur
722 3109 846 3183 propter
859 3093 1073 3190 similitudinem

63 3192 145 3251 suarii
161 3191 312 3253 cuiusdam
330 3193 530 3270 negotiatoris.
566 3190 680 3251 obierat
698 3189 726 3246 in
742 3185 887 3246 tribunatu
903 3175 1002 3256 plebea
1021 3177 1072 3277 ad-

35 3276 169 3336 amodum
190 3285 296 3354 gratus
319 3277 483 3355 dignusque
506 3275 713 3335 Africanorum
732 3267 858 3339 familia,
882 3268 1024 3321 necerat
1047 3281 1079 3325 m

62 3357 138 3420 bonis
158 3361 272 3421 lunonis
291 3362 423 3440 inpensa.
460 3377 543 3421 asses
565 3375 639 3435 ergo
656 3353 781 3416 contulit
795 3347 921 3430 populus
938 3360 973 3401 ³0
989 3341 1081 3410 funus

63 3442 197 3523 elooaait,
227 3461 345 3525 quaque
367 3443 637 3525 praeterferebatur
658 3439 751 3500 dores
773 3454 789 3494 e
812 3433 972 3513 prospectu
999 3435 1086 3496 omui

63 3531 170 3606 sparsit.
