2370 3922
255 255 773 334 mnu.fflsu.xxu11.'4.(hc-48.)
863 217 868 234 ι
983 255 1019 318 19
1081 328 1083 334 .

85 421 164 499 (45.)
195 418 460 496 chamaemyrsinae
483 421 546 484 sive
568 425 771 498 oxymyrsinae
793 423 893 484 eadem
907 432 1014 484 natura.
1027 432 1062 487 86

29 503 228 583 cupressinum
254 503 351 563 oleum
378 503 498 564 eosdem
519 503 641 566 effectus
661 505 750 568 habet
773 524 846 584 quos
866 515 1018 584 myrteum,

27 593 91 650 item
113 589 238 653 citream.
273 607 290 647 e
316 606 389 646 nuce
410 606 482 647 vero
503 587 638 664 iuglande
659 590 737 668 quod
758 591 904 666 caryinum
925 607 973 667 ap·
996 629 1074 672 m.

1 718 2 762 ,
27 671 191 751 pellavimus
217 671 359 749 alopeciis
386 671 457 731 utile
484 680 529 730 est
551 680 582 732 et
605 673 731 733 tarditati
754 675 862 733 aurium
884 674 1018 748 infusum,

1 759 90 839 {sitem
113 757 214 833 capitis
236 755 332 814 dolori
358 753 485 832 inlitum,
519 764 621 815 cetero
645 759 724 816 iucrs
747 765 777 830 et
799 759 881 834 graui
902 775 1017 835 sapore.

1 842 2 891 ἒ
27 841 169 899 enimvero
193 841 217 897 si
236 838 305 915 quid
321 840 350 898 in
366 835 471 898 nucleo
487 839 592 917 putridi
613 841 719 916 fuerit,
744 847 823 900 totus
842 840 955 901 modius
969 841 1020 900 de·

27 925 105 1001 perit.
131 921 178 981 Ex
195 919 297 992 Cnidio
313 940 404 999 grano
420 923 526 982 facturn
541 924 662 983 eandem
675 925 734 982 vim
748 923 838 985 habet
853 941 935 1002 quam
950 925 1016 984 cici·
1027 933 1061 990 89

26 1024 90 1066 num.
120 1005 145 1066 E
162 1005 285 1066 lentisco
301 1007 407 1066 facturn
421 1007 603 1066 utilissimum
617 1025 710 1086 acopo
730 1017 792 1084 est,
807 1009 940 1085 idemque
952 1025 1019 1085 pro·

0 1148 2 1171 ἓ
26 1091 121 1150 iceret
138 1089 215 1167 quod
229 1108 397 1166 rosaceum,
411 1091 441 1150 ni
459 1090 556 1150 durius
573 1091 658 1169 paulo
674 1091 906 1169 intellegeretur.
938 1099 1020 1150 utun·

0 1174 2 1249 l
24 1183 64 1232 tur
86 1191 124 1234 eo
149 1182 180 1233 ot
194 1182 300 1234 contra
320 1175 424 1232 nimios
445 1173 568 1234 sudores
590 1175 769 1253 papulasque
786 1177 929 1236 sudorum.
954 1191 1018 1234 'sca-

0 1328 2 1339 '
23 1257 93 1318 bienr
106 1259 299 1316 iumentorum
312 1257 512 1317 efficacissime
525 1267 615 1318 sanat.
632 1259 798 1320 Balaninum
810 1259 907 1320 oleum
917 1277 1018 1337 repur-

21 1355 65 1418 gat
79 1358 186 1418 veroa,
200 1341 385 1417 furunculos,
399 1340 577 1419 lentigines,
594 1344 736 1420 gingivas.

76 1425 161 1504 (46.)
184 1423 299 1503 Cypros
316 1425 408 1503 qualis
424 1435 507 1485 esset
522 1435 552 1486 et
567 1427 802 1504 quemadmodum
818 1446 856 1487 ex
869 1445 915 1503 ea,
930 1425 1015 1488 fieret
1027 1436 1061 1490 9⁰

23 1508 113 1569 oleum
135 1509 292 1569 docuimus.
322 1517 422 1569 natura
443 1511 506 1570 eius
526 1510 694 1587 excalfacit,
718 1510 828 1570 emollit
852 1529 969 1570 nervos.
982 1522 1053 1564 11111
1143 1567 1148 1573 .

34 1593 84 1653 ulia
107 1592 257 1654 stomacho
278 1592 435 1653 inlinuntur
453 1602 484 1652 et
500 1593 605 1654 volvae
621 1596 782 1654 concitatae
798 1613 884 1654 sucus
901 1612 1018 1672 quoque

0 1693 117 1757 ¹eorum
141 1677 303 1756 adponitur.
336 1677 406 1737 folia
430 1679 561 1738 recentia
579 1678 801 1738 conmanducata
819 1677 967 1737 ulceribus
988 1680 1019 1736 in

0 1821 9 1834 y
25 1763 111 1840 eapite
134 1761 333 1838 manantibus,
368 1762 437 1820 item
462 1763 521 1821 oris
550 1762 701 1822 medentur
727 1772 757 1822 et
783 1761 1018 1837 collectionibus,

0 1839 5 1896 l
27 1844 236 1921 ordylonetis.
268 1843 419 1904 decoctum
427 1844 564 1906 foliorum
575 1845 713 1906 ambustis
727 1854 756 1906 et
767 1844 872 1905 luxatis
887 1846 1015 1924 prodest.
1025 1855 1059 1912 91

21 1929 77 2006 ipsa
98 1930 197 1988 rufant
216 1929 354 2007 capillum
379 1935 462 1988 tunsa
484 1929 599 1990 adiecto
623 1929 746 1990 struthei
761 1929 828 1989 mali
846 1947 924 1991 suco.
963 1928 1017 1988 ilos

0 2014 117 2090 ¹eapitis
138 2011 260 2072 dolores
287 2011 369 2074 sedat
394 2031 457 2072 cum
477 2021 561 2074 aceto
584 2013 700 2089 inlitus,
722 2016 791 2073 item
807 2013 1018 2074 combustusiu

1 2148 2 2151 ,
23 2097 101 2156 cruda
117 2095 177 2156 olla
195 2113 294 2156 nomas
311 2106 392 2156 sanat
407 2105 437 2156 et
454 2098 652 2175 putrescentia
667 2097 765 2157 ulcera
782 2115 836 2175 per
849 2115 881 2157 se
893 2096 942 2156 vel
954 2113 1018 2156 oum

1 2229 3 2233 .
23 2179 109 2239 nelle.
145 2179 219 2239 odor
235 2179 317 2240 floris
332 2183 380 2258 qui
397 2180 458 2240 olet
474 2198 602 2242 somnum
620 2183 697 2240 iacit.
730 2181 894 2258 Adstringit
909 2180 1018 2258 gleuci-

26 2279 82 2320 nmn
95 2271 125 2322 et
142 2263 302 2340 refrigerat
319 2264 420 2324 eadem
434 2267 547 2324 ratione
563 2283 617 2343 qua
638 2264 848 2324 oenanthinum.

81 2347 162 2424 (47.)
196 2345 387 2408 Balsaminum
408 2347 497 2425 longo
517 2349 760 2425 pretiosissimum
776 2350 916 2423 omnium,
937 2355 968 2406 ut
985 2347 1060 2410 initu
1154 2413 1158 2422 ¹

0 2432 172 2506 unguentis
189 2430 330 2507 diximuS,
346 2439 446 2491 contra
465 2434 555 2492 omnIs
572 2434 719 2510 serpentis
736 2432 857 2508 efficax,
875 2429 1011 2490 oculo-¹²·
1025 2438 1058 2472 111

1 2520 78 2572 'rum
104 2513 231 2574 claritati
257 2514 416 2593 plurumum
441 2516 572 2591 confert,
605 2514 758 2592 caliginem
781 2515 917 2589 discutit,
949 2514 1019 2573 item

1 2638 2 2673 ,
24 2596 203 2676 dyspnoeas,
227 2598 419 2659 collectiones
438 2601 528 2660 omnis
546 2599 724 2676 duritiasque
740 2599 820 2658 lenit.
851 2598 1019 2673 sauguinem

1 2681 2 2687 ’
25 2679 131 2741 densari
147 2681 304 2759 prohibet,
328 2683 426 2741 ulcera
442 2691 565 2761 purgat,
588 2683 721 2758 auribus,
738 2683 841 2759 capitis
857 2679 1018 2756 doloribus,

26 2765 165 2842 hamulis,
182 2768 336 2842 spasticis,
354 2768 446 2843 ruptis
464 2783 602 2844 perquam
613 2765 694 2824 utile.
721 2765 893 2824 adversatur
903 2766 1019 2824 aconito

1 2869 16 2910 J*
26 2865 57 2907 ex
72 2848 150 2908 lacte
166 2856 277 2926 potum,
296 2849 387 2908 febris
403 2867 465 2908 eum
478 2849 603 2909 horrore
619 2850 763 2910 venientis
780 2849 928 2925 perunctis
947 2847 1020 2908 levi·

25 2947 85 2991 ores
101 2933 179 2992 lacit.
207 2933 344 2992 utendum
358 2941 452 2993 tamen
468 2934 599 3008 modico,
615 2933 748 3009 quoniam
765 2930 857 2990 adurit
872 2939 1019 3008 augetque

25 3018 161 3076 dhonon
178 3023 297 3076 servato
315 3024 552 3094 temperamento.
610 3069 624 3102 Ι

77 3099 159 3180 (48.)
195 3097 368 3161 Malobathri
387 3117 502 3177 quoque
515 3109 644 3160 naturam
657 3107 686 3158 et
698 3115 809 3176 genera
818 3102 1017 3178 exposuimus.
1027 3111 1062 3164 93

24 3184 127 3243 minam
145 3185 223 3258 ciet,
246 3184 394 3244 oculorum
414 3184 563 3262 epiphoris
585 3185 654 3242 vino
678 3201 849 3266 expreqsum
868 3180 1019 3243 utilissime
1027 3183 1061 3257 1¹2²,-

1 3267 185 3345 inponitur,
210 3269 281 3327 item
302 3266 445 3327 frontibus
464 3268 590 3328 dormire
605 3265 789 3343 volentibus,
813 3267 975 3342 efficacius,
994 3267 1019 3324 si

26 3358 52 3408 et
65 3369 149 3411 nares
166 3349 324 3410 inlinantur
338 3359 386 3411 aut
403 3352 428 3411 si
440 3369 479 3410 ex
489 3369 562 3430 aqua
573 3350 697 3410 bibatur.
726 3352 785 3411 oris
800 3358 829 3410 et
840 3349 944 3410 halitus
957 3366 1020 3408 sua·
1055 3414 1057 3418 .

26 3437 135 3496 uatem
151 3435 334 3495 commendat
347 3435 463 3512 linguae
481 3435 624 3496 subditum
638 3433 749 3511 lolium,
767 3435 842 3494 sicut
855 3442 886 3493 et
896 3433 1019 3494 vestium
1046 3473 1053 3489 .

28 3517 139 3580 odorem
152 3519 369 3597 interpositum.
454 3533 458 3542 ·

721 3598 859 3660 „ff
