2396 3900
156 252 214 316 128
501 265 809 314 o.un1u1snouun1

154 423 226 484 ciam
240 439 329 498 vero,
356 421 507 500 phasiolos
523 430 553 480 et
569 421 677 482 lentem
696 419 785 482 boote
807 419 970 481 occidente.
1004 438 1062 499 quo
1080 421 1108 482 lit
1121 428 1148 482 ot

154 508 255 568 borum
271 508 396 567 siderum
412 507 592 584 aliorumque
608 514 728 565 exortus
748 514 777 565 et
792 522 916 565 occasus
934 504 1085 582 digerendi
1099 505 1151 564 sint

111 601 163 657 uos
173 592 202 650 in
216 608 285 650 suos
299 591 372 651 dies.
403 591 474 650 Sunt
490 592 538 669 qui
554 599 583 650 et
600 598 666 650 ante
681 590 867 667 uergiliarum
890 606 1027 650 occasum
1042 589 1099 650 seri
1112 590 1147 648 iu·

153 677 255 751 beant,
283 676 428 737 dumtaxat
442 677 471 734 in
487 674 566 736 arida
581 684 660 735 terra
676 675 837 754 calidisque
859 673 1036 753 prouinciis,
1059 682 1147 734 custo·

153 760 207 820 diri
223 760 297 821 enim
312 777 412 819 semen
425 778 487 821 uon
502 768 706 837 corrumpente
723 776 840 834 umore,
865 768 926 821 eta
945 775 1087 837 proxumo
1100 761 1145 818 im·

153 843 204 904 bre
219 862 275 905 uno
290 845 337 905 die
352 861 516 922 erumpere.
548 843 596 904 alii
613 845 706 904 statim
722 842 759 902 ab
776 860 883 904 occasu
898 843 1086 920 vergiliarum
1105 861 1145 903 se·

153 929 201 1007 qui
215 929 331 1004 imbris,
360 945 377 988 u
397 937 530 1007 septumo
545 928 610 988 fere
630 926 687 988 die.
718 926 806 1007 aliqui
826 928 854 986 in
878 925 991 1006 frigidis
1005 926 1042 988 ab
1058 927 1146 1006 aequi·

152 1015 249 1074 noetio
265 1013 405 1089 autumni,
432 1014 461 1072 in
476 1011 579 1074 calidis
595 1013 705 1088 serius,
727 1030 764 1072 ne
780 1021 846 1072 ante
860 1012 984 1072 hiemem
1000 1011 1145 1074 luxurient.

110 1097 251 1160 lollnter
275 1099 367 1156 omnis
394 1105 489 1158 antem
515 1097 650 1157 convenit
671 1097 748 1157 circa
769 1097 897 1157 brumam
920 1096 1075 1158 serendum
1090 1111 1145 1154 non

152 1201 231 1258 esse,
255 1198 359 1259 magno
378 1191 559 1259 argumento,
580 1182 714 1260 quoniam
728 1180 850 1242 hiberna
865 1182 986 1256 semiue,
1011 1197 1076 1240 cum
1088 1189 1142 1240 ante

152 1265 280 1324 bmmam
296 1275 358 1326 sata
379 1268 451 1341 sint,
478 1274 611 1345 septumo
627 1265 674 1326 die
692 1275 858 1345 erumpant,
885 1267 910 1324 si
933 1274 1002 1344 post
1019 1264 1137 1326 brumam

151 1353 200 1410 vix
216 1350 451 1429 quadragesimo.
482 1359 547 1410 sunt
562 1351 611 1428 qui
631 1359 792 1429 properent
806 1359 893 1429 atque
908 1349 948 1410 ita
959 1351 1134 1428 pronuntiem

151 1434 315 1494 festinatam
330 1443 490 1495 sementem
516 1451 606 1512 saepe
627 1434 784 1513 decipere,
809 1434 965 1494 serotinam
981 1451 1104 1513 semper.

153 1520 298 1578 contrario
313 1518 361 1579 alii
376 1517 425 1579 vel
441 1537 511 1580 vere
530 1521 626 1598 potius
642 1519 796 1579 serendum
812 1537 896 1598 quam
916 1518 994 1578 malo
1009 1528 1128 1579 autumn(

151 1611 238 1682 atque
258 1602 306 1662 ubi
323 1603 411 1663 inerit
433 1621 578 1680 necesse,
605 1605 680 1663 inter
701 1602 846 1664 favonium
870 1612 900 1663 et
920 1621 1042 1664 vernum
1057 1621 1124 1681 aequ

109 1697 160 1750 205
168 1688 304 1748 noctium.
328 1687 443 1766 quidam
457 1689 564 1748 omissa
584 1686 707 1747 caelesti
722 1687 879 1748 subtilitate
893 1687 1073 1767 temporibus
1084 1686 1127 1748 del

151 1773 244 1831 niunt:
275 1790 346 1830 vere
365 1771 451 1832 linum
473 1781 502 1832 et
529 1789 650 1832 avenam
677 1781 707 1831 et
732 1789 862 1850 papaver
887 1781 991 1852 atque,
1021 1774 1061 1833 uti
1081 1789 1126 1831 nuo

151 1857 237 1916 etiam
253 1855 437 1934 transpadani
453 1864 587 1931 servant,
610 1874 704 1936 usque
720 1857 748 1915 in
764 1857 968 1934 quinquatrus,
993 1857 1123 1932 labem‚s

151 1940 269 2017 liginem
289 1937 449 1998 Novembri
472 1957 590 2014 mense,
616 1940 661 2000 ier
683 1941 849 2019 Septembri
871 1950 1002 2002 extremo
1021 1959 1108 2020 usque

150 2023 213 2082 idus
232 2020 378 2082 Octobris.
411 2022 458 2082 alii
482 2031 550 2102 post
576 2023 651 2084 hunc
672 2025 746 2084 diem
768 2025 797 2084 in
812 2024 951 2085 kalendas
970 2024 1114 2086 Novembr

149 2107 188 2165 ita
204 2105 248 2166 bis
264 2106 340 2166 nulla
356 2115 475 2166 naturae
491 2121 559 2168 cura
575 2117 630 2184 est,
654 2109 712 2168 illis
728 2109 824 2184 nimia,
851 2118 881 2169 et
898 2109 965 2170 ideo
984 2127 1072 2172 caeca
1087 2127 1110 2168 su

150 2190 254 2265 tilitas,
275 2207 339 2249 cunr
351 2209 400 2250 res
416 2201 534 2267 geratur
549 2193 623 2252 inter
638 2195 765 2253 rusticos
780 2193 998 2273 litterarumque
1014 2201 1108 2274 expert

108 2284 160 2339 noo
171 2290 228 2332 non
243 2274 329 2334 modo
346 2275 482 2335 siderum.
512 2275 550 2335 Et
567 2277 759 2338 confitendum
778 2287 823 2337 est
837 2277 922 2338 caelo
939 2296 1070 2339 maxume
1084 2295 1106 2338 cr

151 2367 228 2418 stare
255 2375 305 2434 ea,
339 2360 448 2438 quippe
478 2360 609 2438 Vergilio
636 2360 754 2421 iubente
782 2363 927 2439 praedisci
952 2373 1057 2424 ventos
1085 2380 1104 2422 a:

150 2443 243 2502 omnia
268 2459 304 2503 ac
324 2444 450 2503 siderum
474 2462 589 2520 mores,
616 2463 711 2524 neque
735 2445 821 2506 aliter
841 2465 925 2526 quam
953 2445 1103 2527 naviganti]

150 2528 270 2592 servari.
299 2545 369 2607 spes
390 2528 478 2590 ardua
494 2539 523 2589 et
539 2531 668 2590 inmensa
689 2529 805 2590 misceri
830 2549 920 2609 posse
938 2533 1093 2593 caelestem

149 2612 295 2671 vinitatem
317 2613 469 2691 inperitiae
491 2615 636 2689 rusticae,
665 2613 718 2674 sed
733 2615 899 2694 temptanda
923 2625 979 2677 tam
994 2616 1093 2695 grandi

148 2703 195 2754 tae
212 2695 417 2757 emolumento.
447 2699 525 2777 prius
541 2707 638 2760 tamen
654 2698 787 2759 sideralis
805 2699 971 2778 difficultas,
989 2719 1096 2780 quams

95 2807 104 2847 p
149 2795 217 2836 sere
233 2782 317 2839 etiam
333 2782 435 2858 periti,
457 2781 625 2843 subicienda
641 2783 878 2860 contemplationi
896 2793 957 2862 est,
975 2803 1033 2865 quo
1049 2786 1091 2846 dei

149 2861 252 2922 laetior
279 2881 360 2924 mens
386 2865 518 2927 discedat
535 2885 551 2927 a
569 2867 653 2928 caelo
680 2876 709 2926 et
732 2867 809 2927 faeta
834 2869 939 2929 sentiat
958 2887 1033 2948 quae
1057 2871 1088 2930 lu·
1173 2909 1174 2932 r

148 2948 304 3024 praenosci
321 2965 379 3007 non
395 2953 515 3028 possint.
1171 2969 1173 2988 ¹

104 3040 155 3095 aot
221 3030 271 3090 25.
297 3031 381 3111 (57.)
405 3032 527 3095 Primum
552 3036 675 3095 omnium
699 3035 809 3096 dierum
831 3037 959 3116 ipsorum
979 3041 1078 3100 annis
1171 3029 1173 3084 ἶ

148 3132 204 3193 qne
231 3123 325 3175 motus
350 3134 445 3196 prope
473 3119 688 3199 inexplicabilis
713 3121 786 3180 ratio
810 3130 864 3180 est.
901 3124 938 3182 ad
953 3135 1080 3184 eccuni

146 3199 234 3258 iciuut
260 3200 411 3261 etiamnum
432 3203 618 3265 intercalario
644 3203 701 3264 diei
726 3205 881 3284 noctisque
908 3207 1075 3285 quadrantis.

147 3282 222 3342 litut
237 3283 310 3344 tradi
325 3302 383 3345 nou
399 3289 512 3364 possint
535 3297 614 3348 certa
636 3289 763 3348 siderum
778 3298 920 3369 tempora.
953 3293 1065 3353 accedit
1157 3318 1161 3327 ·

146 3367 226 3426 lessa
241 3386 337 3428 rerum
355 3369 529 3448 obscuritas,
543 3390 620 3433 nunc
636 3384 844 3451 praecurrente
859 3393 915 3436 neo
930 3377 1031 3454 paucis
1048 3376 1071 3436 di

146 3458 347 3529 tempestatum
365 3455 545 3532 significatu,
570 3457 649 3535 quod
667 3450 898 3538 προχειμάζειν
916 3459 1020 3521 Graeci
1035 3477 1068 3520 vo

145 3550 220 3593 nunc
237 3540 455 3616 postvenientc,
485 3542 562 3618 quod
581 3534 810 3622 ἐπιχειμάζειν,
835 3554 865 3604 et
883 3544 1052 3624 plerumque
