2396 3900
257 289 338 335 nar.
355 286 448 336 mou.
464 288 565 335 xum.
580 285 702 340 23-24.
720 275 873 355 (oa-56.)
976 276 1036 338 127

13 481 14 526 ι
51 444 144 522 cipiens
165 453 336 519 evanescat,
358 445 484 522 itemque
508 444 643 507 festinata
665 445 776 504 satione
800 444 919 504 densum
937 447 1037 524 spargi

13 539 14 542 ’
49 545 147 603 semen,
162 529 228 606 quia
243 528 325 590 tarde
341 529 502 608 concipiat,
520 529 646 588 serotina
667 545 781 604 rarum,
806 529 872 608 quia
891 527 1034 590 densitate

13 653 14 674 ι
48 614 115 672 mnia
128 621 258 673 necetur.
294 612 374 672 Artis
395 630 512 692 quoque
532 611 680 673 cuiusdam
696 621 741 672 est
758 613 919 692 aequaliter
936 623 1075 692 spor-197

47 715 113 774 gere.
139 715 241 758 manus
258 699 358 775 utique
373 713 536 774 congruere
552 695 643 757 dehet
663 715 725 757 cnm
746 697 837 774 gradu
859 715 1035 778 semperque

13 803 15 880 ,
32 799 95 841 saum
109 781 212 842 dextro
228 781 316 860 pede.
346 781 377 841 lit
387 799 504 861 quoque
517 781 696 860 quorundam
708 781 823 842 occulte
834 782 946 842 ratione
958 784 1036 862 quod

13 885 14 934 t
47 883 95 924 sors
108 865 232 942 genialis
248 875 335 944 atque
357 865 480 926 fecunda
503 874 557 928 est.
594 863 658 924 Non
678 866 908 926 transferendum
929 877 975 927 est
998 885 1036 928 ex

13 943 15 1028 l
45 949 138 1027 ln'gidis
152 951 229 1011 locis
245 967 346 1011 semen
363 951 391 1009 in
407 950 510 1025 oallda,
525 967 621 1028 neque
637 969 675 1009 ex
689 949 883 1028 praecocibus
896 951 924 1010 in
937 950 1034 1012 hiber-

13 1045 15 1116 ᾗ
45 1051 77 1109 m,
90 1051 163 1112 qnae
178 1036 208 1094 in
225 1034 398 1095 contrarium
413 1051 596 1114 praecepere
613 1034 727 1112 quidam
742 1033 816 1095 falsa
832 1033 991 1112 diligentia.

13 1123 15 1184 ι
91 1119 174 1198 (55.)
198 1121 308 1180 Serere
326 1120 355 1178 in
375 1120 475 1196 iugera
491 1127 652 1197 temperato
669 1118 734 1179 solo
751 1121 854 1179 iustum
870 1129 914 1179 est
932 1121 1020 1180 tritici
1027 1130 1077 1186 198

13 1203 77 1266 luant
89 1203 210 1280 siliginis
225 1203 340 1264 modios
354 1217 388 1278 v,
407 1203 492 1263 larris
504 1213 552 1263 aut
563 1204 690 1279 seminis,
710 1203 787 1282 quod
797 1205 930 1264 frumenti
941 1222 1034 1282 genus

13 1267 15 1302 '
43 1288 69 1347 ita
81 1287 273 1368 appellamus,
290 1303 331 1365 x,
348 1287 451 1348 hordei
465 1300 513 1363 vt,
525 1286 615 1348 ¹sabae
632 1288 729 1366 quinta
743 1288 865 1366 amplius
882 1306 966 1366 quam
985 1291 1034 1348 tri·

42 1372 86 1448 tiri,
95 1373 191 1433 viciae
204 1385 268 1448 ΧΠ,
281 1373 389 1432 ciceris
400 1381 429 1430 et
442 1372 605 1432 cicerculae
619 1381 648 1431 et
661 1372 716 1450 pisi
730 1385 786 1448 111,
799 1371 887 1451 lupini
899 1387 932 1448 x,
950 1373 1035 1434 lentis

13 1455 15 1532 l
41 1469 70 1516 111
80 1490 120 1502 --
133 1457 190 1518 sed
201 1457 277 1516 hanc
291 1455 355 1517 cum
366 1457 434 1516 fimo
447 1455 527 1516 arido
538 1456 599 1516 seri
610 1456 721 1533 volunt,
733 1491 776 1503 --
788 1458 849 1516 ervi
863 1471 909 1536 vl,
922 1457 1034 1518 siliciae

40 1552 74 1614 tu,
90 1540 294 1620 phasiolorum
316 1555 383 1620 1111,
407 1539 506 1619 pabuli
521 1555 587 1615 xx,
608 1539 683 1620 mili,
700 1541 795 1619 panici
808 1542 951 1601 sextarios
966 1555 1032 1619 1111,

13 1619 120 1702 lspmgui
139 1626 209 1688 solo
232 1625 315 1705 plus,
340 1624 444 1703 gracili
464 1625 564 1684 minus.
610 1623 663 1684 Est
690 1625 789 1685 atalia
806 1625 969 1686 distinctio:
990 1628 1076 1692 inl99

13 1707 15 1788 p
39 1707 113 1768 denso
124 1718 176 1770 aut
190 1718 310 1771 cretoso
329 1718 376 1770 aut
393 1708 540 1785 uliginoso
551 1709 638 1768 tritici
649 1714 697 1768 aut
709 1709 831 1786 siliginis
839 1710 952 1769 modios
968 1728 1032 1786 sex,

13 1794 174 1884 pinsolnta
210 1803 290 1854 terra
318 1803 347 1854 et
377 1795 456 1853 sicca
484 1801 515 1853 et
537 1793 614 1853 laeta
639 1801 783 1871 quattuor.
825 1794 934 1854 macies
959 1797 1034 1854 enirn

13 1895 15 1930 ι
37 1877 95 1953 soli,
121 1879 181 1939 nisi
197 1895 294 1938 rarum
309 1876 432 1938 culmum
447 1876 546 1954 habet,
568 1879 677 1956 spicam
693 1879 826 1938 minutam
845 1878 915 1939 lacit
931 1888 959 1938 et
974 1881 1033 1940 ina·

36 1979 96 2024 nen.
124 1963 248 2042 pinguia
271 1980 340 2022 arva
357 1980 394 2022 ex
409 1963 595 2023 unosemine
617 1961 751 2022 fruticem
772 1979 956 2023 numerosum
971 1965 1032 2024 lun-

13 1949 89 2172 lm
109 2047 293 2126 densamque
319 2055 452 2124 segetem
479 2064 516 2105 ex
542 2062 610 2105 raro
634 2047 744 2106 semine
768 2048 907 2107 emittunt.
940 2059 1076 2125 ergoioo

13 2130 95 2198 ,later
115 2140 258 2210 quattuor
281 2141 310 2191 et
336 2149 389 2190 sex
414 2130 528 2190 modios
556 2146 610 2209 pro
627 2139 726 2190 natura
746 2131 803 2190 soli
824 2133 921 2210 quinto
941 2134 1034 2192 minus

13 2215 80 2273 iseri
104 2215 217 2294 plusve
250 2215 449 2294 praecipiunt,
486 2215 554 2274 item
588 2215 617 2273 in
645 2215 758 2273 consito
788 2223 835 2276 aut
863 2216 976 2276 clivoso
1003 2225 1033 2276 ut

13 2271 54 2364 lis
75 2317 190 2361 macro.
221 2299 285 2359 lluo
313 2300 437 2378 pertinet
461 2297 610 2358 oraculum
638 2298 709 2359 illud
734 2315 912 2378 magnopere
936 2310 1032 2360 custo·
1078 2315 1079 2318 ’

33 2381 172 2444 dandum:
206 2385 381 2462 Segetem
404 2400 446 2443 ne
468 2382 661 2460 deiruges.
695 2382 801 2443 adiecit
823 2381 868 2442 lais
893 2383 989 2443 Attius
1005 2386 1033 2444 in

30 2464 195 2545 Praxidica,
222 2478 253 2528 ιιι
269 2477 435 2542 sereretur,
464 2485 527 2527 cum
547 2467 613 2526 luna
629 2476 709 2528 esset
724 2469 753 2526 in
768 2468 875 2543 ariete,
900 2469 1031 2544 geminis,

30 2548 122 2628 leone,
148 2553 244 2630 libra,
267 2553 403 2631 aquario,
427 2551 601 2612 Zoroastres
622 2551 686 2612 sole
703 2552 866 2630 scorpionis
881 2550 1032 2610 duodecim

29 2640 107 2714 partis
126 2647 338 2714 transgresso,
363 2653 428 2697 cam
444 2635 510 2696 luna
529 2645 609 2695 esset
625 2636 653 2695 in
668 2645 760 2696 tauro.

13 2727 14 2796 g
81 2723 172 2801 (56.)
195 2721 334 2800 Sequitur
351 2720 408 2782 huc
429 2721 517 2781 dilata
538 2729 567 2780 et
589 2737 720 2780 maxuma
735 2721 867 2798 indigens
890 2736 959 2780 cura
975 2718 1012 2778 de
1023 2729 1074 2782 201

29 2812 154 2884 tenpore
174 2805 277 2883 fruges
292 2805 411 2866 serendi
426 2806 571 2884 quaestio,
588 2821 749 2883 magnaque
767 2823 804 2864 ex
819 2814 901 2885 parte
919 2805 1031 2864 ratione
1093 2849 1097 2858 .

13 2803 146 3014 ledarum
165 2908 297 2966 conexa,
325 2889 513 2969 quamobrem
527 2890 686 2950 sententias
701 2891 823 2949 omnium
839 2890 867 2948 in
879 2889 978 2968 primis
996 2888 1032 2951 ad

27 2972 239 3052 ilpertinentis
256 2991 445 3054 exponemus.
475 2971 639 3049 Hesiodus,
662 2973 710 3052 qui
732 2975 868 3053 princeps
887 2973 1031 3034 hominum

13 3083 14 3130 3
27 3055 55 3118 de
68 3059 253 3138 agricultura
271 3060 426 3138 praecipit,
439 3076 525 3117 unum
539 3067 654 3136 tempus
669 3057 786 3118 serendi
801 3059 916 3118 tradidit
933 3076 948 3117 a
964 3076 1030 3117 ver·

13 3142 156 3218 {gidarum
176 3161 296 3204 occasu.
327 3142 474 3204 scribebat
490 3143 606 3202 enimin
622 3140 744 3202 Boeotia
759 3141 904 3216 Helladis,
928 3141 977 3201 ubi
992 3142 1030 3200 ita

13 3221 74 3287 lsori
96 3229 238 3289 diximus.
269 3227 348 3290 lnter
365 3227 603 3304 diligentissimos
624 3227 774 3303 convenit,
789 3236 819 3287 nt
836 3228 865 3285 in
881 3226 978 3286 alitum
987 3242 1010 3277 ιι
1021 3235 1073 3287 202

13 3301 293 3418 leomipedumque
313 3313 461 3390 genitura,
483 3330 551 3372 esse
567 3311 707 3391 quosdam
729 3312 765 3372 ad
787 3318 958 3389 conceptum
979 3310 1029 3368 lm·

13 3406 102 3474 tpetns
120 3407 152 3458 et
169 3405 278 3458 terrae.
312 3398 368 3458 hoc
387 3395 492 3458 Graeci
507 3398 546 3457 ita
569 3396 721 3468 deliniunt,
748 3412 812 3456 cnm
833 3395 869 3454 sit
890 3392 983 3453 calida
1000 3401 1030 3451 et

13 3483 121 3544 unua
154 3481 307 3561 Vergilius
328 3482 453 3542 triticum
471 3490 501 3542 et
526 3481 605 3540 lara
626 3479 811 3557 vergiliarum
836 3494 944 3538 occasu
969 3477 1028 3536 sori

13 3561 112 3674 qiultet,
142 3567 284 3628 hordeum
309 3567 383 3628 iuter
404 3567 618 3646 aequinoctium
634 3566 757 3624 autumni
776 3573 805 3624 et
825 3563 968 3638 brumam,
986 3561 1028 3620 ui·
