2396 3922
167 223 227 282 104
458 219 461 228 '
530 233 560 284 c.
578 234 673 282 anxur
691 235 839 284 sucorum

164 389 291 466 msqelo
306 389 388 450 vituli
402 389 502 450 marini
522 389 623 465 aequis
638 388 777 467 partibus,
792 391 999 469 proserpinaca
1017 407 1075 450 caru
1086 405 1134 450 us·

163 475 206 532 ria
225 491 264 532 ex
280 475 372 534 menis
387 482 415 532 et
431 472 499 555 oleo
513 474 578 531 trita
600 471 648 531 vel
665 472 718 532 snb
736 473 832 551 linus
856 473 963 536 habite.
988 474 1052 532 itera
1064 490 1136 532 sums

56 589 59 604 «
163 555 201 614 de
217 557 417 634 quinquefolio
432 563 517 634 potus
535 555 645 629 eystbis
662 556 761 616 tribus.
783 557 831 618 bic
845 566 875 616 et
889 555 1020 616 omnibus
1033 555 1135 615 famus
1175 579 1178 630 ι

165 639 242 698 vitiis
257 640 388 701 medetur
403 640 617 716 gargarizatus,
637 639 807 700 verbascum
825 641 958 718 priuatim
982 639 1137 698 tossdlisin

119 730 240 798 sesqua
265 731 371 800 potunt.
418 724 447 782 5.
472 720 553 799 (12.)
584 723 697 784 strumis
715 724 870 802 plantago,
904 722 1179 784 chelidoniacuns:

162 803 253 864 melle
268 815 297 866 et
311 809 443 886 axungia,
462 805 702 883 quinquefolium,
717 808 798 867 radix
814 805 993 884 persollatae
1008 807 1072 864 item
1089 823 1139 864 eun
1175 825 1179 902 q

163 890 308 966 axungia,
330 890 459 966 operitur
473 888 544 948 folio
560 906 612 948 suo
636 889 776 967 inposita,
801 890 868 950 item
889 889 1050 964 artemisia,
1074 887 1139 948 radix
1176 909 1180 950 ι

163 972 373 1049 mandragorae
393 990 430 1030 ex
450 989 533 1049 aqua.
560 971 686 1032 sideritis
701 972 820 1033 latifolia
839 972 923 1033 clavo
942 974 1138 1054 sinistra'mann
1178 1013 1179 1020 1

164 1056 338 1116 circumfusa
346 1055 524 1131 adalligatur,
540 1054 726 1118 custodienda
732 1057 848 1130 sanatis,
862 1073 900 1117 ne
906 1073 1009 1115 rursus
1021 1064 1080 1116 sata
1091 1053 1138 1114 diro

163 1137 363 1198 herbariorum
380 1138 504 1210 scelere,
522 1139 593 1196 utin
603 1138 769 1216 quibusdam
783 1139 913 1214 diximus,
928 1137 1065 1214 rebellet,
1079 1136 1181 1216 quodue¹

56 1221 65 1246 ‘
119 1218 151 1298 {32
157 1217 193 1292 lssl
201 1229 231 1280 et
249 1222 277 1279 in
291 1221 335 1282 luis
352 1238 425 1299 quos
440 1221 581 1306 artemisia
596 1223 740 1282 sanaverit
753 1222 883 1302 praedici
901 1224 1033 1300 reperio,
1049 1221 1142 1280 itcmin
1178 1255 1182 1284 ι

119 1312 154 1364 25
166 1302 211 1361 bis
232 1321 306 1382 quos
327 1304 472 1382 plantago.
509 1305 688 1384 damusione,
711 1324 784 1385 quae
800 1314 829 1366 et
845 1306 927 1366 aleca
943 1313 1082 1379 vocatur,
1101 1303 1141 1364 snb
1177 1327 1183 1386 ι

164 1386 288 1446 solstitio
316 1387 442 1447 collecta
463 1388 609 1467 inponitur
631 1407 669 1448 ex
689 1407 762 1469 aqua
778 1389 914 1464 caelesti,
936 1389 1037 1448 lolium
1063 1388 1142 1448 tritum
1176 1399 1183 1454 ι

164 1468 213 1528 vel
228 1470 309 1531 radix
326 1480 484 1531 turnacum
500 1472 676 1547 axungiaita
696 1481 724 1532 ut
737 1474 861 1552 inposita
876 1472 948 1532 folio
966 1489 1020 1532 suo
1041 1472 1142 1550 operia·

162 1561 217 1647 tur.
249 1555 293 1614 sie
307 1563 337 1613 et
352 1553 388 1614 ad
402 1556 493 1614 omnis
508 1556 632 1615 cervicis
646 1555 764 1616 dolores
775 1565 1184 1633 tumoresque-quacunque

162 1653 189 1692 ιιι
206 1647 298 1713 parte.

117 1727 153 1781 26
227 1721 311 1800 (13.)
334 1721 422 1780 Rellis
443 1724 470 1781 in
494 1722 581 1799 pratis
599 1722 742 1796 nascitur,
767 1722 841 1782 llore
861 1721 945 1796 albo,
973 1721 1142 1798 atiquatenus
1184 1751 1185 1783 1

162 1802 293 1862 rubente.
351 1804 424 1864 banc
460 1823 522 1865 cum
551 1805 694 1866 artemisia
723 1804 829 1866 inlitam
857 1804 1054 1864 efficaciorem
1085 1820 1141 1862 esse
1184 1832 1186 1852 ι

162 1886 301 1961 produnt„
555 1895 560 1904 ‘

224 1970 309 2047 (14.)
333 1969 514 2030 condurdum
529 1988 645 2048 quoqne
660 1969 750 2030 herba
763 1970 939 2045 solstitialis,
962 1971 1036 2030 llore
1052 1889 1185 2045 rubrosd

160 2068 303 2128 suspensa
318 2054 346 2112 in
362 2053 440 2112 collo
453 2056 634 2130 conprimere
644 2053 747 2116 dieitur
760 2063 893 2129 strumas,
907 2055 975 2112 itern
990 2052 1144 2112 verbenaca
1184 2051 1185 2055 ’

160 2151 223 2190 curn
240 2134 416 2212 plantagine.
455 2136 607 2214 digitorum
625 2138 701 2197 uitiis
716 2135 847 2196 omnibus
863 2145 892 2196 et
908 2138 1042 2214 priuatim
1056 2146 1142 2214 ptery-
1182 2068 1187 2206 Ξ

158 2216 215 2290 giis
232 2219 459 2296 quinquefolium
476 2220 614 2280 medetur.
1185 2207 1187 2276 l

116 2308 151 2362 2⁷
231 2299 316 2379 (15.)
336 2301 368 2360 ln
383 2303 511 2380 pectoris
528 2304 605 2362 vitiis
618 2304 665 2362 vel
681 2304 879 2379 grauissimum
896 2313 942 2362 est
955 2305 1054 2362 tussis.
1086 2302 1143 2362 baie
1185 2281 1187 2376 Ξ

158 2381 291 2442 medetur
306 2387 422 2462 panacis
438 2385 520 2445 radix
537 2388 565 2446 in
580 2387 647 2446 virro
662 2386 755 2462 dulei,
780 2405 867 2448 sucus
881 2386 1052 2468 byoscqui
1065 2387 1170 2445 eliano
1186 2383 1187 2434 ἒ

156 2469 327 2542 sanguinem
343 2470 575 2546 exstruentibus,
594 2469 676 2530 nidor
691 2486 805 2548 quoqne
821 2471 938 2530 accensi
953 2468 1140 2542 tussientibus,
1185 2501 1187 2508 ,

157 2552 225 2610 item
238 2552 382 2613 scordotis
394 2553 482 2612 mixto
494 2555 632 2612 nasturtio
645 2562 674 2614 et
684 2553 855 2614 resina-cum
866 2552 952 2614 melle
966 2561 1051 2612 tunsa
1062 2551 1139 2612 arida.

157 2633 273 2694 incitet
294 2654 348 2714 per
368 2655 401 2696 se
416 2636 511 2695 facilis
532 2637 768 2710 exscreationes,
784 2638 850 2698 item
866 2637 1044 2696 centaurium
1062 2636 1139 2694 maius

157 2716 205 2775 rel
220 2722 388 2796 sanguinem
402 2715 596 2793 reicientibus,
615 2720 660 2778 cui
675 2720 745 2779 sitio
760 2728 789 2780 et
804 2720 977 2798 plantaginis
994 2737 1082 2778 sucus
1092 2734 1138 2776 me

23 2848 26 2858 .
114 2808 150 2861 28
162 2798 254 2857 detur.
283 2813 312 2861 et
327 2804 480 2864 Vettonica
500 2801 594 2862 obolis
609 2801 698 2862 tribus
719 2804 746 2860 in
766 2819 840 2881 aqua
862 2811 961 2863 couua
980 2802 1167 2880 peruenere

158 2889 316 2960 contraque
332 2894 465 2947 cruentas
478 2886 703 2962 exscreationes,
714 2886 891 2964 persollatae
905 2886 987 2947 radix
997 2885 1139 2946 dracbnm

157 2963 297 3041 ponderis
326 2985 389 3028 cnm
420 2970 513 3046 pineis
545 2968 657 3028 nucleis
685 2969 833 3045 undecim,
862 2969 1034 3047 peucedani·
1053 2983 1139 3028 sucus.

158 3049 288 3124 pectoris
303 3049 452 3111 doloribus
468 3069 583 3112 aeorum
597 3050 748 3128 subvenit,
765 3063 796 3114 et
810 3052 876 3112 ideo
893 3052 1029 3113 antidotis
1046 3052 1139 3110 misce·

156 3139 213 3204 tur,
231 3133 302 3190 tussi
318 3132 449 3210 daucum,
468 3137 535 3195 itern
551 3134 685 3209 Scythice
699 3135 800 3196 herba.
837 3129 873 3196 ea
888 3134 999 3194 demum
1018 3133 1139 3195 omnibus

159 3211 389 3290 pectorisritiis,
407 3219 477 3276 tussi
493 3227 521 3278 et
541 3217 692 3297 purulenta
708 3219 927 3280 execrantibus
944 3219 1041 3278 obolis
1058 3217 1166 3278 tritus

111 3298 188 3360 min
204 3301 283 3373 passi
297 3297 430 3372 totidem,
450 3300 620 3361 verbascum
636 3303 716 3362 cuius
732 3311 777 3362 est
792 3303 846 3365 llos
870 3319 984 3366 aureus.
1028 3301 1059 3362 6.
1081 3300 1140 3360 buic

155 3387 232 3438 tanta
255 3382 299 3440 vis
319 3389 349 3440 ut
368 3383 498 3440 iumentis
522 3385 607 3444 etiam
628 3401 685 3445 non
706 3386 892 3446 tussientibus
912 3384 1000 3444 ruodo
1024 3383 1141 3446 sedilia

154 3477 273 3537 quoque
298 3460 474 3524 trahentibus
501 3466 653 3527 auxilietur
679 3475 764 3544 potu,
794 3467 873 3547 qaod
900 3477 929 3530 et
956 3467 993 3526 de
1012 3466 1142 3544 gentiana
