2396 3922
254 297 333 360 pau.
350 299 440 348 nrsr.
458 299 552 346 xxm.
569 296 611 350 ta.
629 297 673 382 .¹3·.
694 291 841 361 (tt-83.)
979 285 1036 349 123

50 451 182 531 polenta.
220 454 470 532 suppurationibus
495 455 666 533 inponuntur
686 453 856 532 pycnocomi
879 452 949 514 folia
974 456 1039 513 trita
1118 513 1122 520 ,
1172 492 1177 500 -

1 598 2 601 Ἴ
49 554 114 594 cum
132 535 250 614 polenta
266 536 313 596 vel
327 555 435 613 semen,
452 539 519 597 item
536 538 642 597 orchis.
673 537 748 598 Vitia
763 555 837 616 quae
853 539 908 596 sint
923 540 951 597 in
966 539 1036 596 ossi·

1 630 2 700 j
47 618 101 678 bus
120 620 212 694 satyri
226 619 324 679 radice
342 623 465 700 inposita
482 622 683 682 efficacissime
699 624 793 680 sanari
815 622 962 698 dicuntur,
986 639 1038 680 no-

1 725 2 729 *
46 721 111 762 mae
130 711 162 762 et
177 703 367 763 collectiones
382 722 481 765 omnes
496 701 563 764 fuco
577 707 681 782 maris,
703 707 867 783 priusquam
882 705 1036 764 inarescat.

1 797 2 823 ³
22 803 34 841 a
47 796 73 846 et
90 786 217 846 alcimae
233 786 316 847 radix
331 788 520 848 collectiones
535 789 657 848 discutit.

110 868 200 949 (80.)
224 870 361 931 Ambusta
377 883 510 932 sanantur
525 873 706 950 plantagine,
727 873 817 932 arctio
838 873 876 930 ita
890 880 927 961 ‘ut
941 873 1080 936 oica-129

47 955 101 1013 trix
117 953 213 1014 fallat.
235 953 305 1014 folia
320 958 382 1014 eius
399 958 425 1014 in
442 975 514 1035 aqua
530 956 652 1015 decocta
668 958 790 1015 coutrita
809 955 977 1022 inlinuntur,
993 972 1038 1013 ra·

1 1071 3 1075 ·
46 1037 129 1097 dices
148 1037 300 1112 cyclamini
316 1057 378 1097 cum
395 1041 496 1116 aizoo,
511 1038 601 1100 herba
618 1041 681 1117 ipsa
696 1039 828 1133 hyperipi
848 1037 924 1116 quod
949 1037 1038 1096 coris·

1 1155 2 1159 =
46 1141 106 1180 sum
124 1122 347 1200 appellavimus.
1045 1138 1070 1172 ⁸⁵

4 1201 38 1256 '¹⁰
113 1205 203 1283 (81.)
226 1205 330 1265 Nervis
351 1215 380 1266 et
402 1207 529 1266 articulis
560 1207 693 1266 convenit
713 1205 848 1283 plantago
869 1205 933 1264 trita
956 1221 1018 1264 cum
1030 1213 1081 1269 130

46 1287 121 1364 sale,
141 1291 308 1365 argemonia
324 1297 406 1350 tunsa
422 1309 459 1349 ex
472 1291 568 1350 melle.
598 1288 759 1367 peucedani
782 1305 853 1348 suco
875 1305 1037 1367 perunguu-

1 1376 5 1386 '
44 1373 234 1450 turspastici,
247 1375 372 1432 tetanici.
389 1391 541 1433 nervorum
556 1367 674 1433 duritiae
689 1372 823 1449 aegilops
837 1389 919 1446 suco,
933 1370 1037 1430 dolori·

1 1471 2 1476 ¹
43 1454 98 1515 bus
114 1457 255 1532 erigeron
266 1491 303 1501 —
317 1474 354 1516 ex
365 1465 449 1517 aceto
461 1458 586 1517 inlinitur
595 1491 647 1532 -,
661 1456 843 1532 epithymum.
866 1456 997 1533 spasticis
1009 1461 1039 1512 et

7 1599 8 1602 ,
44 1539 275 1617 opisthotonicis
290 1541 429 1618 perungui
442 1541 548 1600 semine
564 1540 704 1618 hyperici,
722 1538 798 1616 quod
814 1555 897 1598 caros
909 1546 1038 1610 vocatur,

6 1608 178 1700 'falcemque
200 1621 300 1682 bibere
328 1623 457 1702 prodest.
493 1623 636 1698 Phrynion
662 1621 763 1680 dicitur
787 1624 871 1681 etiam
891 1621 1038 1681 abscissos

1 1720 8 1734 ⁹
44 1724 154 1766 sanare
178 1723 294 1784 nervos,
311 1709 335 1766 si
349 1706 498 1766 confestim
510 1708 660 1785 inponatur
672 1706 735 1764 trita
746 1705 794 1764 vel
806 1723 912 1764 mansa.
929 1704 1037 1783 Spasti·

2 1794 6 1833 :
44 1785 109 1866 cis',
135 1789 282 1866 tremulis,
307 1790 526 1868 opisthotonicis
546 1789 665 1851 alcimae
686 1788 769 1848 radix
784 1788 889 1848 bibitur
911 1805 948 1847 en
966 1804 1038 1865 aqua

3 1893 4 1898 ¹
43 1873 152 1932 mulsa.
177 1873 220 1931 sic
236 1882 264 1932 et
279 1875 393 1950 rigores
408 1872 571 1933 excalfacit.

113 1956 200 2035 (82.)
224 1957 373 2034 Sanguinis
393 1956 533 2034 profluvia
550 1959 622 2017 sistit
637 1955 744 2016 herbae
758 1953 902 2014 Paeoniae
920 1969 1018 2012 semen
1031 1964 1078 2017 131
1176 2021 1182 2040 ‚

1 2018 180 2116 hrubrum,
194 2073 236 2086 —
252 2040 350 2100 eadem
366 2049 395 2099 et
411 2041 439 2098 in
456 2041 553 2100 radice
567 2043 628 2116 vis,
646 2074 687 2084 -
705 2039 852 2112 clymenus
868 2053 954 2114 vero,
977 2038 1039 2095 sive

45 2140 100 2183 ore
121 2124 238 2199 sanguis
253 2125 387 2182 reiciatur
402 2125 463 2182 sive
481 2123 612 2202 naribus,
630 2125 691 2184 sive
711 2122 777 2181 alvo
795 2121 862 2179 fluat
882 2121 944 2180 sive
958 2119 1038 2179 femi·

45 2224 151 2266 uarum
174 2215 274 2284 utero,
304 2208 371 2266 item
390 2205 568 2282 Lysimachia
588 2219 656 2286 pota
679 2206 727 2265 vel
750 2203 828 2264 inlita
851 2203 898 2263 vel
924 2201 1038 2263 naribus

45 2291 155 2366 indita,
177 2291 244 2348 item
270 2290 440 2368 plantaginis
455 2308 570 2366 semen,
591 2289 816 2369 quinquefolium
836 2295 932 2365 potum
953 2295 981 2345 et
998 2287 1038 2344 in·

46 2374 140 2449 litum,
157 2373 269 2433 cicutae
285 2391 383 2433 semen
406 2375 432 2430 in
447 2375 539 2450 naris,
562 2375 585 2433 si
607 2373 674 2432 inde
692 2373 774 2440 fluat,
796 2373 889 2430 tritum
910 2387 947 2428 ex
966 2385 1038 2448 aqua

1 2467 38 2512 1as
47 2453 186 2532 inditum,
213 2459 337 2532 aizoum,
368 2457 504 2534 astragali
529 2458 620 2517 radix.
667 2456 740 2515 sistit
765 2463 793 2514 et
818 2453 983 2513 ischaemon
1010 2460 1038 2511 et

47 2539 188 2600 Achillia.
811 2539 816 2550 ’

116 2623 165 2684 13.
189 2621 271 2700 (83.)
294 2622 479 2700 Equisaetum
508 2623 638 2702 hippuris
659 2640 675 2682 a
697 2621 814 2682 Graecis
840 2619 916 2678 dicta
935 2624 965 2676 et
990 2617 1079 2680 ialal

48 2705 141 2784 pratis
153 2707 313 2782 vituperata
329 2706 422 2781 nobis,
437 2741 480 2753 -
494 2716 539 2766 est
553 2715 645 2766 autem
663 2706 737 2784 pilus
751 2713 845 2763 terrae
862 2701 982 2778 equinae
996 2699 1025 2739 ¹⁸·
1036 2700 1071 2733 ²⁵⁹

49 2798 151 2848 saetae
168 2788 283 2867 similis,
305 2791 452 2849 -lienes
471 2808 617 2850 cursorum
639 2789 795 2864 exstinguit
816 2786 936 2845 decocta
958 2782 1038 2843 fictili

18 2885 129 2930 sonoro
145 2872 181 2931 ad
196 2874 294 2932 tertias
312 2883 443 2950 quantum
462 2891 514 2932 vas
536 2874 630 2952 capiat
651 2881 680 2931 et
699 2889 754 2949 per
778 2869 897 2927 triduum
918 2867 1038 2928 heminis

50 2964 129 3034 pota.
172 2955 264 3013 unctis
290 2957 445 3016 esculentis
472 2975 509 3015 ex
537 2966 601 3016 ante
634 2955 709 3014 diem
740 2971 823 3012 uuum
852 2951 1036 3010 interdicitur.

50 3037 229 3098 Graecorum
244 3039 322 3098 varia
337 3040 413 3099 circa
430 3039 504 3098 hanc
519 3040 631 3117 opinio:
647 3038 695 3097 alii
710 3038 793 3114 pinus
807 3035 886 3095 foliis
901 3034 1020 3094 similem
1029 3044 1080 3100 133

49 3122 240 3197 nigricantem
255 3122 355 3182 eodem
370 3125 483 3181 nomine
503 3123 669 3200 appellant,
683 3121 741 3180 vim
760 3120 821 3179 eius
842 3118 1037 3178 admirabilem

50 3205 214 3280 tradentes,
245 3207 388 3283 sanguinis
417 3205 556 3284 profluvia
576 3205 624 3264 rel
643 3213 720 3265 tacto
743 3211 846 3262 tantum
867 3221 902 3262 ea
923 3202 1037 3263 homine

20 3301 43 3343 au
52 3288 125 3365 sisti,
142 3287 190 3348 alii
204 3288 351 3367 hippurim,
368 3289 414 3348 alii
430 3288 595 3366 ephedron,
618 3289 665 3348 alii
678 3287 820 3347 anabasim
833 3295 956 3363 vocant,
979 3295 1036 3345 tra·

52 3371 177 3450 dantque
198 3373 275 3431 iuxta
297 3372 416 3432 arbores
438 3374 517 3432 nasci
538 3372 770 3431 euseandentem
796 3389 846 3431 eas
869 3369 1036 3450 dependere
1088 3408 1091 3420 .

53 3457 144 3515 comis
159 3456 270 3514 iunceis
285 3456 378 3515 multis
390 3456 479 3532 nigris
499 3465 529 3516 ut
544 3475 581 3515 ex
596 3472 733 3534 equorum
746 3452 850 3530 caud'a,
866 3453 1037 3530 geniculatis

52 3538 177 3617 ramulis,
192 3538 262 3599 folia
278 3538 385 3600 habere
400 3557 499 3620 pauca,
514 3540 619 3618 tenuia,
632 3539 746 3620 exigua,
763 3555 861 3600 semen
876 3537 1036 3616 rotrrndum,
