2430 3896
236 245 316 294 usu.
331 243 424 292 mss.
440 243 510 292 xvi.
532 240 654 296 ὅθι-36.
681 233 830 316 (ea-es.)
991 233 1030 295 29

93 400 142 461 35.
166 399 251 479 (63.)
272 400 382 460 Similis
401 408 445 458 est
465 399 593 460 hederae
609 418 626 458 e
643 396 744 460 cilicia
761 398 876 478 quidem
892 401 1075 478 primum153

45 484 165 564 pmfecta
188 483 240 543 sed
261 483 290 541 in
306 482 429 544 Graecia
453 482 635 562 frequentior
651 500 735 560 quam
750 488 857 543 vocant
871 483 1030 559 milacem,

43 569 129 628 densis
149 566 318 644 geniculata
342 565 487 642 caulibus,
510 567 635 646 spinosis
655 567 815 634 frutectosa
834 568 937 644 ramis,
958 568 1031 627 folio

43 652 212 726 hederaceo‚
228 667 340 729 parvo,
356 667 414 709 non
427 651 580 727 anguloso,
600 668 616 710 a
632 649 768 729 pediculo
785 652 932 711 emittente
950 669 1028 730 pam·

24 737 129 814 spinos,
144 733 221 794 flore
236 734 380 810 candido,
396 734 493 794 olente
509 733 608 794 lilium.
638 735 695 793 fert
709 751 842 794 racemos
860 733 1013 795 labruscae
1023 747 1074 802 154

41 819 124 894 nodo,
139 835 200 877 non
216 819 359 892 hederae,
378 818 480 878 colore
495 818 595 894 rubro,
612 818 757 897 conplexa
772 819 861 878 acinis
876 819 1031 878 maioribus

42 901 148 962 nucleos
164 911 280 978 ternos,
293 902 450 962 minoribus
465 901 606 979 singulos,
620 903 721 979 nigros
736 901 893 980 durosque,
910 901 1032 962 infausta

42 987 159 1046 omnibus
176 987 274 1046 sacris
290 995 319 1045 et
335 987 467 1062 coronis,
486 987 619 1064 quoniam
640 987 676 1045 sit
699 985 828 1063 lugubris
843 987 954 1062 virgine
970 987 1032 1045 eius

42 1071 147 1130 morinis
163 1078 292 1148 propter
307 1087 433 1130 amorem
447 1071 559 1128 iuvenis
577 1066 665 1129 Croci
681 1078 785 1128 mutata
807 1072 836 1128 in
856 1069 931 1129 hunc
950 1069 1030 1129 fruti·

18 1173 101 1218 scen.
129 1153 158 1214 id
181 1154 292 1230 volgus
315 1155 452 1230 ignorans
475 1153 647 1232 plerumque
668 1153 743 1214 festa
764 1171 815 1214 sua
836 1152 939 1232 polluit
961 1153 1011 1214 he·
1022 1165 1072 1220 155

42 1238 125 1297 leram
137 1237 336 1297 existimando
350 1240 424 1298 sicut
437 1239 466 1296 in
479 1239 573 1316 poetis
590 1247 637 1296 aut
650 1235 754 1297 Libero
765 1245 847 1315 patre
859 1247 906 1296 aut
919 1237 1032 1313 Sileno,

42 1321 82 1400 qru'
96 1322 160 1400 quis
179 1322 301 1382 omuino
326 1323 419 1382 nescit
438 1322 541 1399 quibus
558 1317 755 1380 coronentur?
785 1318 946 1382 llamilace
963 1321 1032 1380 fiunt

43 1404 167 1480 codicilli,
188 1405 401 1485 propriumque
416 1406 553 1465 materiae
568 1414 613 1464 est
629 1413 660 1464 ut
673 1404 788 1464 admota
803 1403 920 1464 auribus
937 1405 1032 1464 lenem

42 1505 127 1548 mnam
140 1489 263 1549 reddat.
294 1487 423 1548 hederae
443 1491 514 1550 mira
535 1488 666 1568 proditur
685 1498 785 1548 natura
800 1487 836 1548 ad
854 1487 1031 1566 experienda

18 1575 109 1648 urina,
132 1574 157 1631 si
181 1591 237 1633 vas
256 1573 305 1633 fiat
321 1590 338 1631 e
354 1573 431 1649 ligno
450 1574 528 1648 eius,
549 1572 806 1632 uina-transfluere
826 1589 861 1632 ao
879 1588 1031 1632 remanere

42 1673 139 1734 aquam,
159 1659 185 1716 si
202 1674 263 1736 qua
278 1656 365 1715 fuerit
376 1658 471 1716 mixta.

87 1739 137 1800 36.
157 1740 250 1819 (64.)
282 1739 414 1800 Interea
435 1756 509 1818 quae
530 1739 642 1817 frigidis
666 1738 793 1816 madent
814 1747 842 1797 et
860 1739 1009 1816 aquaticos
1023 1748 1073 1803 156

40 1822 144 1883 frutices
160 1824 278 1883 dixisse
303 1825 462 1884 conveniat.
497 1823 689 1902 Principalem
709 1825 738 1882 in
757 1822 802 1881 his
824 1821 962 1882 tenebunt
982 1821 1030 1881 ha·

40 1907 163 1967 mndines
180 1906 256 1966 belli
269 1909 410 1986 pacisque
426 1907 634 1984 experimentis
645 1908 831 1966 necessariae
845 1915 931 1985 atque
948 1907 1032 1966 etiam

16 1989 138 2051 amiciis
152 2000 273 2068 gratm.
299 1991 400 2067 tegulo
413 2008 512 2050 carum
522 1990 624 2051 domus
637 2008 704 2050 suas
719 1990 964 2068 septentrionales
979 2006 1031 2068 po·

41 2073 89 2150 puli
101 2075 259 2153 operiunt,
279 2073 438 2152 durantque
456 2075 536 2134 aevis
553 2083 631 2134 tecta
647 2074 724 2134 talia.
751 2082 780 2132 et
794 2075 822 2132 in
833 2073 947 2153 reliquo
958 2091 1031 2133 vero

41 2157 100 2216 orbe
115 2168 145 2218 et
161 2176 299 2218 camaras
315 2158 461 2218 levissime
482 2158 669 2236 suspendunt.
701 2157 864 2236 chartisque
879 2159 1008 2217 seruiunt
1024 2169 1073 2223 157

42 2240 139 2318 calami,
155 2241 304 2320 Aegyptii
317 2259 448 2302 maxume
464 2244 638 2319 cognatione
651 2241 773 2321 quadam
786 2243 898 2319 papyri.
927 2240 1031 2320 proba·

41 2325 116 2384 tiores
130 2335 232 2385 tamen
249 2324 341 2385 Cnidii
358 2335 386 2384 et
402 2327 450 2404 qui
465 2328 494 2384 in
509 2324 580 2385 Asia
599 2327 677 2386 circa
690 2324 861 2385 Anaeticum
876 2325 969 2384 lacurn
983 2341 1031 2384 na·

13 2413 155 2468 suuntur.
199 2409 379 2470 nostratibus
406 2410 558 2486 fungosior
584 2409 685 2469 subest
716 2417 833 2483 natura,
863 2409 1032 2485 cartilagine

41 2489 141 2568 bibula,
171 2509 252 2570 quae
275 2510 348 2552 cavo
373 2510 499 2570 corpore
521 2493 613 2570 intus,
641 2510 767 2571 superne
789 2493 868 2552 tenui
894 2493 1033 2552 inarescit

40 2573 116 2651 ligno,
133 2575 239 2636 fissilis
256 2585 412 2655 praeacuta
428 2594 545 2654 semper
556 2578 629 2636 acie.
654 2576 818 2654 geniculata
835 2585 934 2636 cetero
949 2586 1075 2652 gra-158

41 2657 122 2720 ollitas
139 2661 290 2737 nodisque
306 2660 449 2736 distincta,
470 2661 528 2720 leni
546 2661 663 2736 fastigio
678 2669 811 2721 tenuatur
826 2661 854 2719 in
872 2661 1030 2736 cacumina,

42 2745 176 2804 crassiore
193 2744 350 2823 paniculae
366 2761 464 2820 coma,
481 2761 577 2822 neque
597 2744 651 2804 hae
674 2761 864 2824 supervacua.
895 2753 942 2804 aut
958 2745 1032 2804 enim

7 2835 85 2902 aspro
101 2827 200 2905 pluma
215 2836 307 2887 strata
324 2845 515 2907 cauponarum
529 2826 626 2907 replet
640 2837 698 2904 aut,
710 2828 758 2888 ubi
774 2825 922 2888 limosiore
937 2829 1031 2889 indur-

42 2909 74 2966 uit
83 2911 159 2970 callo
174 2912 250 2970 sicut
264 2913 292 2970 in
303 2910 412 2990 Belgis,
425 2921 563 2972 contunsa
575 2921 604 2971 et
618 2913 769 2972 interiecta
781 2913 894 2972 navium
909 2914 1030 2972 conmis-

42 2993 105 3051 suris
128 2994 287 3055 feruminat
312 3005 407 3056 textus
433 2996 543 3073 glotino
563 2997 695 3056 tenacior
717 2997 855 3074 rimisque
878 2996 1031 3075 explendis

43 3073 146 3138 idelior
161 3079 242 3156 pice.

95 3161 182 3240 (65.)
212 3160 340 3222 Calamis
356 3163 474 3223 orientis
490 3163 590 3242 populi
606 3163 684 3225 bella
703 3164 874 3240 conficiunt,
893 3165 1009 3225 calamis
1023 3173 1073 3227 159

15 3241 145 3320 turpicula
162 3245 269 3306 addunt
283 3246 472 3307 inrevocabili
492 3247 576 3307 hamo
592 3249 687 3308 noxia.
722 3257 844 3309 mortem
866 3249 1031 3308 accelerant
1081 3275 1087 3286 ·

42 3327 119 3401 pinna
134 3329 231 3390 addita
246 3329 382 3405 calamis,
404 3329 493 3409 fitque
516 3339 545 3391 et
565 3349 602 3390 ex
617 3333 681 3410 ipso
700 3331 789 3405 telum
803 3331 879 3391 aliud
894 3331 986 3391 fracto
1003 3332 1031 3388 in

43 3409 214 3472 volneribus.
245 3414 292 3473 his
307 3416 393 3474 armis
407 3414 499 3474 solem
511 3417 604 3492 ipsum
625 3415 804 3476 obumbrant.
834 3414 1031 3494 propterhcc

44 3508 171 3555 maxume
193 3514 316 3558 serenos
339 3497 400 3558 dies
422 3507 538 3576 optant,
556 3499 645 3559 odere
669 3509 771 3560 ventos
795 3508 824 3558 et
845 3496 958 3573 imbris,
982 3499 1030 3575 qui
1130 3558 1135 3563 ,
