2396 3900
163 217 220 283 tt!
504 219 810 270 commonentem

116 393 165 454 ret·
233 378 317 460 (ΊΘ.)
339 377 467 440 Pistores
482 375 593 438 Romae
608 393 665 436 non
681 376 764 436 luere
780 374 816 436 ad
831 374 981 434 Persicum
992 391 1086 453 usqne
1097 371 1164 432 bel·

154 469 211 531 lta·
226 465 307 526 anais
320 462 356 523 ab
372 461 444 522 urbe
463 461 578 522 condita
597 478 687 538 super
708 472 840 522 Dum.
869 459 926 538 ipsi
945 475 1050 538 panem
1070 457 1165 518 iacie-

153 551 223 614 but
236 548 378 625 Quirites,
400 545 609 622 mulierumque
630 545 660 605 id
681 561 756 623 opus
779 552 858 621 erat,
883 543 958 604 siout
977 545 1063 605 etiam
1085 560 1166 602 nune

151 636 181 698 ia
205 632 344 713 plurumis
363 631 500 708 gentium.
543 637 685 708 artoptam
708 628 825 690 Plautus
848 626 977 706 appellat
1001 628 1030 687 in
1060 625 1166 686 tabula

151 734 234 800 paam
248 715 426 776 Aululariam
442 715 576 792 scripsit,
598 730 701 791 magna
718 711 756 772 ob
774 712 803 773 id
821 713 1039 772 concertatione
1063 709 1189 772 erudi-⁵

111 812 258 870 ioetorum
273 819 309 862 en
328 801 471 860 inversus
487 806 593 877 poetae
610 799 647 858 sit
663 797 758 873 illius,
781 806 949 875 certumque
972 796 1003 857 lit
1019 795 1089 856 Atei
1106 791 1165 854 (la-

151 887 255 966 pitouis
270 886 414 946 sententia
435 900 525 944 cocos
545 893 604 947 turn
625 901 728 962 panem
751 880 922 942 lautioribus
939 897 1070 960 coquere
1090 878 1163 940 soli-

149 979 207 1046 tos,
223 970 410 1049 pistoresque
433 977 540 1028 tantum
556 986 609 1028 eos
624 968 673 1046 qui
688 967 733 1026 lar
751 965 885 1045 pluebant
901 965 1075 1027 nominatos.
1105 982 1165 1025 neo

151 1070 241 1115 cocos
255 1071 328 1113 vero
343 1052 489 1114 habebant
506 1054 534 1112 in
551 1053 689 1129 servitiis,
708 1067 821 1129 eosque
843 1069 880 1110 ex
899 1050 1026 1112 macello
1051 1048 1164 1111 eondu-

150 1137 263 1199 cebant.
284 1135 452 1198 cribrorum
469 1155 578 1215 genera
596 1135 707 1198 Galliae
726 1154 743 1194 e
760 1137 848 1196 saetis
861 1152 1003 1214 equorum
1016 1137 1161 1196 invenere
1173 1143 1194 1188 1⁰

148 1220 305 1301 Hispaniae
323 1223 410 1282 elino
426 1223 596 1282 excussoria
612 1231 641 1282 et
657 1220 820 1300 pollinaria,
837 1219 992 1299 Aegyptus
1007 1239 1024 1282 e
1043 1236 1161 1300 papyro

148 1313 177 1366 at
198 1325 234 1366 ue
250 1309 345 1367 iunco.

108 1399 158 1454 109
178 1324 197 1385 q
228 1390 365 1472 (29.){1]
380 1390 438 1451 Sed
455 1390 531 1450 inter
541 1390 633 1470 prima
648 1389 760 1450 dicatur
772 1398 803 1449 et
814 1389 907 1450 alicae
919 1389 994 1450 ratio
1006 1398 1160 1467 praestan·

148 1475 275 1535 tissimae
297 1475 579 1554 saluberrimaeque,
598 1491 672 1552 quae
691 1473 786 1552 palma
804 1471 918 1552 frugum
930 1472 1089 1534 indubitata
1102 1472 1159 1534 lta·

149 1559 206 1620 liae
218 1561 348 1638 contigit.
371 1560 401 1619 dt
416 1562 479 1620 sine
496 1559 582 1620 dubio
594 1567 624 1618 et
635 1560 663 1618 in
675 1557 832 1638 Aegypto,
845 1557 898 1618 sed
907 1556 1059 1620 admodum
1072 1577 1159 1637 sper·
1170 1575 1193 1618 as

148 1644 259 1721 nenda,
283 1645 312 1704 in
326 1643 408 1706 ltalia
423 1662 496 1704 vero
513 1642 642 1723 pluribus
657 1643 748 1719 locis,
769 1644 845 1702 sieut
858 1643 1023 1703 Veronensi
1038 1643 1158 1704 Pisano·

149 1747 205 1808 que
221 1747 304 1807 agro,
316 1729 344 1789 in
356 1727 513 1807 Campania
525 1738 619 1789 tamen
632 1727 836 1788 laudatissima.
867 1745 985 1806 campus
1001 1737 1048 1788 est
1059 1727 1158 1789 subia-

149 1832 220 1873 cens
242 1813 387 1874 montibus
404 1813 561 1888 nimbosis,
585 1821 662 1871 totns
685 1811 800 1891 quidem
814 1811 905 1872 ΚΒΜ
931 1830 1068 1891 passuum
1092 1812 1156 1892 pla·

107 1899 258 1962 llonities.
283 1907 360 1958 terra
373 1899 435 1958 eius
449 1931 491 1942 -—
502 1906 532 1957 ut
543 1899 674 1976 protinus
687 1896 743 1956 soli
756 1906 857 1958 natnra
872 1897 999 1974 dicetur,
1011 1897 1156 1977 pulverea

148 1999 273 2058 summa,
299 1981 420 2041 interior
446 1980 543 2042 bibula
574 1989 604 2040 et
631 1982 752 2060 pumicis
782 1983 848 2042 vice
874 1981 1005 2043 listulosa
1037 1995 1193 2061 quoquest.

146 2068 339 2126 -montium
355 2066 441 2144 culpa
460 2067 489 2128 in
504 2065 611 2126 bonum
628 2066 714 2126 cedit.
746 2065 868 2126 crebros
886 2067 960 2127 enim
973 2066 1075 2128 imbris
1087 2085 1156 2146 per·
1191 2073 1193 2090 ²

147 2150 226 2210 colat
243 2159 329 2228 atqne
345 2151 523 2226 transmittit,
543 2167 599 2210 nec
615 2149 684 2210 dilui
699 2159 747 2210 aut
769 2151 888 2212 madere
910 2149 1002 2211 voluit
1031 2161 1157 2230 propter

146 2233 315 2294 felicitatem
331 2233 478 2310 culturae,
494 2235 597 2295 eadem
611 2243 765 2314 acceptum
778 2252 907 2298 umorem
922 2234 1009 2296 nullis
1025 2235 1155 2296 fontibus

145 2318 258 2394 reddit,
280 2319 332 2379 sed
355 2327 497 2397 temperat
513 2327 542 2378 et
558 2335 745 2397 concoquens
766 2321 841 2380 intra
858 2337 891 2380 se
907 2321 976 2380 vioe
990 2320 1065 2380 lurni
1084 2337 1154 2380 con·

104 2412 153 2466 111
162 2403 241 2462 tinet.
283 2403 388 2462 seritur
405 2412 466 2463 toto
488 2419 580 2478 anno,
606 2405 711 2480 panico
736 2404 846 2482 semel,
870 2404 914 2464 bis
938 2404 1027 2465 farre.
1065 2414 1095 2466 et
1113 2415 1191 2532 temp

145 2505 211 2546 men
231 2505 303 2547 vere
326 2497 446 2565 segetes
468 2505 543 2567 qnae
564 2488 781 2566 interquievere
800 2489 921 2549 fundunt
936 2505 1034 2549 rosam
1048 2489 1155 2550 odora·
1189 2551 1190 2554 ,

145 2573 359 2632 tioremsatira.
377 2571 451 2632 adeo
462 2581 541 2636 terra
552 2589 609 2632 non
622 2581 845 2652 cessetparere‚
858 2574 935 2634 undo
946 2574 1037 2652 volgo
1048 2575 1154 2646 dictum
1188 2635 1191 2650 ,

145 2656 211 2735 plus
234 2657 308 2734 apud
327 2653 490 2735 Campanos
512 2657 650 2733 unguenti
671 2673 755 2735 quam
775 2658 850 2736 apud
866 2667 983 2719 eeteros
999 2658 1059 2721 olei
1079 2659 1152 2720 lieri.
1188 2663 1190 2736 g

146 2749 277 2818 quantum
295 2749 389 2800 autem
403 2742 554 2801 universas
571 2749 664 2800 terras
680 2759 799 2820 campus
815 2738 977 2820 Campanus
995 2743 1152 2819 antecedit,

145 2833 251 2884 tantum
268 2825 362 2903 ipsum
377 2842 445 2903 pars
464 2827 526 2886 eius
544 2837 618 2903 quae
632 2823 775 2886 leboriae
789 2836 947 2903 vocantur,
964 2845 1052 2906 quem
1069 2827 1152 2889 Phle·
1188 2823 1190 2854 ³

145 2926 265 2986 gnaeum
286 2907 391 2970 Graeci
414 2909 572 2990 appellant.
605 2909 739 2969 liniuntur
752 2909 897 2971 leboriae
910 2913 957 2971 uia
972 2912 1008 2973 ab
1029 2922 1167 2991 utroqne=

144 2993 236 3056 latere
260 2993 405 3056 consulari
428 3013 502 3073 qnae
522 3013 540 3055 a
560 2994 690 3054 Puteolis
710 3003 739 3054 et
766 3012 841 3074 quae
870 3013 887 3056 a
909 2993 1006 3056 Gumis
1026 2994 1153 3076 Capuam

102 3079 247 3142 llbducit.
282 3078 322 3158 [t]
356 3078 440 3140 Alica
459 3079 589 3140 litenea
610 3095 695 3156 quem
710 3096 811 3139 semen
834 3079 1055 3158 appellavimus.
1092 3091 1152 3142 tun·

144 3164 218 3224 ditur
232 3181 352 3241 granum
365 3164 427 3224 eins
444 3165 472 3223 in
486 3164 545 3243 pila
561 3163 675 3240 lignea,
699 3181 736 3223 ne
760 3163 865 3242 lapidis
887 3164 990 3226 duritie
1010 3174 1151 3241 conterat,

143 3247 253 3324 mobili,
270 3257 298 3308 ut
314 3258 411 3309 notum
428 3257 489 3328 est,
506 3248 566 3327 pilo
582 3248 742 3308 vinctorum
759 3249 875 3327 poenali
891 3268 992 3329 opera.
1034 3251 1152 3332 primori

142 3333 217 3393 inest
233 3334 317 3410 pyxis
338 3333 446 3394 lerrea.
471 3332 604 3394 excussis
619 3331 685 3392 inde
708 3334 929 3394 tunicisaiterum
944 3335 1048 3397 iisdem
1064 3353 1150 3398 arma·

142 3418 245 3476 mentis
261 3417 364 3478 nudata
380 3417 540 3478 conciditur
551 3415 686 3479 medulla.
716 3419 755 3478 ita
770 3417 839 3478 bunt
850 3419 943 3480 alicae
957 3422 1011 3481 tria
1027 3439 1148 3500 genere:

139 3497 292 3559 minumum
313 3519 348 3562 ae
375 3502 592 3577 secundarium,
624 3501 843 3578 grandissimum
873 3523 946 3566 uero
977 3506 1149 3585 aphaerema
