2458 3906
305 251 390 304 unu.
409 251 500 302 rursu.
521 253 581 306 xx.
605 251 692 306 6—7.
717 241 866 330 (ss—ac.)
1029 247 1087 309 197

75 408 163 485 iguis.
196 405 355 485 suggillata
371 414 419 468 ant
440 407 558 470 liventia
574 409 610 470 ad
629 410 760 472 colorem
780 414 893 475 reducit
908 415 1087 477 combustum

76 510 113 552 ex
129 490 231 551 melle.
271 491 393 552 credunt
413 500 442 553 55
459 493 631 555 comitialem
647 495 777 558 morbum
793 500 904 578 sanari,
924 502 948 561 si
968 502 1031 581 quis
1048 512 1130 568 5555

75 578 103 636 in
117 574 194 636 cibis
213 583 308 637 utatur
323 593 358 636 ac
374 577 511 654 potione,
533 587 687 657 quartanas
703 600 819 662 quoque
836 593 974 656 excutere
990 594 1088 666 potum

75 668 164 740 caput
179 677 267 720 unum
288 677 352 722 cum
372 659 509 740 laserpici
528 662 618 724 obolo
640 665 669 724 in
685 667 752 726 vino
769 676 897 729 austero.
936 671 1037 731 tussim
1059 680 1087 732 et
1116 715 1117 718 ,

52 745 135 807 salio
159 744 250 806 modo
281 763 317 806 ac
343 753 495 824 pectorum
527 750 752 828 suppurationes
781 753 978 831 quantaslibet
1005 763 1087 815 sanat

74 831 186 890 fractae
202 831 350 890 incoctum
365 828 451 891 labae
468 839 556 909 atque
570 834 608 893 ita
623 833 652 892 in
668 833 734 895 cibo
750 845 893 916 sumptum
906 837 1000 899 donec
1012 840 1085 900 sani·

76 923 162 975 tatem
180 915 326 976 restituat.
357 912 428 975 lacit
445 924 474 975 et
491 933 609 978 somnos
626 927 713 998 atque
730 922 758 980 in
780 929 868 981 totum
883 921 1086 984 rubicundiora

1 1077 2 1080 J
75 1015 215 1078 corpora.
249 1016 390 1060 venerem
404 1017 519 1079 quoque
535 1002 661 1064 stimulat
681 1021 744 1064 cum
762 1005 916 1067 coriandro
935 1006 1018 1069 viridi
1033 1011 1082 1068 tri·
1094 1017 1128 1072 57

75 1093 134 1144 urm
148 1092 310 1163 potumque
328 1102 344 1144 5
360 1101 451 1144 mero.
485 1085 555 1146 vitia
576 1089 638 1147 eius
655 1098 721 1150 sunt
736 1088 814 1173 quod
836 1090 939 1151 oculos
956 1090 1086 1170 hebetat,

43 1178 66 1219 ¹⁰
75 1168 239 1229 inllationcs
255 1168 343 1245 iacit,
366 1167 544 1230 stomachum
563 1170 653 1232 laedit
667 1176 816 1253 copiosius
835 1184 994 1255 sumptum,
1010 1177 1086 1237 sitim

75 1253 175 1332 gignit.
206 1261 310 1314 cetero
329 1262 430 1314 contra
445 1254 573 1333 pituitam
592 1265 623 1316 et
636 1257 752 1334 gallinis
768 1267 798 1318 et
809 1258 981 1335 gallinaceis
999 1260 1085 1340 prod·

76 1346 121 1398 est
144 1338 267 1397 mixtum
294 1336 373 1397 farre
405 1339 434 1398 in
457 1336 532 1399 cibo.
569 1342 694 1403 iumenta
719 1344 827 1403 urinam
853 1341 978 1405 reddere
999 1355 1085 1426 atque

1 1417 2 1508 J
75 1440 133 1483 nou
148 1422 282 1501 torqueri
299 1421 431 1498 uadunt,
449 1425 473 1482 si
488 1426 554 1484 trito
570 1434 670 1487 natura
686 1435 828 1505 tangatur.

1 1511 2 1584 t
139 1509 168 1567 t.
198 1506 285 1586 (24.)
307 1505 452 1567 Lactucae
476 1517 581 1586 sponte
606 1511 753 1572 nascentis
779 1512 899 1590 primum
924 1530 1016 1591 genus
1039 1523 1128 1579 55558

1 1591 2 1654 1
44 1593 138 1653 cetus
152 1608 240 1671 quam
255 1591 403 1668 caprinam
419 1602 540 1670 vocant,
561 1611 617 1673 qua
633 1596 733 1675 pisces
749 1596 777 1655 in
790 1591 873 1656 ‘mare
889 1595 1003 1658 deiecta
1019 1615 1084 1677 pro-

74 1679 148 1738 tinus
165 1683 310 1737 necantur
324 1675 374 1752 qui
392 1678 498 1736 suntin
514 1695 666 1756 proxumo.
690 1679 774 1740 huius
791 1680 837 1741 lac
853 1680 1006 1760 spissatum
1017 1700 1085 1743 mox

1 1805 2 1808 ,
74 1765 102 1823 in
123 1769 211 1824 aceto
228 1758 363 1839 pondere
381 1758 534 1822 obolorum
556 1763 640 1824 duum
657 1763 773 1827 adiecto
794 1782 886 1844 aquae
906 1781 963 1824 uno
980 1766 1085 1842 cyatho

73 1846 245 1925 hydropicis
268 1843 361 1903 datur.
399 1845 483 1906 caule
505 1854 534 1906 et
554 1847 632 1910 loliis
655 1849 823 1926 contunsis,
846 1849 988 1929 adsperso
1010 1850 1083 1929 sale,

75 1932 155 1991 nerui
175 1929 261 1990 incisi
280 1937 424 1989 sanantur.
459 1929 559 1992 eadem
577 1935 643 1994 trita
659 1951 697 1995 ex
713 1942 797 1994 accto
809 1933 924 1994 conluta
940 1935 1083 1996 matutinis

1 2028 3 2084 3
43 2016 117 2076 nubis
132 2031 238 2075 mense
254 2012 381 2073 dentium
397 2012 528 2076 dolorem
542 2017 707 2095 prohibent.

136 2098 227 2182 (25.)
249 2096 381 2159 Alterum
401 2106 445 2158 est
465 2115 558 2177 genus
579 2101 656 2180 quod
674 2101 779 2163 Graeci
800 2120 947 2182 caesapon
964 2113 1078 2164 vocant.
1092 2113 1126 2167 59

75 2185 154 2246 huius
178 2182 254 2244 iulia
277 2182 395 2243 tritaet
418 2200 481 2242 cum
502 2183 620 2263 polenta
645 2186 725 2247 inlita
751 2186 898 2248 ulceribus
923 2187 1082 2249 medentur.

75 2270 146 2331 haec
160 2270 191 2330 in
206 2269 287 2330 arvis
302 2275 466 2328 nascuntur.
490 2271 605 2330 tertium
619 2289 712 2348 genus
728 2271 756 2330 in
771 2271 853 2332 silvis
864 2289 989 2333 nascens
1001 2273 1084 2333 isatin

1 2399 2 2404 η
74 2362 191 2416 vocant.
228 2351 314 2412 huius
338 2351 409 2412 lolia
434 2355 500 2414 trita
529 2369 592 2414 cum
614 2354 732 2434 polenta
758 2355 926 2416 volneribus
952 2364 1082 2435 prosunt.

1 2473 2 2520 3
42 2448 179 2518 nsquarto
202 2437 365 2497 infectores
388 2436 516 2498 lanarum
538 2447 661 2499 utuntur.
692 2439 793 2501 similis
815 2449 878 2501 erat
898 2439 1015 2518 lapatho
1036 2440 1083 2500 sil-

1 2551 2 2606 ,
73 2526 164 2584 vestri
182 2521 282 2598 loliis,
298 2521 353 2581 nisi
368 2519 451 2600 plura
469 2521 592 2583 haberet
608 2532 637 2583 et
651 2525 788 2601 nigriora.
816 2524 983 2602 sanguinem
1001 2523 1083 2599 sistit,

1 2613 2 2684 l
74 2607 286 2689 phagedaenas
302 2599 331 2665 e't
347 2607 545 2685 putrescentia
561 2608 661 2668 ulcera
676 2626 750 2686 quae
767 2617 888 2687 serpunt
904 2616 998 2682 sanat,
1015 2607 1083 2666 item

1 2703 2 2722 ³
73 2703 205 2753 moneres
219 2699 287 2752 ante
302 2693 548 2769 suppurationem.
573 2701 672 2753 contra
690 2694 785 2770 ignem
801 2709 912 2752 sacrum
925 2690 1023 2752 radice
1034 2690 1083 2750 vel

1 2833 2 2836 ,
74 2777 154 2838 loliis
173 2775 299 2856 prodest
317 2775 366 2835 vel
381 2774 417 2834 ad
434 2774 527 2835 lienes
541 2785 619 2854 pota.
650 2775 724 2837 haec
739 2778 856 2854 propria
875 2774 1005 2853 singulis.

1 2882 2 2926 3
43 2876 67 2917 ao
137 2861 227 2942 (26.)
253 2857 421 2920 Communia
433 2868 527 2920 autem
541 2869 645 2940 sponte
658 2859 843 2922 nascentibus
856 2861 975 2938 candor,
991 2859 1081 2920 caulis
1092 2870 1127 2925 tio

1 2955 2 2986 ³
76 2946 221 3006 interdum
238 2943 356 3004 cubitali
372 2942 561 3021 longitudine,
578 2953 607 3004 et
622 2943 723 3020 thyrso
741 2953 770 3004 et
785 2939 862 3006 loliis
878 2943 1021 3006 scabritia.
1047 2963 1085 3005 er

76 3029 120 3090 his
140 3028 267 3091 rotunda
288 3027 360 3088 lolia
384 3036 413 3087 et
433 3026 532 3089 brevia
552 3027 706 3089 habentem
725 3039 789 3090 sunt
804 3031 851 3108 qui
865 3029 1015 3090 hieracion
1032 3045 1083 3089 vo·

1 3176 2 3186 ,
78 3123 161 3195 cent,
192 3113 328 3193 quoniam
356 3113 523 3192 accipitres·
544 3112 704 3192 scalpendo
730 3131 792 3174 eam
820 3131 952 3193 sucoque
980 3111 1084 3173 oculos

77 3198 236 3277 tinguendo
265 3196 489 3274 obscuritatem,
524 3215 587 3258 cum
619 3213 757 3277 sensere,
784 3197 946 3261 discutiant.
994 3215 1081 3257 sucus
1092 3205 1124 3259 61

44 3301 68 3343 nc
78 3283 210 3344 omnihus
226 3281 381 3357 candidus,
404 3280 512 3342 viribus
528 3299 645 3363 quoque
661 3285 799 3361 papaveri
816 3282 934 3360 similis,
958 3281 1084 3360 carpitur

77 3385 130 3448 per
145 3368 252 3430 messis
267 3367 363 3427 inciso
379 3365 478 3443 caule,
496 3367 627 3427 conditur
642 3367 722 3427 fictili
735 3385 829 3446 novo,
845 3367 882 3428 ad
898 3366 984 3427 multa
999 3383 1082 3445 prac-

80 3453 184 3514 clarus.
206 3449 313 3514 'sanat
343 3451 437 3511 omnia
463 3451 613 3511 oculorum
640 3451 709 3510 vitia
734 3470 797 3512 cum
823 3451 899 3513 lacte
923 3450 1083 3526 mulierum,

79 3553 205 3618 argema,
222 3534 385 3611 nubiculae,
400 3535 553 3596 cicatrices
566 3535 791 3616 adustionesque
808 3537 909 3613 omnis,
925 3533 1084 3614 praecipue
