2396 3922
268 247 348 294 unu.
365 245 454 297 mrsu.
470 247 579 297 xuvrr.
596 247 679 300 1—4.
697 239 809 308 (1-4.)
968 237 1023 300 131

45 401 199 480 pellavere.
227 407 256 462 at
277 400 342 462 illas
357 403 452 464 statim
467 402 584 464 liberari
599 412 691 464 morte
711 412 958 464 excrementorum
974 405 1027 466 ho·

44 487 118 544 minis
132 493 220 562 gustu
236 485 469 547 demonstratum.
504 485 582 565 quod
603 495 684 549 certe
705 505 773 548 casu
797 497 943 567 repertum
963 489 1026 567 quis

44 568 147 630 dubitet
162 578 193 629 et
205 570 337 648 quotiens
358 571 406 630 liat
421 571 506 631 etiarn
520 588 595 632 nunc
609 579 640 631 ut
653 587 758 631 novom
772 573 869 647 nasci,
895 575 1027 651 quoniam
1093 569 1096 574 ’

44 653 108 713 ieris
121 654 197 714 ratio
213 663 243 713 et
259 673 328 714 usus
344 656 418 714 inter
434 673 467 715 se
483 653 557 716 tradi
572 673 629 714 non
645 652 758 734 possit?
785 655 814 716 3.
829 655 877 715 hic
889 674 961 733 ergo
980 667 1055 720 ca··8
1141 685 1144 691 ·

27 755 98 812 rsus,
114 737 163 797 hic
179 747 225 798 est
240 738 290 798 ille
306 739 353 817 qui
369 737 498 817 pluruma
511 740 540 799 in
560 739 618 800 vita
633 740 740 798 invenit
754 737 842 816 deus,
862 739 920 799 hoc
940 739 1028 799 hahet

43 839 140 882 nomen
166 839 221 900 per
241 839 325 901 quem
344 823 524 900 intellegitur
546 822 648 883 eadem
662 832 692 883 et
713 839 819 902 parens
837 840 932 882 rerum
950 836 1026 896 cmm

45 906 94 966 lum
112 914 141 965 et
163 907 317 983 magistra,
338 917 460 986 utraque
482 908 648 968 coniectura
668 909 748 986 pari,
770 909 833 968 sive
853 906 907 967 ista
923 907 1027 967 cotidie

1 1053 2 1074 ᾖ
44 990 112 1048 ieras
135 989 268 1050 invenire
290 991 353 1051 sive
375 1009 492 1070 semper
512 993 588 1051 scire
609 991 776 1053 iudicemus.
806 990 1027 1070 pudendumque

1 1121 3 1152 ,
44 1091 132 1134 rursus
149 1075 246 1136 omnia
260 1073 392 1136 animalia
408 1093 483 1153 quae
499 1075 555 1136 sint
568 1074 703 1136 salutaria
718 1075 790 1154 ipsis
803 1093 891 1135 nosse
907 1084 1024 1153 praeter

1 1211 2 1222 2
20 1155 189 1218 inhominem.
222 1157 275 1218 sed
290 1160 416 1219 maiores
432 1158 581 1220 oculorum
602 1177 716 1238 quoque
730 1159 945 1219 medicamentis
959 1169 1055 1224 aco-9

1 1237 2 1242 ’
44 1241 121 1300 situm
139 1241 259 1301 misceri
275 1241 463 1304 saluberrime
479 1243 702 1322 promulgavere
723 1250 825 1321 eperia
843 1244 1027 1322 professione

0 1395 1 1398 Ἴ
44 1324 137 1386 malam
152 1325 270 1404 quidem
284 1325 393 1386 nullum
409 1344 476 1386 ese
487 1328 550 1386 sine
564 1327 662 1403 aliquo
674 1325 762 1386 bono.
793 1325 838 1386 las
855 1326 1027 1404 ergonohis

44 1408 91 1466 crit
104 1409 152 1486 qui
167 1407 247 1469 nulla
262 1409 383 1469 diximus
400 1427 512 1470 nenena
528 1419 689 1470 monstrare
707 1409 792 1489 quale
816 1411 853 1472 sit
873 1411 1026 1484 aconitum,
1066 1423 1069 1432 ·

1 1484 4 1493 '
44 1490 86 1550 rel
99 1490 339 1570 deprehendendi
360 1494 462 1570 gratia.
498 1493 568 1554 lolia
590 1493 677 1554 hahet
698 1492 850 1568 cyclamini
873 1503 920 1554 aut
942 1512 1026 1553 cucu-

18 1575 121 1634 ameris
136 1593 196 1636 non
209 1575 292 1654 plura
308 1585 453 1656 quattuor,
471 1576 506 1638 ah
521 1577 621 1637 radice
633 1577 737 1637 leniter
751 1577 869 1638 hirsuta.
901 1577 1026 1638 radicem

43 1657 175 1720 modicam
191 1677 334 1722 cammaro
350 1660 472 1720 similem
485 1663 613 1738 marino,
630 1678 720 1739 quare
736 1661 849 1739 quidam
866 1677 1028 1721 cammaron

0 1818 2 1825 Ι
43 1742 243 1821 appellavere,
259 1744 307 1803 alii
325 1744 540 1823 thelpphoncn,
556 1763 594 1803 ex
612 1761 667 1823 qua
682 1745 804 1805 diximus
820 1763 916 1804 cansa.
945 1744 1052 1804 radius

43 1823 201 1888 incurvatur
215 1827 331 1904 paulum
347 1830 533 1906 scorpionum
548 1827 649 1905 modo,
670 1845 760 1906 quare
776 1837 805 1888 et
819 1829 957 1906 scorpion
977 1829 1027 1887 ali·

1 1944 3 1991 1
44 1909 84 1984 qni
107 1926 266 1970 vocavere.
302 1929 359 1972 nec
379 1911 501 1972 defuere
522 1913 570 1990 qui
590 1921 767 1987 mpoctonou
785 1912 936 1991 appellare
958 1911 1028 1972 mal·

18 1989 271 2072 alent,0quoniam
301 1994 404 2074 procul
427 2006 456 2056 et
482 2015 498 2056 e
522 1995 680 2074 longinquo
706 1995 797 2056 odore
821 1998 908 2056 muris
931 2005 1027 2055 necat.

0 2151 2 2162 Ι
44 2077 162 2138 nascitur
187 2079 218 2137 in
245 2077 327 2138 nudis
348 2079 478 2140 cantibus
504 2097 575 2159 quas
599 2097 705 2141 aconas
726 2080 885 2155 nominant,
909 2089 939 2140 et
958 2079 1025 2139 ideo
1037 2091 1071 2142 10

1 2201 2 2204 ,
44 2161 178 2222 aconitum
198 2160 289 2240 aliqui
311 2163 428 2238 dixere,
448 2163 528 2224 nullo
542 2163 619 2224 iuxta
639 2181 676 2222 ne
698 2164 819 2241 pulvere
843 2163 957 2243 quidem
975 2181 1025 2222 nu·

1 2318 3 2335 Ι
44 2242 147 2303 triente.
176 2244 252 2306 hanc
267 2245 355 2325 aliqui
372 2247 513 2312 rationem
529 2248 652 2308 nominis
667 2246 802 2326 attulere,
819 2247 876 2323 alii,
892 2248 1026 2326 qnoniam

1 2381 3 2394 ,
43 2323 81 2382 ris
95 2328 196 2389 eadem
211 2339 292 2389 essct
303 2331 331 2390 ia
341 2339 433 2392 morte
446 2349 520 2409 qnae
537 2330 649 2390 cotibus
664 2331 692 2390 in
704 2332 774 2392 lerri
783 2333 846 2392 acie
859 2330 1028 2407 deterenda,

1 2401 3 2474 Ϊ
18 2410 188 2490 astutiaque
203 2413 317 2474 admota
332 2413 474 2475 velocitas
492 2415 656 2474 sentiretur.

97 2495 125 2554 4.
148 2496 213 2575 (3.)
236 2496 390 2575 Aethiopis
406 2496 476 2558 lolia
495 2496 583 2557 habet
596 2497 715 2575 phlomo
730 2496 850 2572 similia,
872 2513 975 2573 magna
992 2514 1026 2556 ae
1037 2508 1068 2559 ll

43 2574 119 2638 multa
137 2589 167 2640 et
189 2578 298 2640 hirsuta
313 2598 330 2639 a
344 2580 460 2657 radice,
479 2581 589 2640 caulem
610 2579 862 2657 quadriangulum,
885 2579 1027 2654 scabrum,

1 2661 2 2670 ’
45 2656 155 2721 similem
172 2663 285 2740 arctio,
308 2663 403 2724 multis
425 2680 585 2724 concavam
606 2663 676 2740 alis,
709 2681 808 2722 semen
832 2680 902 2722 ervo
926 2662 1027 2738 simile,

45 2743 194 2824 candidum,
206 2749 359 2825 geminum,
373 2745 487 2808 radices
498 2763 679 2822 numerosas,
697 2746 811 2823 longas,
829 2745 940 2826 plenas,
955 2744 1026 2804 mol·

19 2821 92 2901 illis,
112 2828 272 2906 glutinosas
294 2840 390 2908 gustu.
427 2831 525 2891 siccae
547 2832 716 2908 nigrescunt
736 2830 979 2908 indurescuntque
999 2837 1029 2888 ut

45 2923 142 2972 cornua
163 2914 259 2974 videri
284 2916 405 2992 possint.
437 2924 555 2993 praeter
575 2913 759 2990 Aethiopiam
781 2922 935 2973 nascantur
949 2922 978 2973 st
997 2913 1025 2972 in
1038 2923 1070 2976 12

44 2987 87 3053 lda
97 3006 192 3057 monte
208 2995 330 3058 Troadis
346 3007 374 3057 et
388 2998 417 3056 in
432 2997 587 3067 Messenia.
618 2996 795 3073 colliguntur
812 3006 956 3074 autumno,
972 2997 1027 3056 sic·

46 3078 135 3138 'cantur
157 3082 187 3140 in
205 3081 270 3141 sole
291 3081 399 3158 aliquot
417 3079 518 3142 diebus
542 3081 685 3140 ne'situm
708 3081 843 3140 sentiant.
879 3081 1028 3141 medentur

45 3158 131 3222 volvis
146 3175 234 3243 potae
252 3165 280 3224 in
294 3164 362 3224 vino
378 3164 462 3240 albo,
488 3165 669 3240 ischiadicis,
691 3162 869 3242 pleuriticis,
895 3164 1028 3224 faucibus

20 3242 148 3305 ascahris
164 3247 307 3308 decoctae
321 3257 392 3326 potu
411 3249 527 3326 dantur,
549 3248 602 3310 sed
624 3265 698 3328 qnae
721 3265 759 3307 ex
775 3247 932 3328 Aethiopia
948 3243 1027 3307 venit

45 3325 139 3390 eunte
155 3339 243 3408 atque
259 3332 327 3393 ilico
345 3331 474 3411 prodest.
982 3341 984 3346 ’

65 3483 71 3500 ι
99 3412 160 3492 (4.)
184 3415 333 3490 Ageratos
353 3415 503 3476 ferulacea
525 3425 585 3493 est,
612 3416 732 3476 duomm
752 3416 910 3496 palmorum
930 3413 1020 3474 altitu·
1034 3426 1070 3478 13

47 3481 117 3566 dune,
129 3499 249 3576 origano
266 3499 383 3577 similis,
404 3499 477 3560 licre
492 3499 579 3560 bullis
602 3501 706 3560 aureis.
739 3500 821 3560 huius
841 3507 922 3559 ustae
944 3496 1027 3556 nidor

825 3582 869 3645 9³3
