2396 3922
155 230 195 290 80
516 240 547 289 c.
565 241 660 288 runnu
678 239 828 290 sucuuor

111 406 146 460 ot
159 413 253 456 amara
280 415 344 457 curu
367 397 487 476 quadam
510 393 671 456 dulcedine.
703 399 830 457 nascitur
852 400 882 456 ic
902 389 1025 456 collibus
1049 396 1149 474 pingui

155 480 233 557 solo,
256 481 451 540 laudatissima
472 482 501 538 in
517 479 651 555 Arcadia,
672 478 768 558 Elide,
784 480 942 557 llessenia,
958 479 1086 554 Pholoe,
1102 477 1151 555 bp-

156 581 241 641 caeo,
265 573 295 624 et
316 567 345 623 in
360 564 486 642 hlpibus
508 580 581 622 vero
603 563 799 642 plurumisque
821 565 885 624 aliis
907 565 988 623 locis.
1019 565 1053 622 in
1068 561 1151 638 Lycia

157 648 273 725 quidem
290 657 321 708 et
337 667 375 708 ex
392 665 427 708 ea
441 647 558 722 Lycium
572 645 688 706 faciunt.
711 650 756 707 vis
772 651 801 709 iu
821 647 991 708 volueribus
1007 655 1091 706 tauta
1110 653 1153 706 est

155 740 187 790 ut
202 733 417 792 cohaerescere
433 732 518 792 etiarn
532 731 627 789 carnis
644 731 782 808 tradatur,
798 733 823 791 si
841 739 982 809 coquatur
997 730 1093 789 simul.
1127 732 1173 789 ins

156 833 210 874 asu
232 816 314 876 radix
332 824 440 875 tantum
461 812 570 873 duabus
590 813 732 874 drachmis
755 815 880 874 bibenda
900 814 1005 892 quibus
1029 813 1154 888 dicetur,

156 901 181 958 si
203 899 295 958 febris
316 901 371 976 sit,
393 900 423 959 in
438 915 511 976 aqua
533 899 601 956 trita
620 898 762 975 medetur,
782 900 891 958 ceteris
909 900 939 956 iu
955 899 1037 974 vino,
1059 896 1155 956 volva·

156 999 218 1040 rum
234 983 343 1043 morbis
360 981 500 1042 decoctae
517 998 611 1040 sucus.

112 1074 149 1129 68
201 1064 283 1143 (31.)
304 1065 359 1124 Est
373 1065 496 1124 alterum
515 1066 693 1124 centaurium
710 1067 883 1142 cognomine
904 1063 1019 1141 lepton,
1041 1064 1153 1122 minutis

156 1147 247 1225 foliis,
264 1149 341 1227 quod
357 1148 444 1226 aliqui
461 1147 589 1206 libadion
604 1158 720 1226 vocant,
739 1151 873 1226 quoniam
888 1146 1051 1206 secuudum
1066 1147 1179 1205 fontirn

159 1234 298 1307 nascitur,
315 1233 438 1308 origano
455 1230 562 1308 simile,
577 1233 795 1308 augustioribus
811 1240 842 1291 et
859 1229 1049 1306 longioribus
1067 1229 1154 1305 foliis,

53 1329 55 1342 ·
158 1314 302 1390 anguloso
327 1314 409 1374 caule
424 1314 547 1392 palmum
562 1314 633 1391 alto,
654 1317 819 1392 fruticante,
841 1315 915 1374 licre
933 1312 1095 1390 lychnidis,
1116 1329 1156 1371 ra·

156 1397 223 1457 dice
240 1400 319 1457 tenui
335 1406 365 1457 et
380 1413 570 1475 supervacua,
592 1416 663 1458 suco
680 1399 791 1458 efficax.
823 1399 886 1476 ipsa
906 1395 999 1456 herba
1021 1405 1156 1456 autumno

158 1480 279 1560 legitur,
295 1499 381 1540 sucus
398 1500 415 1541 e
431 1480 544 1540 froude.
575 1482 689 1559 quidam
704 1482 793 1542 caulis
810 1481 946 1541 concisos
962 1478 1155 1539 madefaciunt

158 1563 261 1624 diebus
273 1563 371 1624 XVlll
386 1572 473 1643 atque
487 1565 527 1623 ita
543 1567 714 1642 exprimunt.
739 1565 795 1624 hoc
809 1565 989 1624 centaurium
1004 1564 1102 1622 nostri
1118 1561 1181 1620 fella

159 1655 257 1708 terrae
274 1656 380 1708 vocant
396 1657 519 1726 propter
534 1648 749 1708 amaritudinem
765 1665 911 1723 summam,
925 1645 1001 1705 Galli
1027 1663 1153 1720 exaoun,

160 1734 297 1809 quoniam
322 1734 416 1792 omnia
443 1731 516 1790 mala
543 1731 749 1792 medicamenta
774 1740 874 1809 potum
900 1747 1033 1808 corpore
1061 1731 1154 1804 exigat

158 1832 215 1892 per
232 1815 335 1874 alvom.

115 1907 151 1961 69
225 1898 308 1976 (32.)
331 1897 430 1957 Tertia
446 1905 491 1957 est
506 1899 650 1958 centauris
668 1900 841 1975 cognomine
857 1896 1004 1957 triorchis.
1031 1899 1082 1976 qui
1098 1911 1153 1956 eam

160 1989 241 2040 secat
253 1997 348 2040 rarum
359 1989 405 2041 est
417 1990 448 2040 ut
459 1997 516 2040 aon
527 1982 663 2042 volueret
674 1999 751 2040 sese.
770 1981 843 2040 haec
854 1998 953 2040 sucum
966 1982 1178 2058 sanguineumrr

159 2065 254 2122 mittit.
289 2062 506 2142 Theophrastus
528 2064 644 2125 defendi
666 2083 729 2124 eam
753 2067 965 2143 inpugnarique
986 2063 1151 2141 colligentis

159 2145 278 2206 tradita
294 2147 424 2206 triorche
441 2149 609 2224 accipitrum
626 2164 749 2225 genere,
772 2147 893 2207 undeet
910 2165 1020 2206 nomen
1035 2146 1149 2223 accepit.

158 2228 277 2308 inperiti
293 2229 469 2289 confundunt
485 2230 558 2290 haec
573 2234 667 2291 omnia
681 2240 711 2291 et
727 2233 820 2310 primo
833 2232 938 2308 generi
955 2230 1117 2308 adsignant

115 2319 193 2375 io·
220 2314 249 2372 7.
272 2313 355 2390 (33.)
372 2311 528 2386 Clymenus
544 2331 561 2372 a
578 2331 651 2389 rege
667 2313 757 2374 herba
774 2312 922 2391 appellata
932 2322 998 2391 est,
1030 2313 1148 2374 hederae

159 2394 251 2472 foliis,
269 2412 394 2472 ramosa,
412 2395 517 2456 caule
509 2399 602 2474 suani,
623 2398 751 2457 articulis
766 2398 942 2475 praecincta,
961 2398 1059 2457 odore
1073 2393 1170 2473 grariu

160 2486 191 2539 et
211 2480 321 2539 semiue
340 2478 478 2556 hederae,
500 2481 684 2540 silvestribus
702 2490 731 2542 et
745 2481 906 2540 montuosis
927 2497 1066 2540 nascens
1096 2477 1146 2555 qui·

160 2562 216 2622 bus
233 2563 343 2622 morbis
359 2571 428 2643 pota
442 2564 591 2623 medeatur
608 2564 746 2640 dicemus,
765 2563 817 2623 sed
834 2563 882 2623 hic
900 2563 1086 2623 indicandum
1101 2567 1146 2634 est,

162 2645 228 2705 dum
248 2646 409 2723 medeatur,
434 2646 619 2706 sterilitatem
640 2655 710 2725 pota
731 2649 817 2707 etiam
838 2647 909 2706 viris
934 2646 1009 2705 fieri.
1055 2641 1144 2705 Graeci

161 2728 320 2806 plantagini
341 2729 470 2789 similem
477 2747 545 2790 esse
563 2730 716 2806 dixerunt,
739 2729 821 2790 caule
839 2729 992 2809 quadrato,
1017 2725 1145 2789 folliculis

161 2827 225 2870 cum
247 2815 358 2872 semiue
378 2814 457 2873 iuter
471 2833 505 2872 sc
520 2812 645 2892 inplexis
662 2814 768 2873 velat'
760 2832 789 2872 ru
805 2813 979 2892 polyporum
1001 2813 1094 2873 cirris.
1120 2813 1166 2866 ets

163 2909 248 2952 sucus
264 2903 360 2954 autem
373 2898 403 2955 in
418 2915 482 2973 usu,
498 2898 525 2955 vi
540 2913 646 2956 summa
660 2898 688 2956 iu
705 2895 914 2973 refrigerando.

119 2985 155 3041 ‘ll
226 2974 308 3053 (34.)
331 2977 500 3038 Gentianam
516 2981 626 3039 invenit
640 2979 761 3040 Gentius
779 2998 833 3039 rex
847 2978 1027 3054 lllyriorum,
1051 2977 1145 3051 ubtpn

163 3067 341 3135 nascentem,
356 3062 385 3118 in
398 3060 517 3138 Illyrico
533 3071 627 3122 tamen
643 3064 930 3140 praestantissimam,
947 3060 1024 3120 folio
1042 3056 1143 3130 fraxini,

164 3142 217 3203 sed
234 3141 428 3239 magpitudine
444 3144 584 3223 lactucae,
599 3146 681 3206 caule
698 3155 801 3206 tenero
816 3144 932 3224 pollicis
950 3143 1142 3212 crassitudine,

34 3251 41 3272 ι
163 3241 236 3285 cavo
252 3225 306 3282 et'
297 3226 392 3299 ruani,
408 3243 447 3285 ex
464 3228 624 3288 intervallis
640 3229 755 3305 foliato,
772 3231 856 3287 trium
872 3227 1030 3306 aliquando
1045 3225 1163 3286 cubitott

165 3325 237 3382 rum,
258 3305 355 3366 radica
372 3306 460 3385 lenta,
483 3311 630 3409 subnigra,
653 3313 733 3372 sine
741 3311 843 3388 odore,
867 3313 988 3389 aquosis
1011 3307 1141 3370 montibu

104 3449 110 3453 ,
165 3389 324 3465 subalpinis
346 3387 482 3465 pluruma.
514 3411 582 3454 usus
603 3397 632 3453 in
654 3394 750 3454 radice
773 3403 803 3454 et
820 3411 899 3455 suco
929 3394 1039 3456 radicis
1056 3399 1139 3454 natura

164 3476 212 3529 est
229 3469 443 3549 excalfactoria,
463 3475 515 3534 sed
529 3478 736 3555 praegnatibus
750 3495 809 3538 non
822 3477 957 3538 bibenda.
