2504 3930
317 270 734 322 nar.rs1su.xxx1.1o.11.
754 259 890 336 (tort.)
1044 263 1105 324 283
1165 234 1171 247 ¹
1213 244 1216 253 ¹

102 425 169 482 uitri
185 422 324 500 prodest,
349 423 497 500 atrophia,
518 424 728 502 opisthotonis,
748 427 862 485 tetauis.
892 427 941 486 Sal
959 436 987 486 et
1002 429 1105 488 nitrum

102 507 214 586 sulpuri
232 515 405 566 concoctum
422 508 449 565 in
465 507 591 586 lapidem
608 509 737 568 vertitur.
838 569 846 582 ,

168 590 216 648 ll.
238 591 322 668 (47.)
343 591 544 668 spongearum
556 609 665 668 genera
679 592 800 651 diximus
814 592 842 650 iu
854 594 962 654 naturis
973 599 1082 674 aquati·
1096 605 1148 662 123

101 673 169 734 lium
180 675 361 732 marinorum.
388 675 501 751 quidam
515 677 554 734 ita
573 675 744 752 distingunt:
764 676 835 736 alias
847 693 884 736 ex
896 676 941 736 his
958 681 1045 738 maris
1074 680 1096 720 ⁹·
1111 678 1147 714 ¹⁴⁸

77 759 178 816 stenui
194 757 288 818 fistula
306 758 537 836 spissioresque,
554 759 754 837 persorheutis
777 777 852 836 quae
870 768 899 818 et
917 762 1061 836 tinguntur
1075 765 1104 822 in

100 841 229 915 deliciis,
244 839 398 919 aliquando
413 850 444 899 et
457 859 598 921 purpura,
614 843 686 902 alias
701 843 823 902 feminas
834 843 990 904 maioribus
1001 846 1104 905 tistulis

99 943 135 984 ac
149 925 316 1004 perpetuis,
337 923 464 984 maribus
480 927 551 986 alias
574 915 708 986 duriores
729 944 802 1005 quas
826 927 975 1005 appellant
994 937 1103 1005 tragos,

99 1009 275 1068 tenuissimis
299 1008 399 1068 tistulis
416 1018 502 1088 atque
517 1009 706 1070 densissimis.
734 1009 882 1070 candidae
901 1029 968 1071 cura
987 1013 1103 1083 liunt,e
1182 1026 1189 1039 ·

99 1091 277 1152 mollissimis
292 1100 426 1152 recentes
448 1111 501 1171 per
518 1103 657 1154 aestatem
673 1095 783 1154 tinctae
803 1093 873 1154 salis
887 1112 987 1172 spuma
1005 1095 1040 1154 ad
1062 1096 1102 1154 lu·

66 1193 163 1236 aonam
176 1183 206 1234 et
221 1176 339 1253 pruinas
352 1183 516 1236 sternuntur
526 1179 678 1253 inversae,
694 1178 750 1239 boc
767 1186 813 1236 est
828 1194 884 1255 qua
901 1185 982 1255 parte
999 1178 1102 1239 adhae-

101 1277 181 1334 sere,
208 1267 238 1318 ut
268 1259 424 1319 candorem
445 1260 554 1322 bibant.
599 1261 703 1321 animal
727 1279 796 1320 esse
822 1261 971 1322 docuimus
999 1263 1146 1326 etiamltt

101 1357 204 1402 cruore
218 1342 397 1402 inhaerente.
428 1344 515 1422 aliqui
530 1355 647 1404 narrant
663 1355 691 1404 et
707 1345 804 1408 auditu
826 1346 890 1421 regi
909 1359 960 1406 eas
977 1363 1045 1406 con·
1072 1347 1095 1388 ⁸2
1109 1346 1144 1380 ¹⁵⁹

98 1426 229 1504 trahique
242 1426 278 1486 ad
289 1444 389 1487 sonum
402 1429 590 1506 exprimentis
603 1428 803 1488 abundantiam
812 1430 932 1504 umoris,
948 1447 1003 1488 nec
1014 1429 1101 1489 avelli

99 1511 189 1590 petris
207 1527 312 1588 posse,
328 1510 395 1570 ideo
411 1510 538 1587 abscidi,
557 1530 592 1571 ac
610 1513 718 1572 saniem
731 1513 890 1572 remittere.
921 1515 989 1590 quin
1005 1523 1033 1572 et
1049 1532 1100 1573 eas

66 1607 89 1649 15
98 1611 173 1673 qnae
193 1593 229 1652 ab
251 1594 386 1670 aquilone
407 1596 463 1654 sint
484 1596 601 1670 genitae
626 1595 800 1673 praeierunt,
822 1597 948 1670 ceteris,
976 1615 1030 1655 uec
1055 1615 1100 1656 us-

97 1695 182 1756 quam
191 1677 404 1737 diutiusdurare
418 1679 549 1757 spiritum
559 1680 664 1739 medici
676 1680 836 1739 adfirmant.
856 1679 898 1736 sic
914 1687 943 1738 et
957 1680 1100 1757 prodesse

97 1759 284 1838 corporibus,
300 1763 366 1838 quia
379 1771 479 1821 nostro
493 1780 573 1822 suum
584 1763 734 1840 misceant,
749 1771 779 1822 et
790 1763 857 1822 ideo
870 1764 962 1838 magis
974 1765 1100 1822 recentis

96 1846 250 1922 magisque
263 1844 388 1919 umidas,
411 1845 463 1904 sed
480 1847 571 1905 minus
587 1848 619 1906 in·
631 1846 724 1906 calida
742 1864 816 1924 aqua
834 1847 984 1922 mirusque
1000 1856 1099 1908 unctas

56 1957 59 1962 ·
97 1937 145 1988 aut
157 1929 248 1986 unctis
261 1929 433 2007 corporibus
442 1931 593 2008 inpositas,
604 1940 632 1989 et
645 1932 757 2008 spissas
771 1932 862 1989 minus
874 1929 1097 1990 adhaerescere.

63 2025 88 2065 ao
97 2011 295 2072 mollissimum
312 2030 405 2090 genus
417 2032 514 2074 aarum
529 2014 656 2091 penicilli
669 2015 818 2074 oculorum
831 2021 959 2072 tumores
977 2013 1140 2077 sedant125

2 2128 8 2170 ,
97 2115 136 2155 en
151 2096 245 2154 mulso
261 2097 388 2175 inpositi.
424 2098 499 2157 idem
522 2098 736 2174 abstergendae
757 2096 921 2175 lippitudini
942 2097 1096 2170 utilissimi,

3 2180 6 2194 '
98 2195 211 2256 eosque
222 2182 405 2240 tenuissimos
426 2190 455 2240 et
471 2181 656 2240 mollissimos
675 2201 742 2241 csse
766 2188 895 2259 oportet.
925 2182 1098 2258 inponuntur

98 2272 127 2323 et
144 2279 296 2340 spongeae
311 2266 394 2342 ipsae
412 2265 562 2343 epiphoris
579 2284 617 2324 ex
632 2283 725 2342 posca
742 2276 772 2324 ct
789 2283 826 2324 ex
842 2274 928 2324 aceto
945 2264 1040 2324 calido
1063 2263 1098 2324 ad

98 2348 203 2424 capitis
218 2347 346 2406 dolores.
373 2347 409 2406 de
424 2359 524 2408 cetero
539 2358 674 2408 recentes
691 2348 864 2423 discutiunt,
887 2347 1032 2422 molliunt,
1048 2349 1096 2406 mi-

0 2471 1 2486 .
63 2445 88 2485 aa
99 2433 204 2506 tigant,
221 2439 337 2490 veteres
353 2431 567 2507 conglutinant
586 2432 724 2506 volnera,
740 2450 808 2492 usus
825 2448 923 2490 earum
935 2430 970 2490 ad
985 2430 1096 2489 abster-

96 2513 202 2592 genda,
220 2513 354 2590 fovenda,
373 2515 529 2591 operienda
545 2517 647 2589 a'iotu,
669 2514 734 2574 dum
750 2514 827 2576 aliud
843 2515 1004 2592 inponatur.
1036 2513 1076 2572 ul·
1089 2522 1141 2575 126

97 2615 167 2656 cera
183 2613 298 2675 quoque
317 2598 409 2658 umida
426 2607 455 2657 et
471 2599 572 2658 senilia
588 2600 732 2676 inpositae
747 2601 878 2673 siccant,
901 2596 1046 2656 fracturae
1068 2603 1098 2656 et

95 2681 218 2740 volnera
233 2683 373 2759 spongeis
387 2682 535 2742 utilissime
552 2682 697 2744 foventur.
730 2682 847 2757 sanguis
869 2681 978 2756 rapitur
1000 2680 1028 2738 in
1050 2697 1096 2736 se·

97 2763 191 2823 cando
207 2773 238 2822 ut
253 2766 361 2824 curatio
374 2767 505 2843 perspici
516 2767 618 2842 possit,
636 2775 664 2823 et
681 2768 763 2843 ipsae
777 2763 929 2824 voluerum
941 2762 1097 2821 inflamma-

60 2863 86 2904 ac
101 2850 216 2921 tiones,
229 2850 254 2906 si
268 2867 322 2907 nec
335 2848 553 2925 inunguitur,**
568 2867 642 2907 nunc
657 2851 770 2925 siccae,
785 2865 860 2906 nuuc
877 2855 962 2906 aceto
976 2846 1095 2923 adsper-

96 2949 159 3006 sae,
169 2933 328 3007 nuncviuo‚
342 2951 414 2991 nuno
425 2932 620 3010 aqualrigida.
637 2951 754 3009 exaqua
768 2947 840 2990 vero
851 2929 972 2992 caelesti
987 2930 1095 3007 inposi-

95 3023 145 3074 tae
155 3015 294 3074 siccasve
303 3017 431 3074 recentia
444 3033 500 3074 non
516 3017 659 3092 patiuntur
670 3017 872 3086 intumescere.
898 3015 1073 3090 inponuntur
1088 3023 1135 3076 127

97 3107 127 3156 et
141 3099 263 3174 integris
281 3098 425 3176 partibus,
443 3099 495 3158 sed
514 3098 649 3158 lluctione
665 3100 778 3159 occulta
800 3096 998 3156 laborantibus
1021 3114 1094 3173 quae

96 3181 276 3240 discutienda
292 3183 345 3255 sit,
363 3190 391 3240 et
408 3181 443 3240 iis
463 3201 536 3258 quae
553 3191 730 3260 apostemata
747 3190 852 3240 vocant
868 3179 954 3240 melle
971 3179 1094 3238 decocto

59 3264 256 3343 ³⁵perunctis.
287 3266 354 3324 item
370 3265 497 3324 articulis
513 3266 585 3324 alias
607 3277 691 3326 aceto
715 3266 793 3325 salso
816 3263 961 3336 madidae,
983 3263 1055 3322 alias
1078 3281 1094 3320 e

95 3365 198 3427 posca,
218 3350 241 3406 si
256 3347 369 3406 ferveat
384 3349 516 3425 impetus,
536 3367 573 3407 ex
584 3366 669 3425 aqua.
696 3349 815 3408 eaedem
830 3347 906 3407 callo
922 3365 938 3406 e
955 3347 1041 3421 salsa,
1052 3378 1096 3391 ·—

95 3441 124 3490 at
136 3441 238 3490 contra
249 3432 433 3508 scorpionum
444 3433 517 3490 ictus
530 3450 567 3490 ex
578 3441 663 3492 aceto
674 3467 725 3506 -,
741 3435 770 3491 in
782 3431 933 3490 volnerum
945 3431 1095 3490 curatione

97 3525 127 3574 et
142 3515 262 3574 sucidae
275 3515 358 3574 lanae
374 3517 467 3573 vicem
483 3515 594 3593 inplent
613 3533 651 3574 ex
673 3516 783 3576 eadem.
823 3513 984 3574 differentia
1009 3513 1093 3591 haec,
