2504 3930
248 269 328 316 usn.
345 269 435 316 mar.
453 269 550 316 xxix.
567 267 593 320 s.
611 256 688 333 (39.)
705 270 841 316 -ΗΧ,
858 269 881 320 1.
898 267 948 332 (a.)
1037 260 1097 322 233
1183 287 1188 297 ·

99 423 184 502 bant,
202 424 386 499 coarguimus
402 422 630 500 detegemusque
651 424 809 483 etiamnum.
840 426 869 482 in
885 426 986 502 paucis
1003 436 1098 488 tamen
1193 470 1196 474 ›

95 508 188 583 digna
213 523 262 566 res
292 507 327 566 de
350 523 405 583 qua
426 505 509 586 plura
534 506 679 582 dicantur,
704 506 751 566 uel
776 524 813 566 eo
835 508 900 586 ipso
926 509 1002 586 quod
1022 511 1097 570 irau-

0 633 1 646 .
98 591 418 670 dolentissimalartinm
438 589 598 668 plurumum
621 591 650 649 iri
666 599 726 649 toto
749 599 888 650 terrarum
909 591 981 651 orbe
999 593 1096 671 pluru-

1 700 4 709 ·
97 673 349 752 misquesaeculis
360 672 458 736 valuit.
482 675 680 734 anctoritatem
695 675 723 732 ei
735 691 893 734 maxumam
905 675 995 736 luisse
1011 695 1096 738 nemo

75 759 233 832 smiretur,
252 755 482 835 quandoquidem
500 755 563 817 sola
575 757 675 817 artium
689 758 741 816 tris
756 757 828 816 alias
844 760 1096 838 imperiosissimas

97 841 238 902 humanae
252 841 357 900 mentis
373 839 518 918 conplexa
533 841 562 899 iu
578 859 660 900 unam
673 858 706 899 se
720 839 835 916 redigit.
868 851 961 902 natam
977 845 1125 922 primumn

97 943 114 984 e
135 924 278 983 medicina
294 939 379 984 nemo
400 922 562 983 dubitatae
582 925 683 1002 speeie
699 925 815 984 salutari
838 926 998 1005 inrepsisse
1018 929 1098 987 velut

97 1008 231 1070 altiorem
247 1008 478 1084 sanctioremque
492 1006 672 1083 medicinam,
690 1008 728 1067 ita
742 1007 935 1072 blandissimis
950 1010 1096 1071 desidera·
1205 1035 1209 1043 ¹

96 1092 274 1169 tissimisque
294 1091 444 1168 promissis
460 1090 604 1150 addidisse
620 1092 690 1150 viris
704 1091 872 1167 religionis,
895 1092 932 1154 ad
952 1110 1023 1172 quas
1038 1111 1096 1154 ma·

39 1169 44 1180 '
63 1191 89 1233 ro
99 1193 183 1234 xume
200 1176 363 1234 etiamnunc
379 1172 486 1250 caligat
497 1175 646 1234 humanum
661 1193 770 1251 genus,
789 1185 891 1254 atque,
906 1185 937 1236 ut
951 1177 1008 1236 hoe
1025 1195 1095 1254 qoo-

98 1275 156 1337 que
170 1260 361 1334 suggesserit,
376 1258 529 1317 miscuisse
543 1257 757 1318 mathematicas
773 1261 851 1336 artis,
869 1259 949 1319 nullo
965 1277 1023 1320 uon
1039 1263 1096 1321 avi·

97 1343 135 1402 do
156 1343 252 1401 futura
274 1341 310 1400 de
333 1359 400 1400 sese
420 1341 530 1401 sciendi
551 1351 638 1419 atque
659 1359 692 1400 ea
715 1360 731 1401 e
756 1342 841 1402 caelo
860 1345 1012 1403 verissime
1037 1344 1097 1422 peti

97 1425 247 1485 credente.
276 1426 315 1484 ita
331 1427 478 1502 possessis
492 1426 635 1485 hominum
652 1425 786 1484 sensibus
801 1426 910 1505 triplici
926 1427 1043 1486 vinculo
1067 1429 1097 1486 in

95 1516 202 1568 tantum
219 1509 317 1584 fastigi
332 1508 459 1568 adolevit
475 1518 504 1567 ut
515 1509 659 1587 hodieque
671 1510 756 1568 etiam
771 1509 911 1586 inmagua
928 1519 1011 1589 parte
1028 1529 1096 1588 gen·

61 1594 164 1654 sotium
183 1593 353 1670 praevaleat
369 1601 398 1650 et
412 1593 440 1650 in
455 1593 570 1652 oriente
580 1608 680 1669 regum
698 1591 816 1668 regibus
831 1594 964 1670 imperet.

163 1675 226 1754 (2.)
250 1676 319 1734 Siue
336 1675 421 1735 dubio
437 1675 498 1735 illic
513 1685 575 1735 orta
590 1677 619 1734 in
636 1675 755 1736 Perside
771 1676 965 1754 aZoroastre,
975 1685 1006 1736 ut
1022 1677 1127 1742 intera

10 1805 16 1820 .
80 1769 232 1840 ,auctores
247 1760 391 1818 convenit.
428 1759 480 1818 sed
498 1777 570 1818 uuus
584 1759 632 1818 hio
645 1759 732 1818 luerit
746 1776 782 1818 an
794 1769 897 1838 postea
911 1770 938 1820 et
954 1759 1097 1820 aliusnon

95 1845 165 1903 satis
182 1851 304 1903 constat.
325 1842 481 1919 Eudoxus,
505 1844 552 1921 qui
570 1845 645 1902 inter
662 1843 823 1921 sapientiae
847 1853 946 1903 sectas
970 1843 1096 1904 clarissi-

94 1945 168 1986 mam
193 1926 429 2003 utilissimamque
451 1943 514 1986 eam
536 1927 667 2002 intellegi
689 1926 796 2002 voluit,
824 1925 1000 1986 Zoroastren
1022 1926 1098 1987 hunc

59 2027 86 2068 20
95 2029 151 2072 sex
165 2009 281 2068 milibus
293 2027 430 2070 annorum
447 2020 512 2069 ante
521 2009 649 2070 Platonis
663 2018 784 2069 mortem
798 2010 889 2070 fuisse
901 2010 1036 2088 prodidit,
1053 2011 1097 2069 sic

95 2103 124 2154 et
140 2093 328 2152 Aristoteles.
358 2093 534 2172 Hermippus
550 2094 647 2172 quide
668 2102 729 2154 tota
748 2103 809 2152 arte
825 2111 859 2153 ea
877 2094 1126 2170 diligentissimae

95 2179 213 2255 scripsit
226 2185 257 2236 et
271 2178 383 2236 viciens
399 2186 512 2236 eentum
528 2178 605 2237 milia
620 2195 753 2237 versuum
769 2195 785 2237 a
802 2177 959 2237 Zoroastre
980 2177 1096 2237 condita

95 2260 239 2320 iudicibus
255 2277 370 2339 qnoque
388 2262 561 2320 voluminum
580 2263 642 2320 eius
658 2263 760 2339 positis
777 2261 960 2340 explanavit,
974 2279 1095 2340 praeoe-

98 2353 212 2422 ptorem
235 2361 331 2421 aquo
354 2346 510 2404 institutum
533 2345 645 2405 diceret
668 2345 784 2404 tradidit
799 2344 978 2420 Agonacen,
1003 2346 1096 2422 ipsum

59 2443 170 2486 nevero
186 2429 311 2504 quinque
331 2427 445 2487 milibus
461 2445 596 2486 annorum
613 2436 679 2486 aute
696 2427 849 2487 Troianum
859 2427 973 2486 >bellum
994 2427 1095 2487 inisse.

95 2513 197 2572 mirum
214 2510 271 2571 hoo
285 2512 314 2570 in
328 2511 437 2588 primis,
455 2511 574 2570 durasse
590 2512 755 2569 memoriam
768 2519 916 2588 artemque
931 2518 988 2568 tam
1003 2509 1095 2584 longo

94 2612 171 2654 aevo
193 2595 405 2653 commentariis
419 2611 476 2654 non
491 2591 747 2670 intercedentibus,
768 2601 922 2672 praeterea
936 2610 992 2651 nec
1008 2591 1096 2650 elaris

94 2696 150 2738 nec
166 2677 307 2736 continuis
323 2677 557 2736 successionibus
581 2676 760 2736 custoditam.
801 2675 1000 2754 quotusenim
1021 2675 1123 2754 quis-5

95 2779 152 2840 que
165 2760 261 2821 auditu
273 2760 375 2820 saltem
388 2762 522 2836 cognitos
532 2759 629 2836 habet,
642 2761 691 2838 qui
706 2759 762 2818 soli
778 2761 967 2832 nominantur,
979 2758 1095 2837 Apusc-

60 2862 158 2910 aorum
176 2853 205 2903 et
220 2843 352 2903 Zaratum
363 2843 476 2919 Medos,
494 2844 729 2921 Babyloniosque
741 2842 912 2902 lllarmarum
923 2851 953 2900 et
963 2840 1094 2902 Araban·

95 2929 262 3008 tipbocum,
286 2937 334 2986 aut
350 2927 501 3002 Assyrium
517 2927 733 3002 Tarmoendam,
753 2942 872 3003 quorum
888 2923 966 2984 nulla
981 2932 1096 2985 exstant

93 3007 291 3072 monimenta?
311 3029 442 3071 maxume
462 3019 558 3070 tameo
579 3012 679 3078 mirum
694 3018 739 3068 est
753 3011 782 3067 in
796 3008 876 3068 bello
892 3007 1019 3068 Troiano
1034 3017 1094 3066 tan-

94 3106 152 3156 tum
169 3095 206 3154 de
224 3103 286 3152 arto
303 3111 338 3152 ea
349 3093 493 3154 silentium
506 3093 739 3154 luisseHomero
755 3101 919 3169 tantumque
937 3094 1036 3170 operis
1055 3109 1094 3150 ex

94 3179 199 3239 eadem
224 3179 254 3236 in
281 3177 376 3238 Ulixis
398 3178 562 3254 erroribus,
595 3176 668 3236 adeo
698 3185 728 3234 ut
753 3175 819 3235 idea
844 3183 992 3252 totumque
1021 3191 1096 3253 opus

61 3277 152 3322 tunon
170 3260 286 3321 aliunde
302 3270 423 3338 constet,
439 3261 581 3339 siquidem
597 3260 701 3321 Protea
717 3267 746 3318 et
760 3259 891 3318 Sirenum
904 3265 1003 3316 cantus
1019 3257 1125 3336 epodo

94 3363 160 3407 eum
176 3362 235 3404 non
251 3345 334 3403 aliter
349 3344 479 3420 intellegi
492 3344 603 3420 volunt,
619 3341 704 3402 Circe
718 3341 817 3420 ntique
838 3351 867 3401 et
881 3340 1003 3400 inlermu
1027 3359 1096 3402 evo-

96 3431 213 3492 catione
227 3427 286 3486 hoc
307 3428 399 3486 solnm
415 3429 472 3504 agi.
504 3445 560 3487 neo
581 3435 684 3504 postea
708 3427 857 3503 quisquam
879 3423 949 3484 dixit
972 3441 1096 3501 quonum

93 3513 182 3574 modo
193 3511 490 3570 uenissetTelmesnm
502 3509 749 3588 religiosissimam
760 3509 870 3586 urbem,
883 3505 988 3589 quand<
