2504 3930
168 243 231 306 270
511 255 542 306 o.
556 257 651 306 eninr
670 257 820 306 secunus

168 411 232 472 dum
250 420 346 470 terrae
362 408 500 470 imbribus
515 411 655 470 sicciores
670 411 755 485 liunt,
771 411 892 471 velutin
906 410 1059 470 Narniensi
1074 427 1162 489 agro,

168 495 246 573 quod
261 493 431 554 admirandis
446 495 505 552 suis
519 494 638 553 inseruit
651 494 688 555 bl.
708 493 829 570 Cicero,
847 495 976 554 siccitate
992 494 1081 554 lutum
1097 496 1163 554 fleri
1249 561 1250 570 χ

168 577 312 655 prodens,
327 577 419 634 imbre
438 576 598 654 pulverum.

124 671 159 724 52
231 659 315 739 (29.)
346 659 443 718 Omnis
469 677 541 737 aqua
566 659 659 718 hieme
685 659 796 719 dulcior
822 668 882 735 est,
916 669 1027 720 aestate
1055 661 1159 736 minus,

167 752 297 803 autumno
319 744 458 817 minume,
479 744 628 819 minusque
648 760 702 819 per
721 744 876 803 siccitates.
915 761 1008 820 neque
1028 744 1183 821 aequalina

167 829 287 886 amnium
298 825 466 903 plerumque
477 835 578 901 gustus
590 835 634 886 est
647 842 748 901 magna
761 827 837 886 alvei
852 825 1022 886 differentia.
1049 829 1161 905 quippe

165 909 239 970 tales
254 918 318 968 sunt
330 926 422 986 aquae
439 908 531 985 qualis
549 917 626 968 terra
644 927 697 987 per
715 926 797 986 quam
813 909 901 969 fluunt
917 909 1078 986 qualesque
1093 909 1160 970 ber·

167 993 265 1052 barum
280 1009 351 1068 quas
368 992 462 1052 lavant
484 992 555 1052 suci.
591 1008 664 1068 ergo
679 991 765 1053 iidem
781 1010 880 1052 amnes
899 1001 980 1070 parte
995 992 1092 1071 aliqua
1113 1011 1160 1053 re-

165 1077 313 1153 periuntur
332 1074 502 1134 insalubres.
533 1085 639 1135 mutant
661 1091 794 1154 saporem
815 1085 844 1134 et
863 1075 1016 1135 influentes
1035 1077 1107 1152 rivi,
1130 1084 1162 1136 ut

164 1157 379 1233 Borysthenen,
393 1159 519 1234 victique
535 1158 685 1218 diluuntur.
715 1159 801 1236 aliqui
812 1176 883 1218 vero
901 1167 930 1218 ει
944 1157 1034 1218 imbre
1049 1167 1158 1218 mutau—
1170 1180 1198 1222 1a

165 1251 219 1300 tur.
252 1249 297 1300 ter
319 1240 423 1301 accidit
435 1243 463 1299 iu
479 1241 613 1320 Bosporo
633 1251 663 1300 ut
684 1242 757 1302 salsi
772 1242 940 1302 deciderent
961 1251 1162 1320 necarentque

164 1324 320 1398 frumenta,
338 1326 443 1384 totiens
459 1332 487 1383 ει
502 1325 560 1384 Nili
581 1326 661 1401 rigna
681 1325 796 1404 pluviae
816 1343 911 1386 amara
934 1324 1036 1384 iecere
1055 1342 1161 1400 magua

165 1406 329 1486 pestilentia
345 1406 484 1484 Aegypti.

122 1501 160 1555 53
229 1490 313 1568 (30.)
341 1489 502 1549 Nascuntur
523 1490 619 1550 fontes
643 1490 750 1550 decisis
771 1491 940 1569 plerumque
963 1490 1061 1565 silvis,
1084 1507 1160 1567 quos

165 1572 297 1632 arborum
323 1572 455 1632 alimenta
478 1572 698 1648 consumebant,
724 1575 797 1634 sicut
818 1575 846 1633 in
870 1573 978 1634 Haemo
1004 1571 1158 1633 obsidente
1171 1585 1197 1626 1⁵

164 1654 262 1718 Gallos
279 1654 459 1730 Cassandro,
483 1674 548 1716 cum
565 1657 635 1716 valli
653 1658 744 1733 gratia
764 1657 851 1716 silvas
874 1657 1058 1716 cecidissent.
1095 1657 1158 1734 ple-

164 1757 282 1817 rumque
303 1756 373 1798 vero
389 1739 516 1798 damnosi
534 1749 678 1800 torrentes
695 1742 876 1800 conrivantur
892 1740 1020 1800 detracta
1033 1739 1159 1800 collibus

164 1822 236 1881 silva
252 1823 401 1882 continere
416 1822 527 1882 nimbos
542 1841 578 1882 ac
589 1823 724 1900 digerere
738 1831 885 1884 consueta.
914 1831 944 1882 et
960 1823 1018 1882 coli
1032 1825 1158 1882 moveri·

164 1923 220 1982 que
237 1914 341 1965 terram
359 1905 519 1983 callumque
541 1924 665 1965 summae
682 1909 753 1966 cutis
775 1907 849 1966 'solvi
869 1923 1004 1983 aquarum
1025 1907 1156 1966 interest.

163 1988 291 2066 proditur
312 1997 392 2046 carte
413 1989 440 2046 in
466 1987 551 2048 Creta
580 1999 744 2066 expugnato
768 1989 875 2066 oppido
900 1988 976 2065 quod
997 1988 1157 2048 vocabatur
1167 2002 1194 2042 aa

161 2070 288 2130 Arcadia
304 2088 438 2130 cessasse
452 2072 540 2131 fontis
555 2075 701 2149 amnisque
719 2074 767 2150 qui
789 2075 817 2130 in
840 2089 876 2130 eo
897 2073 951 2131 situ
975 2070 1054 2129 multi
1078 2080 1159 2130 erant

161 2171 260 2212 rursus
277 2153 392 2212 condito
418 2163 485 2230 post
505 2171 559 2213 sex
576 2171 666 2214 anuos
688 2157 856 2229 emersisse,
877 2163 906 2212 ut
928 2171 1063 2232 quaeque
1092 2171 1157 2214 coe·

42 2284 47 2296 ,
160 2236 382 2313 pissentpartes
401 2237 468 2296 coli.

119 2329 153 2384 54
228 2319 257 2378 5.
286 2317 395 2378 Terrae
416 2337 531 2397 quoque
549 2328 642 2378 motus
662 2320 834 2398 profundunt
856 2319 1034 2398 sorbentque
1051 2336 1163 2396 aquas,¹

160 2401 235 2462 siout
251 2402 328 2460 circa
350 2401 495 2462 Pheneum
517 2401 661 2462 Arcadiae
678 2405 847 2481 quinquiens
868 2404 1011 2463 accidisse
1029 2409 1156 2462 constat.
1168 2413 1192 2454 tt

161 2486 204 2544 sic
230 2493 259 2542 ει
286 2486 313 2542 iu
341 2483 457 2559 Coryco
482 2494 577 2545 moute
607 2489 696 2546 amuis
724 2487 817 2564 erupit
839 2495 1000 2564 posteaque
1031 2494 1158 2563 coeptus

161 2576 205 2628 est
223 2568 288 2628 coli.
318 2567 366 2628 illa
382 2570 499 2628 mutatio
517 2570 603 2642 mira,
620 2569 667 2627 ubi
683 2587 767 2628 causa
783 2567 859 2628 nulla
882 2569 1001 2628 evidens
1021 2568 1158 2646 adparat,

161 2652 234 2710 sicut
254 2652 283 2709 iu
305 2651 452 2728 Magnesia
478 2670 494 2710 e
517 2649 609 2710 calida
629 2651 703 2710 iacta
725 2651 845 2726 frigida,
873 2652 943 2711 salis
963 2669 1020 2712 non
1045 2659 1158 2711 mutato

160 2750 283 2810 sapore,
306 2743 334 2793 et
357 2736 385 2792 in
409 2732 510 2808 Caria,
532 2733 580 2794 ubi
598 2734 723 2811 Neptuni
747 2735 883 2811 templum
903 2743 964 2808 est,
994 2735 1084 2794 amuis
1108 2735 1159 2812 qui

117 2816 256 2880 soluerat
281 2815 464 2890 ante,dulcis
484 2825 607 2876 mutatus
629 2818 658 2874 in
681 2817 770 2876 salem
795 2825 849 2876 est.
896 2826 926 2876 et
951 2817 1000 2876 illa
1022 2816 1191 2876 miraculiao

159 2899 254 2976 plena,
269 2897 441 2958 Arethusam
457 2901 608 2974 Syracusis
621 2901 712 2960 onum
728 2899 862 2958 redolere
880 2916 932 2977 per
945 2899 1089 2977 Olympia,
1105 2916 1157 2957 ve·

159 2984 242 3058 rique
261 2982 369 3058 simile,
386 2985 517 3059 quoniam
533 2981 664 3059 Alpheus
677 2983 705 3040 in
719 2999 780 3042 eam
797 2983 915 3042 insulam
931 2982 982 3041 sub
995 2984 1050 3042 ima
1066 2982 1158 3042 maria

160 3074 298 3142 permeet.
326 3064 503 3124 Rhodiorum
521 3065 586 3128 fons
602 3067 631 3122 in
648 3063 851 3124 Chersonneso
866 3083 942 3124 nono
957 3083 1031 3124 anno
1048 3082 1156 3144 purga·

158 3156 252 3206 mente
269 3149 371 3223 egerit.
402 3156 541 3208 mutantur
563 3157 591 3207 et
607 3148 723 3207 colores
745 3166 896 3225 aquarum,
914 3150 988 3207 sieut
1002 3147 1156 3223 Babylone

116 3241 151 3294 56
163 3229 243 3289 lacus
259 3239 368 3291 aestate
384 3229 485 3290 rubras
500 3229 586 3290 habet
601 3229 700 3288 diebus
715 3229 764 3290 XI.
798 3241 825 3290 et
839 3231 1034 3306 Borysthenes
1058 3239 1189 3290 aesta-³⁵

158 3314 196 3370 tis
211 3313 386 3390 temporibus
405 3313 554 3372 caeruleus
570 3315 676 3387 lertur,
693 3332 861 3392 quamquam
877 3315 997 3374 omnium
1013 3332 1154 3393 aquarum

157 3394 356 3470 tenuissimus,
371 3396 496 3473 ideoque
511 3398 640 3455 innatans
657 3395 784 3474 Hypani,
805 3399 832 3455 in
848 3415 905 3474 quo
921 3405 949 3456 et
969 3395 1038 3456 illud
1066 3400 1151 3458 mira·

157 3474 232 3552 bile,
252 3479 354 3537 austris
371 3477 503 3539 dantibus
519 3481 698 3556 superiorem
712 3479 850 3560 Hypanim
875 3482 945 3540 deri.
982 3479 1032 3540 sed
1053 3483 1149 3539 tenni·
