2508 3924
342 235 528 283 ιιιτιμιιιιιι.
545 235 643 282 xxm.
658 233 685 287 ι.
702 223 854 300 (aa—at.)
1024 223 1082 282 ιιι

104 398 251 464 tenesmo,
267 389 397 461 iocineri,
416 388 543 464 renibus,
559 389 689 462 vesicae,
707 398 806 448 contra
822 387 978 463 cruditatis,
995 389 1087 464 suspi-

104 475 154 532 ria.
191 473 287 548 itaque
303 473 386 529 etiam
402 471 524 530 faciendi
540 472 602 530 eius
620 481 731 530 exstant
747 479 912 548 praecepta.
939 471 1130 535 elhoacius80
1163 520 1165 530 ι

104 559 178 616 enim
196 557 281 631 coqui
296 573 357 613 cum
373 554 455 612 olere
469 557 576 614 marino
594 563 641 614 aut
656 555 741 628 cybio
762 562 809 613 aut
822 557 938 632 cappari
960 562 1007 612 aut
1022 556 1087 630 apio

104 647 151 700 aut
171 638 261 698 herba
281 637 459 713 Mercuriali,
486 637 643 716 polypodio
672 647 718 697 aut
738 646 842 713 aneto,
864 636 1012 696 utilissime
1040 654 1088 696 an·
1162 661 1163 664 ¹
1238 701 1241 708 .

81 733 163 781 atem
178 723 207 780 in
224 723 333 797 congiis
347 721 437 780 tribus
454 739 545 799 aquae
561 721 596 780 ad
611 723 662 779 tris
675 719 803 780 heminas
819 738 881 779 cum
902 737 989 798 supra
1006 719 1089 778 dictis

2 817 8 834 ·
105 805 201 864 herbis
220 814 249 863 et
269 806 468 880 refrigeratum
484 805 536 864 sub
559 805 681 863 dindari
703 805 880 882 tempestivis
901 802 1088 862 antecedente

105 889 270 948 vomitione.
304 887 370 947 Nou
393 887 555 965 praeteribo
576 889 740 946 miraculum
759 905 927 964 quamquam
947 887 981 945 ad
1002 886 1089 944 medi·

106 974 197 1032 cinam
217 990 275 1030 non
298 973 459 1048 pertinens:
491 973 514 1029 si
535 987 603 1030 auro
621 971 791 1047 liquescenti
815 971 981 1046 gallinarum
1004 987 1088 1027 mem·

106 1056 157 1114 bra
172 1057 360 1129 misceantur,
382 1064 547 1112 consumunt
567 1053 594 1112 id
615 1055 643 1110 in
663 1073 703 1112 sc.
734 1056 772 1113 ita
795 1054 851 1113 hoc
869 1070 1009 1111 venenum
1030 1054 1090 1110 auri

74 1156 99 1195 io
110 1147 163 1196 ιιι.
192 1147 220 1198 ιι
233 1139 385 1214 gallinacei
398 1139 453 1215 ipsi
469 1137 576 1196 circulo
592 1139 752 1196 eramentis
769 1137 863 1196 addito
874 1137 903 1194 in
914 1135 1018 1194 collum
1033 1153 1089 1194 non

109 1231 219 1280 canunt.
688 1223 689 1228 ’

169 1305 252 1382 (26.)
274 1305 433 1363 Auxiliatnr
460 1312 559 1363 contra
585 1304 728 1381 serpentis
750 1312 779 1361 et
801 1302 992 1362 columbarum
1018 1318 1085 1360 caro
1097 1311 1129 1363 81

108 1406 211 1448 recens
237 1397 392 1466 concerpta
419 1395 449 1444 et
472 1386 660 1463 hirundinum,
688 1385 808 1445 bubonis
835 1386 925 1462 pedes
955 1386 1008 1444 usti
1027 1401 1089 1442 cum

108 1471 290 1549 plumbagine
306 1470 405 1529 herba
437 1470 500 1530 Nec
515 1472 639 1528 omittam
660 1471 687 1528 in
707 1469 761 1528 hac
776 1485 890 1546 qnoque
907 1468 973 1526 alite
992 1485 1088 1525 exem·

76 1555 186 1634 replum
201 1556 329 1630 magicae
352 1554 501 1627 vanitatis,
524 1554 630 1631 quippe
652 1561 766 1630 praeter
787 1551 895 1628 reliqna
923 1559 1089 1630 portentosa

106 1637 255 1697 mendacia
272 1653 323 1695 cor
338 1638 399 1694 eius
414 1637 565 1714 inpositum
582 1653 718 1694 mammae
733 1635 857 1692 mulieris
873 1633 1076 1692 dormientis
1053 1651 1088 1690 ιι-

83 1725 225 1780 nistrae
230 1719 340 1778 tradunt
353 1719 471 1778 efficere
486 1728 516 1778 nt
533 1720 625 1778 omnia
641 1727 754 1778 secreta
769 1719 945 1796 pronuntiet,
963 1725 1089 1792 praeter·

108 1823 143 1864 ea
166 1804 193 1861 in
210 1821 332 1881 pugnam
348 1802 466 1861 ferentis
488 1801 516 1860 id
530 1803 611 1860 iortis
626 1803 696 1860 heri.
730 1801 856 1860 eiusdem
871 1817 927 1858 ovo
948 1800 983 1857 ad
1001 1798 1087 1876 eapil-
1098 1807 1132 1860 82

109 1889 165 1948 lum
180 1885 305 1945 remedia
320 1885 522 1944 ιιιιιιιιιιιιιιιιι.
535 1887 609 1971 quis
624 1894 727 1960 autem,
740 1901 859 1962 quaeso,
875 1901 960 1944 ovom
970 1880 1091 1940 bubonis

74 1995 100 2032 ac
110 1988 238 2068 umquam
251 1969 346 2027 visere
358 1970 464 2066 potpit,
481 1986 542 2026 cum
554 1970 657 2066 ipsam
658 1986 738 2026 avem
749 1969 854 2026 vidisse
866 1966 1025 2062 prodigium
1037 1961 1091 2022 sit?

108 2057 173 2131 quis
188 2053 284 2128 utique
297 2054 422 2129 experiri
437 2061 465 2110 et
479 2054 634 2129 praecipue
649 2053 676 2109 in
690 2049 815 2128 capillol
831 2051 967 2125 sanguine
980 2047 1093 2124 quidem

109 2137 180 2215 pulli
196 2135 318 2194 bubonis
337 2136 548 2212 etiamcrispari
551 2135 696 2212 capillum
708 2136 880 2211 promittunt,
902 2131 989 2190 (luins
1002 2149 1088 2206 gene·
1100 2139 1134 2192 83

62 2251 64 2255 ·
111 2222 151 2278 ris
167 2236 260 2297 prope
275 2219 366 2277 videri
381 2221 493 2296 possint
513 2237 585 2296 qnae
604 2218 715 2276 tradunt
731 2227 759 2276 et
778 2217 813 2275 de
829 2215 1049 2294 vespertilione,
1069 2215 1093 2271 si

112 2312 158 2361 ter
173 2301 351 2361 circumlatus
368 2302 461 2361 domui
478 2303 563 2360 vivos'
577 2320 629 2378 per
643 2302 796 2360 fenestram
812 2301 926 2358 inverso
944 2299 1038 2376 capite
1054 2297 1092 2353 in-

77 2386 228 2460 ualigatnr‚
251 2385 401 2444 amuletum
423 2403 501 2460 esse,
523 2387 709 2462 privatimque
732 2382 852 2442 ovilibus
877 2383 1093 2457 circumraptum

112 2470 216 2528 totiens
243 2477 272 2526 et
299 2467 421 2545 pedibus
449 2485 618 2545 suspensum
646 2469 673 2524 in
699 2466 891 2543 superlimine.
927 2465 1093 2538 sanguinem

112 2569 227 2651 quoque
243 2553 304 2610 eius
320 2569 381 2610 cum
401 2551 507 2610 carduo
522 2558 620 2608 contra
637 2551 809 2626 serpentium
833 2549 905 2606 lctus
922 2549 995 2604 iuter
1010 2561 1092 2622 prae

101 2637 197 2714 cipue
214 2634 336 2694 laudant.

177 2717 259 2794 (27.)
282 2717 465 2794 Phalangium
483 2726 526 2776 est
543 2715 642 2775 Italiae
664 2677 789 2791 ignotum
812 2720 840 2770 et
862 2691 981 2789 plurium
1002 2727 1090 2783 gene·
1080 2719 1135 2771 -el

79 2819 191 2860 corum:
207 2819 290 2858 unum
307 2802 398 2859 simile
414 2801 566 2874 formicae
589 2799 639 2858 sed
658 2797 744 2856 multo
768 2797 874 2870 mains,
902 2794 965 2853 rulo
987 2793 1128 2868 capite,

112 2884 225 2960 reliqua
247 2893 328 2960 parte
350 2885 483 2961 corporis
503 2885 599 2958 nigra,
632 2882 705 2940 albis
730 2883 828 2956 guttis.
856 2877 990 2936 acerbior
1013 2875 1095 2933 huius

76 2986 78 2989 ’
114 2985 198 3044 quam
213 2984 321 3043 vespae
337 2968 419 3025 retus
455 2968 524 3024 vtvrt
538 2983 665 3024 maxume
683 2981 759 3023 circa
774 2963 872 3021 lurnos
891 2970 919 3018 et
934 2960 1034 3017 molas
1067 2961 1095 3015 in

113 3049 242 3110 remedio
258 3058 313 3125 est,
332 3052 356 3108 si
370 3051 433 3127 quis
446 3048 569 3107 eiusdem
581 3051 696 3124 generis
711 3047 829 3104 alterum
845 3042 984 3123 percusso
1001 3050 1093 3100 osten·

114 3135 173 3206 dat,
192 3141 221 3191 et
235 3132 270 3192 ad
285 3093 341 3190 hbe
358 3133 628 3191 servanturmortui
658 3131 836 3189 inveniuntur
856 3137 885 3187 et
905 3127 1029 3186 cortices
1045 3141 1094 3182 eo·

79 3233 176 3274 esrum
200 3216 248 3292 qni
270 3215 327 3273 triti
348 3225 377 3278 et
392 3217 451 3293 poti
464 3215 626 3289 medentur,
644 3213 782 3272 mustelae
804 3211 903 3287 catuli,
925 3218 954 3267 ut
976 3207 1095 3266 diximus
1108 3227 1131 3258 ιο

115 3317 214 3376 supra
250 3315 341 3375 aeque
364 3298 536 3374 phalangion
560 3297 662 3358 Graeci
682 3304 787 3354 vocant
807 3297 880 3354 inter
901 3309 1009 3368 genera
1029 3308 1088 3348 ara·
1104 3299 1135 3352 85

17 3458 20 3462 ,
114 3399 244 3456 neotum,
258 3380 310 3439 sed
326 3380 479 3458 dustrrguut
492 3382 551 3460 lupr
568 3398 688 3440 nomme
709 3380 821 3439 tertium
833 3395 923 3453 genus
932 3384 979 3432 est
995 3373 1096 3433 eodem
1176 3375 1178 3379 ’

114 3465 251 3544 phalangi
280 3464 393 3524 nomine
420 3483 540 3526 araneus
567 3466 751 3540 lanuginosus
776 3460 963 3540 grandissimo
991 3459 1095 3536 capite.
