2430 3896
72 245 110 293 tv
472 239 669 289 PRAEFATIO

73 421 134 459 nem
149 402 315 472 habeamus,
331 401 459 474 inprimis
474 402 502 456 in
519 401 666 457 herbarum
683 401 857 473 nominibus,
874 403 902 458 in
918 403 1017 474 quibus
1030 404 1089 460 bic,

72 487 160 557 magis
177 503 256 557 quam
273 486 387 542 codices
403 485 519 542 Pliniani
542 486 658 541 inclinat
672 486 707 542 ad
723 485 830 542 Graeca
850 487 1004 557 elementa,
1026 490 1080 544 sed

73 588 152 642 quum
170 571 243 642 quod
261 587 342 626 unum
365 576 456 626 exstat
476 571 536 626 eius
558 568 701 642 exemplar
716 571 930 628 mendosissime
946 572 983 626 sit
1005 573 1079 628 scri-

71 661 162 728 ptum,
188 660 316 710 accurata
333 660 376 710 est
393 655 619 724 examinandum,
642 654 708 726 quid
726 659 773 710 aul
790 655 920 726 analogia
937 671 1079 711 commen-

72 739 152 794 detur
168 745 214 795 aut
231 739 410 810 etymologia.

134 822 209 878 llaec
234 825 302 878 vero
324 824 433 878 nomina
458 822 601 878 scribendi
626 821 698 878 ratio
724 823 776 878 bos
801 822 891 878 libros
919 824 1078 879 emendanti

71 909 215 963 maximam
235 907 317 964 allcrt
338 907 545 976 difficultatem,
577 923 629 978 qua
654 907 763 979 quidem
784 907 812 961 in
834 924 865 962 re
886 909 969 980 paulo
994 908 1078 964 aliam

70 992 143 1048 viam
161 991 306 1061 ingressus
329 1008 389 1048 sum
405 996 487 1062 atque
510 991 539 1045 in
561 991 717 1049 nominibus
732 992 933 1063 geographicis
949 993 1011 1065 plus
1027 1009 1077 1048 au-

71 1075 209 1132 ctoritatis
233 1075 381 1131 tribuendo
398 1075 514 1132 Graecis
536 1075 740 1148 scriptoribus,
767 1091 929 1146 quamquam
945 1078 1078 1148 -quod

71 1160 173 1215 dictum
194 1160 231 1215 sit
249 1159 323 1215 bona
345 1177 415 1232 pace
436 1160 565 1216 censoris
580 1159 748 1215 Viennensis
756 1153 784 1234 *)
800 1188 839 1198 -—
861 1161 889 1215 in
903 1161 947 1217 bis
966 1176 1076 1232 quoque

71 1245 175 1299 Plinius
192 1244 340 1314 aliquando
357 1245 483 1300 confudit
497 1245 606 1300 litteras
624 1243 759 1312 Graecas,
781 1249 811 1300 ut
827 1241 853 1298 O
869 1251 896 1299 et
911 1240 936 1300 Θ
952 1240 1024 1318 (vid.
1040 1245 1077 1301 ad

69 1347 96 1400 p.
113 1333 173 1386 211.
189 1323 270 1402 132)
287 1329 437 1385 scribendo
460 1328 641 1400 tbriponum,
663 1334 690 1383 ct
701 1325 730 1380 E
744 1334 772 1383 et
786 1327 817 1382 Σ
830 1324 901 1401 (vid.
918 1330 953 1385 ad
969 1347 996 1401 p.
1013 1333 1074 1387 244.

71 1413 89 1467 1.
103 1409 152 1486 28)
170 1429 205 1466 ex
221 1413 361 1468 adiectivo
374 1398 488 1485 ὀρεινὸς
503 1412 632 1470 faciendo
648 1428 747 1467 nomen
765 1414 908 1468 orsinum.

135 1495 200 1550 Cum
217 1496 280 1552 aliis
298 1497 326 1551 in
343 1499 427 1552 rebus
443 1504 497 1552 turn
513 1498 540 1552 in
556 1497 599 1552 bis
616 1496 773 1552 nominibus
790 1497 863 1568 quod
880 1513 911 1552 ea
928 1513 998 1567 quae
1018 1496 1077 1552 Sil-

70 1580 166 1651 ligium
189 1581 249 1635 lere
272 1587 385 1636 secutus
407 1581 509 1654 scripsi
533 1581 560 1636 in
590 1579 730 1636 indicibus
751 1580 816 1635 libri
836 1581 857 1634 l.
881 1595 936 1634 non
962 1580 1075 1636 omnino

70 1670 226 1734 congruant
247 1681 307 1718 curn
330 1665 365 1720 iis
391 1682 460 1736 quae
483 1665 511 1719 in
532 1666 586 1720 boc
601 1659 742 1720 volumine
765 1659 856 1733 edidi,
877 1664 1005 1735 equidem
1032 1661 1075 1720 la-

69 1754 132 1804 teor
148 1765 190 1802 me
214 1749 322 1803 dolere.
345 1767 420 1814 nam,
446 1750 514 1803 licet
541 1765 641 1804 verear
662 1765 697 1803 ue
719 1747 837 1803 Monetas
862 1749 953 1804 deuuo
978 1749 1006 1803 in
1031 1755 1076 1804 tlte

69 1832 194 1903 requirat
216 1849 330 1888 acumen
358 1833 464 1903 ingenii
493 1849 547 1904 quo
576 1849 646 1904 opus
671 1832 708 1888 sit
735 1839 820 1888 artem
842 1833 968 1889 criticam
991 1849 1076 1889 exer-

69 1909 218 1987 centi**)‚
249 1921 394 1986 antequam
412 1917 472 1971 eius
491 1922 651 1988 argumenta
670 1931 849 1986 cognovero,
877 1915 942 1972 illos
965 1916 1074 1972 indices

69 2016 124 2055 nou
148 1999 366 2054 abiudicarerim
386 2000 476 2056 Plinio
503 2001 549 2071 qui
570 2000 598 2054 in
617 2001 669 2055 line
691 2000 828 2071 epistolae
854 2000 1075 2073 nuncupatoriae

68 2082 213 2155 pollicitus
230 2089 319 2138 estse
339 2084 364 2138 ei
381 2101 445 2140 esse
461 2084 668 2140 subiuncturum
689 2083 755 2156 quid
773 2083 891 2156 singulis
908 2084 989 2140 libris
1005 2100 1073 2140 con-

68 2167 213 2222 tineretur.
249 2165 305 2221 Sed
322 2184 392 2238 quae
414 2168 589 2240 discrepant,
611 2185 660 2238 ea,
677 2185 758 2238 quum
776 2184 916 2240 perpauca
935 2169 1075 2224 excedunt

69 2250 301 2320 othograpbiam‚
327 2251 442 2308 minoris
454 2252 583 2308 momenti
603 2259 666 2307 sunt
681 2250 764 2322 'quarn
780 2269 850 2323 quae
863 2252 909 2307 bio
924 2257 1072 2324 ponantur.

133 2333 283 2389 (lodicibus
297 2335 418 2406 denique
436 2335 641 2408 manuscriptis
655 2336 819 2407 ubicumque
830 2335 908 2408 potui
920 2336 1073 2392 obsecutus

68 2434 122 2474 non
142 2417 264 2472 dubitavi
282 2434 377 2474 eorum
397 2436 534 2475 consensu
549 2425 719 2492 provocatus
739 2419 867 2492 recipere
889 2436 959 2490 quae
976 2438 991 2477 a
1011 2421 1074 2476 vul-

68 2508 134 2572 gato
150 2517 200 2556 usu
217 2502 415 2574 abborrerent,
435 2509 465 2559 ut
485 2500 534 2577 (18
551 2500 605 2576 §§.
619 2509 661 2562 16.
679 2510 706 2559 et
723 2499 799 2578 162.)
823 2517 917 2558 cerum
936 2505 1073 2576 secundo,

68 2591 97 2640 at
111 2591 145 2642 22
162 2581 235 2656 §ffl-
253 2599 316 2641 cero
338 2587 428 2659 primo
449 2589 514 2644 loco
530 2587 659 2660 positum.
703 2586 883 2644 coniecturas
899 2604 954 2643 uon
974 2589 1073 2644 admisi

66 2669 122 2724 nisi
135 2675 182 2724 aut
194 2668 307 2726 codices
322 2671 479 2728 indicarent
491 2669 620 2744 corrupta
636 2688 700 2728 esse
713 2687 783 2743 qaae
796 2671 825 2727 in
840 2672 963 2742 vulgatis
977 2689 1072 2728 exem-

67 2752 193 2825 plaribus
211 2754 391 2826 legerentur,
412 2757 468 2828 ipsi
481 2772 549 2812 vero
568 2773 624 2812 oon
640 2760 745 2811 certum
760 2756 929 2827 praeberent
948 2757 1072 2812 medica-

67 2841 200 2906 mentum,
220 2843 266 2893 aut
286 2855 385 2895 sensus
407 2840 546 2910 flagitaret
566 2847 595 2894 ut
618 2857 687 2911 quae
712 2839 876 2910 legerentur
894 2841 922 2896 in
944 2841 1071 2913 utrisque

67 2925 253 2992 mutarentur,
286 2924 339 2979 sed
363 2925 491 2996 equidem
514 2930 590 2980 certe
613 2924 734 2980 arbitror
757 2941 837 2995 quarn
863 2924 1001 2980 artissime
1027 2941 1071 2980 me

66 3005 207 3076 pressisse
227 3005 353 3063 codicum
372 3009 502 3080 vestigia.
549 3008 623 3079 quod
641 3014 729 3064 utrum
748 3009 864 3064 fecerim
881 3025 930 3077 au,
948 3009 977 3064 id
996 3010 1071 3079 quod

67 3088 132 3144 mibi
151 3091 348 3161 exprobratum
366 3098 425 3164 est,
446 3110 501 3150 non
521 3093 575 3148 nisi
591 3093 714 3148 secundo
732 3092 797 3148 loco
818 3109 867 3148 eos
886 3091 1070 3163 adhibuerim,

65 3172 190 3229 iudicent
211 3174 268 3230 alii.
936 3219 939 3224 -

130 3257 292 3336 Scribebam
306 3261 468 3320 Suevoiurti
480 3261 552 3334 prid.
570 3261 608 3316 id.
623 3261 730 3317 lanuar.
744 3259 942 3316 uuoccuvll.

62 3369 279 3383 *m

19 3457 26 3468 ·
134 3423 164 3489 *)
178 3407 216 3479 Gi.
231 3427 392 3478 Katholische
406 3425 633 3491 Literaturzeitung
646 3423 721 3476 1856.
737 3425 767 3474 N.
782 3425 826 3478 27.
839 3439 867 3490 p.
882 3423 940 3477 208.

109 3491 161 3560 '**)
177 3495 611 3562 011111111111811(1111111111.
625 3495 701 3547 Liter.
719 3494 794 3547 1856.
813 3494 843 3548 Ν.
851 3497 893 3544 42.
909 3509 936 3560 p·
948 3494 1007 3550 660.

463 3621 668 3632 σ--.-..μ-.-
