<?xml version="1.0" encoding="UTF-8"?>
<!DOCTYPE html PUBLIC "-//W3C//DTD XHTML 1.0 Transitional//EN"
    "http://www.w3.org/TR/xhtml1/DTD/xhtml1-transitional.dtd">
<html xmlns="http://www.w3.org/1999/xhtml" xml:lang="en" lang="en">
 <head>
  <title>
</title>
<meta http-equiv="Content-Type" content="text/html;charset=utf-8" />
  <meta name='ocr-system' content='tesseract 3.04.00' />
  <meta name='ocr-capabilities' content='ocr_page ocr_carea ocr_par ocr_line ocrx_word'/>
</head>
<body>
  <div class='ocr_page' id='page_1' title='image "./naturalishistor00plingoog_0329.png"; bbox 0 0 2406 3914; ppageno 0'>
   <div class='ocr_carea' id='block_1_1' title="bbox 0 1424 3 1981">
    <p class='ocr_par' dir='ltr' id='par_1_1' title="bbox 0 1424 3 1981">
     <span class='ocr_line' id='line_1_1' title="bbox 0 1424 3 1981; baseline 0 0"><span class='ocrx_word' id='word_1_1' title='bbox 0 1424 3 1981; x_wconf 95' lang='lat' dir='ltr'><strong> </strong></span> 
     </span>
    </p>
   </div>
   <div class='ocr_carea' id='block_1_2' title="bbox 3 259 1101 836">
    <p class='ocr_par' dir='ltr' id='par_1_2' title="bbox 3 259 1101 836">
     <span class='ocr_line' id='line_1_2' title="bbox 259 259 1101 338; baseline 0.004 -22"><span class='ocrx_word' id='word_1_2' title='bbox 259 270 340 318; x_wconf 80' lang='lat' dir='ltr'><strong>unu.</strong></span> <span class='ocrx_word' id='word_1_3' title='bbox 354 269 445 319; x_wconf 84' lang='lat' dir='ltr'><strong>nrsr.</strong></span> <span class='ocrx_word' id='word_1_4' title='bbox 458 271 545 319; x_wconf 86' lang='lat' dir='ltr'><strong>xxu.</strong></span> <span class='ocrx_word' id='word_1_5' title='bbox 561 269 681 324; x_wconf 78' lang='lat' dir='ltr'><strong>rn-rt.</strong></span> <span class='ocrx_word' id='word_1_6' title='bbox 697 261 850 338; x_wconf 72' lang='lat' dir='ltr'><strong>(ro-ro.)</strong></span> <span class='ocrx_word' id='word_1_7' title='bbox 993 259 1055 321; x_wconf 77' lang='lat'><strong>273</strong></span> <span class='ocrx_word' id='word_1_8' title='bbox 1099 300 1101 303; x_wconf 88' lang='lat'>-</span> 
     </span>
     <span class='ocr_line' id='line_1_3' title="bbox 3 401 1057 510; baseline 0.005 -29"><span class='ocrx_word' id='word_1_9' title='bbox 3 401 5 474; x_wconf 65' lang='lat' dir='ltr'><strong>l</strong></span> <span class='ocrx_word' id='word_1_10' title='bbox 61 421 193 510; x_wconf 83' lang='lat' dir='ltr'><strong>reprimit.</strong></span> <span class='ocrx_word' id='word_1_11' title='bbox 235 441 335 483; x_wconf 89' lang='lat' dir='ltr'><strong>semen</strong></span> <span class='ocrx_word' id='word_1_12' title='bbox 362 424 462 502; x_wconf 87' lang='lat' dir='ltr'><strong>colligi</strong></span> <span class='ocrx_word' id='word_1_13' title='bbox 493 426 637 486; x_wconf 82' lang='lat' dir='ltr'>messibus</span> <span class='ocrx_word' id='word_1_14' title='bbox 665 436 791 506; x_wconf 78' lang='lat' dir='ltr'><strong>oportet.</strong></span> <span class='ocrx_word' id='word_1_15' title='bbox 831 425 1057 487; x_wconf 80' lang='lat' dir='ltr'><strong>Alexandrinum</strong></span> 
     </span>
     <span class='ocr_line' id='line_1_4' title="bbox 3 506 1055 590; baseline 0.002 -22"><span class='ocrx_word' id='word_1_16' title='bbox 3 519 4 568; x_wconf 67' lang='grc' dir='ltr'>ἒ</span> <span class='ocrx_word' id='word_1_17' title='bbox 60 524 183 566; x_wconf 87' lang='lat' dir='ltr'><strong>maxume</strong></span> <span class='ocrx_word' id='word_1_18' title='bbox 198 506 339 568; x_wconf 90' lang='lat' dir='ltr'><strong>laudatur.</strong></span> <span class='ocrx_word' id='word_1_19' title='bbox 376 507 422 568; x_wconf 78' lang='lat' dir='ltr'><strong>hd</strong></span> <span class='ocrx_word' id='word_1_20' title='bbox 442 511 535 570; x_wconf 89' lang='lat' dir='ltr'><strong>omnia</strong></span> <span class='ocrx_word' id='word_1_21' title='bbox 557 509 631 571; x_wconf 88' lang='lat' dir='ltr'><strong>haec</strong></span> <span class='ocrx_word' id='word_1_22' title='bbox 652 520 681 569; x_wconf 93' lang='lat' dir='ltr'><strong>et</strong></span> <span class='ocrx_word' id='word_1_23' title='bbox 700 512 829 570; x_wconf 89' lang='lat' dir='ltr'><strong>mitiores</strong></span> <span class='ocrx_word' id='word_1_24' title='bbox 844 509 960 590; x_wconf 88' lang='lat' dir='ltr'><strong>quidem</strong></span> <span class='ocrx_word' id='word_1_25' title='bbox 975 515 1055 570; x_wconf 82' lang='lat' dir='ltr'><strong>tene·</strong></span> 
     </span>
     <span class='ocr_line' id='line_1_5' title="bbox 3 587 1055 672; baseline 0.01 -28"><span class='ocrx_word' id='word_1_26' title='bbox 3 587 12 644; x_wconf 83' lang='lat' dir='ltr'><strong>l</strong></span> <span class='ocrx_word' id='word_1_27' title='bbox 60 607 161 668; x_wconf 89' lang='lat' dir='ltr'><strong>raeque</strong></span> <span class='ocrx_word' id='word_1_28' title='bbox 187 590 343 667; x_wconf 84' lang='lat' dir='ltr'><strong>efficaces,</strong></span> <span class='ocrx_word' id='word_1_29' title='bbox 364 592 418 653; x_wconf 86' lang='lat' dir='ltr'><strong>sed</strong></span> <span class='ocrx_word' id='word_1_30' title='bbox 441 595 600 672; x_wconf 71' lang='lat' dir='ltr'>praecipue</span> <span class='ocrx_word' id='word_1_31' title='bbox 620 592 764 654; x_wconf 86' lang='lat' dir='ltr'><strong>silvestris</strong></span> <span class='ocrx_word' id='word_1_32' title='bbox 783 594 849 670; x_wconf 87' lang='lat' dir='ltr'><strong>illa,</strong></span> <span class='ocrx_word' id='word_1_33' title='bbox 874 603 903 654; x_wconf 91' lang='lat' dir='ltr'><strong>ct</strong></span> <span class='ocrx_word' id='word_1_34' title='bbox 918 594 976 654; x_wconf 92' lang='lat' dir='ltr'><strong>hoc</strong></span> <span class='ocrx_word' id='word_1_35' title='bbox 998 611 1055 654; x_wconf 89' lang='lat' dir='ltr'><strong>arn·</strong></span> 
     </span>
     <span class='ocr_line' id='line_1_6' title="bbox 3 673 1056 757; baseline 0.005 -23"><span class='ocrx_word' id='word_1_36' title='bbox 3 703 5 750; x_wconf 65' lang='lat' dir='ltr'><strong>p</strong></span> <span class='ocrx_word' id='word_1_37' title='bbox 60 673 129 751; x_wconf 89' lang='lat' dir='ltr'><strong>plius</strong></span> <span class='ocrx_word' id='word_1_38' title='bbox 150 673 247 753; x_wconf 85' lang='lat' dir='ltr'><strong>lepras</strong></span> <span class='ocrx_word' id='word_1_39' title='bbox 270 693 287 734; x_wconf 86' lang='lat' dir='ltr'><strong>e</strong></span> <span class='ocrx_word' id='word_1_40' title='bbox 309 675 386 736; x_wconf 87' lang='lat' dir='ltr'><strong>iacie</strong></span> <span class='ocrx_word' id='word_1_41' title='bbox 407 676 483 736; x_wconf 94' lang='lat' dir='ltr'><strong>tollit</strong></span> <span class='ocrx_word' id='word_1_42' title='bbox 506 679 534 737; x_wconf 91' lang='lat' dir='ltr'><strong>in</strong></span> <span class='ocrx_word' id='word_1_43' title='bbox 549 679 616 737; x_wconf 86' lang='lat' dir='ltr'><strong>vino</strong></span> <span class='ocrx_word' id='word_1_44' title='bbox 632 687 711 756; x_wconf 88' lang='lat' dir='ltr'><strong>pota.</strong></span> <span class='ocrx_word' id='word_1_45' title='bbox 746 678 770 736; x_wconf 89' lang='lat' dir='ltr'><strong>si</strong></span> <span class='ocrx_word' id='word_1_46' title='bbox 785 679 941 757; x_wconf 82' lang='lat' dir='ltr'><strong>quadripes</strong></span> <span class='ocrx_word' id='word_1_47' title='bbox 966 678 1056 738; x_wconf 84' lang='lat' dir='ltr'><strong>letum</strong></span> 
     </span>
     <span class='ocr_line' id='line_1_7' title="bbox 3 757 883 836; baseline 0.005 -20"><span class='ocrx_word' id='word_1_48' title='bbox 3 759 4 768; x_wconf 75' lang='grc'>’</span> <span class='ocrx_word' id='word_1_49' title='bbox 42 775 109 816; x_wconf 80' lang='lat' dir='ltr'><strong>enon</strong></span> <span class='ocrx_word' id='word_1_50' title='bbox 124 757 266 836; x_wconf 89' lang='lat' dir='ltr'><strong>admittat,</strong></span> <span class='ocrx_word' id='word_1_51' title='bbox 290 761 383 820; x_wconf 90' lang='lat' dir='ltr'><strong>urtica</strong></span> <span class='ocrx_word' id='word_1_52' title='bbox 397 769 525 821; x_wconf 88' lang='lat' dir='ltr'><strong>naturam</strong></span> <span class='ocrx_word' id='word_1_53' title='bbox 540 761 699 822; x_wconf 76' lang='lat' dir='ltr'><strong>fricandam</strong></span> <span class='ocrx_word' id='word_1_54' title='bbox 715 771 883 822; x_wconf 90' lang='lat' dir='ltr'><strong>monstrant.</strong></span> 
     </span>
    </p>
   </div>
   <div class='ocr_carea' id='block_1_3' title="bbox 31 871 1098 1872">
    <p class='ocr_par' dir='ltr' id='par_1_3' title="bbox 31 871 1098 1872">
     <span class='ocr_line' id='line_1_8' title="bbox 115 871 1098 952; baseline 0.009 -23"><span class='ocrx_word' id='word_1_55' title='bbox 115 871 160 930; x_wconf 87' lang='grc'><strong>14.</strong></span> <span class='ocrx_word' id='word_1_56' title='bbox 182 871 265 952; x_wconf 88' lang='grc'>(16.)</span> <span class='ocrx_word' id='word_1_57' title='bbox 286 871 331 932; x_wconf 84' lang='lat' dir='ltr'><strong>Ea</strong></span> <span class='ocrx_word' id='word_1_58' title='bbox 347 889 464 951; x_wconf 92' lang='lat' dir='ltr'><strong>quoque</strong></span> <span class='ocrx_word' id='word_1_59' title='bbox 483 890 548 931; x_wconf 91' lang='lat' dir='ltr'><strong>num</strong></span> <span class='ocrx_word' id='word_1_60' title='bbox 564 889 647 951; x_wconf 91' lang='lat' dir='ltr'><strong>quam</strong></span> <span class='ocrx_word' id='word_1_61' title='bbox 660 871 772 931; x_wconf 91' lang='lat' dir='ltr'><strong>lamium</strong></span> <span class='ocrx_word' id='word_1_62' title='bbox 788 873 864 931; x_wconf 91' lang='lat' dir='ltr'><strong>inter</strong></span> <span class='ocrx_word' id='word_1_63' title='bbox 879 889 989 950; x_wconf 88' lang='lat' dir='ltr'><strong>genera</strong></span> <span class='ocrx_word' id='word_1_64' title='bbox 1005 891 1053 934; x_wconf 85' lang='lat' dir='ltr'><strong>ea·</strong></span> <span class='ocrx_word' id='word_1_65' title='bbox 1064 881 1098 938; x_wconf 81' lang='grc'><strong>37</strong></span> 
     </span>
     <span class='ocr_line' id='line_1_9' title="bbox 58 955 1098 1034; baseline 0.003 -21"><span class='ocrx_word' id='word_1_66' title='bbox 58 973 111 1014; x_wconf 89' lang='lat' dir='ltr'><strong>mm</strong></span> <span class='ocrx_word' id='word_1_67' title='bbox 126 955 335 1034; x_wconf 82' lang='lat' dir='ltr'><strong>appellavimus</strong></span> <span class='ocrx_word' id='word_1_68' title='bbox 351 956 499 1016; x_wconf 89' lang='lat' dir='ltr'><strong>mitissima</strong></span> <span class='ocrx_word' id='word_1_69' title='bbox 512 965 541 1016; x_wconf 91' lang='lat' dir='ltr'><strong>et</strong></span> <span class='ocrx_word' id='word_1_70' title='bbox 556 956 634 1016; x_wconf 85' lang='lat' dir='ltr'><strong>foliis</strong></span> <span class='ocrx_word' id='word_1_71' title='bbox 649 973 707 1014; x_wconf 92' lang='lat' dir='ltr'><strong>non</strong></span> <span class='ocrx_word' id='word_1_72' title='bbox 726 955 940 1033; x_wconf 78' lang='lat' dir='ltr'>mordentibus,</span> <span class='ocrx_word' id='word_1_73' title='bbox 962 975 1020 1016; x_wconf 93' lang='lat' dir='ltr'><strong>me·</strong></span> <span class='ocrx_word' id='word_1_74' title='bbox 1032 956 1061 1000; x_wconf 82' lang='lat'><strong>²¹·</strong></span> <span class='ocrx_word' id='word_1_75' title='bbox 1075 956 1098 991; x_wconf 80' lang='lat'><strong>⁹⁸</strong></span> 
     </span>
     <span class='ocr_line' id='line_1_10' title="bbox 57 1037 1056 1118; baseline 0.004 -22"><span class='ocrx_word' id='word_1_76' title='bbox 57 1037 132 1097; x_wconf 92' lang='lat' dir='ltr'><strong>detur</strong></span> <span class='ocrx_word' id='word_1_77' title='bbox 153 1057 217 1098; x_wconf 92' lang='lat' dir='ltr'><strong>cum</strong></span> <span class='ocrx_word' id='word_1_78' title='bbox 233 1041 307 1100; x_wconf 91' lang='lat' dir='ltr'><strong>mica</strong></span> <span class='ocrx_word' id='word_1_79' title='bbox 326 1040 396 1101; x_wconf 84' lang='lat' dir='ltr'><strong>salis</strong></span> <span class='ocrx_word' id='word_1_80' title='bbox 417 1041 563 1100; x_wconf 79' lang='lat' dir='ltr'>contunsis</span> <span class='ocrx_word' id='word_1_81' title='bbox 584 1041 787 1118; x_wconf 88' lang='lat' dir='ltr'><strong>incussisqne,</strong></span> <span class='ocrx_word' id='word_1_82' title='bbox 808 1041 910 1100; x_wconf 90' lang='lat' dir='ltr'><strong>inustis</strong></span> <span class='ocrx_word' id='word_1_83' title='bbox 933 1049 963 1100; x_wconf 92' lang='lat' dir='ltr'><strong>et</strong></span> <span class='ocrx_word' id='word_1_84' title='bbox 983 1050 1056 1100; x_wconf 90' lang='lat' dir='ltr'><strong>stru·</strong></span> 
     </span>
     <span class='ocr_line' id='line_1_11' title="bbox 57 1121 1055 1202; baseline 0.002 -22"><span class='ocrx_word' id='word_1_85' title='bbox 57 1123 117 1196; x_wconf 85' lang='lat' dir='ltr'><strong>nis,</strong></span> <span class='ocrx_word' id='word_1_86' title='bbox 139 1123 317 1198; x_wconf 90' lang='lat' dir='ltr'><strong>tumoribus,</strong></span> <span class='ocrx_word' id='word_1_87' title='bbox 339 1123 496 1202; x_wconf 79' lang='lat' dir='ltr'><strong>podagris,</strong></span> <span class='ocrx_word' id='word_1_88' title='bbox 522 1123 700 1183; x_wconf 88' lang='lat' dir='ltr'><strong>volneribus.</strong></span> <span class='ocrx_word' id='word_1_89' title='bbox 736 1121 831 1182; x_wconf 87' lang='lat' dir='ltr'><strong>album</strong></span> <span class='ocrx_word' id='word_1_90' title='bbox 846 1123 935 1183; x_wconf 89' lang='lat' dir='ltr'><strong>hahet</strong></span> <span class='ocrx_word' id='word_1_91' title='bbox 949 1126 977 1182; x_wconf 96' lang='lat' dir='ltr'><strong>in</strong></span> <span class='ocrx_word' id='word_1_92' title='bbox 997 1142 1055 1182; x_wconf 91' lang='lat' dir='ltr'><strong>me·</strong></span> 
     </span>
     <span class='ocr_line' id='line_1_12' title="bbox 31 1205 1098 1286; baseline 0.002 -23"><span class='ocrx_word' id='word_1_93' title='bbox 31 1205 179 1266; x_wconf 88' lang='lat' dir='ltr'><strong>odioiolio</strong></span> <span class='ocrx_word' id='word_1_94' title='bbox 197 1207 275 1286; x_wconf 92' lang='lat' dir='ltr'><strong>quod</strong></span> <span class='ocrx_word' id='word_1_95' title='bbox 291 1208 407 1285; x_wconf 80' lang='lat' dir='ltr'><strong>ignibus</strong></span> <span class='ocrx_word' id='word_1_96' title='bbox 421 1210 513 1268; x_wconf 86' lang='lat' dir='ltr'><strong>sacris</strong></span> <span class='ocrx_word' id='word_1_97' title='bbox 529 1207 670 1266; x_wconf 88' lang='lat' dir='ltr'><strong>medetur.</strong></span> <span class='ocrx_word' id='word_1_98' title='bbox 692 1207 807 1286; x_wconf 91' lang='lat' dir='ltr'><strong>quidam</strong></span> <span class='ocrx_word' id='word_1_99' title='bbox 823 1225 840 1267; x_wconf 90' lang='lat' dir='ltr'><strong>e</strong></span> <span class='ocrx_word' id='word_1_100' title='bbox 858 1208 964 1267; x_wconf 88' lang='lat' dir='ltr'><strong>nostris</strong></span> <span class='ocrx_word' id='word_1_101' title='bbox 981 1216 1051 1267; x_wconf 88' lang='lat' dir='ltr'><strong>tem·</strong></span> <span class='ocrx_word' id='word_1_102' title='bbox 1064 1215 1098 1272; x_wconf 80' lang='lat'><strong>38</strong></span> 
     </span>
     <span class='ocr_line' id='line_1_13' title="bbox 57 1289 1054 1368; baseline 0.003 -20"><span class='ocrx_word' id='word_1_103' title='bbox 57 1306 120 1366; x_wconf 90' lang='lat' dir='ltr'><strong>pore</strong></span> <span class='ocrx_word' id='word_1_104' title='bbox 142 1290 316 1351; x_wconf 78' lang='lat' dir='ltr'><strong>discrevere</strong></span> <span class='ocrx_word' id='word_1_105' title='bbox 336 1309 463 1368; x_wconf 90' lang='lat' dir='ltr'><strong>genera,</strong></span> <span class='ocrx_word' id='word_1_106' title='bbox 495 1300 524 1352; x_wconf 89' lang='lat' dir='ltr'><strong>et</strong></span> <span class='ocrx_word' id='word_1_107' title='bbox 544 1290 712 1351; x_wconf 90' lang='lat' dir='ltr'><strong>autumnalis</strong></span> <span class='ocrx_word' id='word_1_108' title='bbox 733 1293 844 1352; x_wconf 91' lang='lat' dir='ltr'><strong>urticae</strong></span> <span class='ocrx_word' id='word_1_109' title='bbox 859 1289 986 1351; x_wconf 89' lang='lat' dir='ltr'><strong>radicem</strong></span> <span class='ocrx_word' id='word_1_110' title='bbox 1006 1290 1054 1351; x_wconf 91' lang='lat' dir='ltr'><strong>ad-</strong></span> 
     </span>
     <span class='ocr_line' id='line_1_14' title="bbox 57 1371 1056 1453; baseline 0 -21"><span class='ocrx_word' id='word_1_111' title='bbox 57 1371 201 1450; x_wconf 86' lang='lat' dir='ltr'><strong>alligatam·</strong></span> <span class='ocrx_word' id='word_1_112' title='bbox 217 1376 246 1434; x_wconf 94' lang='lat' dir='ltr'><strong>in</strong></span> <span class='ocrx_word' id='word_1_113' title='bbox 267 1377 399 1436; x_wconf 90' lang='lat' dir='ltr'><strong>tertianis</strong></span> <span class='ocrx_word' id='word_1_114' title='bbox 416 1377 502 1435; x_wconf 91' lang='lat' dir='ltr'><strong>itaut</strong></span> <span class='ocrx_word' id='word_1_115' title='bbox 519 1377 602 1452; x_wconf 81' lang='lat' dir='ltr'><strong>aegri</strong></span> <span class='ocrx_word' id='word_1_116' title='bbox 618 1384 835 1453; x_wconf 81' lang='lat' dir='ltr'><strong>nuncupentur,</strong></span> <span class='ocrx_word' id='word_1_117' title='bbox 861 1392 923 1434; x_wconf 92' lang='lat' dir='ltr'><strong>cum</strong></span> <span class='ocrx_word' id='word_1_118' title='bbox 940 1383 1056 1434; x_wconf 91' lang='lat' dir='ltr'><strong>eruatur</strong></span> 
     </span>
     <span class='ocr_line' id='line_1_15' title="bbox 47 1457 1056 1538; baseline 0.003 -24"><span class='ocrx_word' id='word_1_119' title='bbox 47 1473 85 1516; x_wconf 80' lang='lat' dir='ltr'><strong>ea</strong></span> <span class='ocrx_word' id='word_1_120' title='bbox 97 1459 195 1535; x_wconf 88' lang='lat' dir='ltr'><strong>radix,</strong></span> <span class='ocrx_word' id='word_1_121' title='bbox 219 1459 392 1538; x_wconf 80' lang='lat' dir='ltr'><strong>dicaturque</strong></span> <span class='ocrx_word' id='word_1_122' title='bbox 415 1460 462 1518; x_wconf 89' lang='lat' dir='ltr'><strong>cui</strong></span> <span class='ocrx_word' id='word_1_123' title='bbox 480 1469 508 1520; x_wconf 94' lang='lat' dir='ltr'><strong>et</strong></span> <span class='ocrx_word' id='word_1_124' title='bbox 531 1476 651 1538; x_wconf 91' lang='lat' dir='ltr'><strong>quornm</strong></span> <span class='ocrx_word' id='word_1_125' title='bbox 669 1458 728 1518; x_wconf 84' lang='lat' dir='ltr'><strong>lilio</strong></span> <span class='ocrx_word' id='word_1_126' title='bbox 750 1460 905 1533; x_wconf 74' lang='lat' dir='ltr'><strong>eximatur,</strong></span> <span class='ocrx_word' id='word_1_127' title='bbox 928 1457 1056 1518; x_wconf 87' lang='lat' dir='ltr'><strong>liberare</strong></span> 
     </span>
     <span class='ocr_line' id='line_1_16' title="bbox 56 1541 1055 1620; baseline 0.001 -21"><span class='ocrx_word' id='word_1_128' title='bbox 56 1541 145 1601; x_wconf 91' lang='lat' dir='ltr'><strong>norho</strong></span> <span class='ocrx_word' id='word_1_129' title='bbox 171 1542 369 1619; x_wconf 89' lang='lat' dir='ltr'><strong>tradiderunt,</strong></span> <span class='ocrx_word' id='word_1_130' title='bbox 390 1543 448 1602; x_wconf 92' lang='lat' dir='ltr'><strong>hoc</strong></span> <span class='ocrx_word' id='word_1_131' title='bbox 475 1543 550 1603; x_wconf 87' lang='lat' dir='ltr'><strong>idem</strong></span> <span class='ocrx_word' id='word_1_132' title='bbox 571 1551 600 1602; x_wconf 89' lang='lat' dir='ltr'><strong>et</strong></span> <span class='ocrx_word' id='word_1_133' title='bbox 625 1551 724 1603; x_wconf 91' lang='lat' dir='ltr'><strong>contra</strong></span> <span class='ocrx_word' id='word_1_134' title='bbox 749 1551 904 1620; x_wconf 89' lang='lat' dir='ltr'><strong>quartanas</strong></span> <span class='ocrx_word' id='word_1_135' title='bbox 929 1541 1055 1620; x_wconf 89' lang='lat' dir='ltr'><strong>pollere.</strong></span> 
     </span>
     <span class='ocr_line' id='line_1_17' title="bbox 32 1625 1056 1704; baseline 0 -21"><span class='ocrx_word' id='word_1_136' title='bbox 32 1625 129 1685; x_wconf 79' lang='lat' dir='ltr'><strong>utitem</strong></span> <span class='ocrx_word' id='word_1_137' title='bbox 143 1628 257 1687; x_wconf 87' lang='lat' dir='ltr'><strong>urticae</strong></span> <span class='ocrx_word' id='word_1_138' title='bbox 274 1627 374 1688; x_wconf 89' lang='lat' dir='ltr'><strong>radice</strong></span> <span class='ocrx_word' id='word_1_139' title='bbox 393 1626 491 1686; x_wconf 88' lang='lat' dir='ltr'><strong>addito</strong></span> <span class='ocrx_word' id='word_1_140' title='bbox 508 1626 570 1686; x_wconf 88' lang='lat' dir='ltr'><strong>sale</strong></span> <span class='ocrx_word' id='word_1_141' title='bbox 587 1627 673 1687; x_wconf 91' lang='lat' dir='ltr'><strong>inllxa</strong></span> <span class='ocrx_word' id='word_1_142' title='bbox 690 1626 808 1704; x_wconf 90' lang='lat' dir='ltr'><strong>corpori</strong></span> <span class='ocrx_word' id='word_1_143' title='bbox 825 1625 955 1700; x_wconf 87' lang='lat' dir='ltr'><strong>extrahi,</strong></span> <span class='ocrx_word' id='word_1_144' title='bbox 977 1625 1056 1684; x_wconf 80' lang='lat' dir='ltr'><strong>loliis</strong></span> 
     </span>
     <span class='ocr_line' id='line_1_18' title="bbox 56 1707 1055 1788; baseline -0.001 -20"><span class='ocrx_word' id='word_1_145' title='bbox 56 1726 109 1768; x_wconf 90' lang='lat' dir='ltr'><strong>cnm</strong></span> <span class='ocrx_word' id='word_1_146' title='bbox 132 1711 260 1787; x_wconf 87' lang='lat' dir='ltr'><strong>axungia</strong></span> <span class='ocrx_word' id='word_1_147' title='bbox 286 1720 410 1771; x_wconf 88' lang='lat' dir='ltr'><strong>strumas</strong></span> <span class='ocrx_word' id='word_1_148' title='bbox 433 1709 536 1770; x_wconf 89' lang='lat' dir='ltr'><strong>discuti</strong></span> <span class='ocrx_word' id='word_1_149' title='bbox 564 1710 630 1785; x_wconf 88' lang='lat' dir='ltr'><strong>vel,</strong></span> <span class='ocrx_word' id='word_1_150' title='bbox 658 1711 681 1769; x_wconf 88' lang='lat' dir='ltr'><strong>si</strong></span> <span class='ocrx_word' id='word_1_151' title='bbox 698 1710 937 1788; x_wconf 89' lang='lat' dir='ltr'><strong>suppuraverint,</strong></span> <span class='ocrx_word' id='word_1_152' title='bbox 961 1707 1055 1785; x_wconf 92' lang='lat' dir='ltr'><strong>erodi,</strong></span> 
     </span>
     <span class='ocr_line' id='line_1_19' title="bbox 56 1795 187 1872; baseline 0 -20"><span class='ocrx_word' id='word_1_153' title='bbox 56 1795 187 1872; x_wconf 88' lang='lat' dir='ltr'><strong>conpleri.</strong></span> 
     </span>
    </p>
   </div>
   <div class='ocr_carea' id='block_1_4' title="bbox 31 1888 1099 2288">
    <p class='ocr_par' dir='ltr' id='par_1_4' title="bbox 31 1888 1099 2288">
     <span class='ocr_line' id='line_1_20' title="bbox 109 1888 1099 1972; baseline 0.001 -20"><span class='ocrx_word' id='word_1_154' title='bbox 109 1893 157 1952; x_wconf 83' lang='lat'><strong>15.</strong></span> <span class='ocrx_word' id='word_1_155' title='bbox 181 1893 268 1972; x_wconf 88' lang='lat'>(17.)</span> <span class='ocrx_word' id='word_1_156' title='bbox 293 1891 339 1952; x_wconf 84' lang='lat' dir='ltr'><strong>Ex</strong></span> <span class='ocrx_word' id='word_1_157' title='bbox 361 1901 532 1970; x_wconf 85' lang='lat' dir='ltr'><strong>argumento</strong></span> <span class='ocrx_word' id='word_1_158' title='bbox 553 1910 658 1952; x_wconf 92' lang='lat' dir='ltr'><strong>nomen</strong></span> <span class='ocrx_word' id='word_1_159' title='bbox 675 1894 790 1971; x_wconf 90' lang='lat' dir='ltr'><strong>accepit</strong></span> <span class='ocrx_word' id='word_1_160' title='bbox 810 1893 929 1970; x_wconf 89' lang='lat' dir='ltr'><strong>scorpio</strong></span> <span class='ocrx_word' id='word_1_161' title='bbox 950 1888 1051 1950; x_wconf 89' lang='lat' dir='ltr'><strong>herba.</strong></span> <span class='ocrx_word' id='word_1_162' title='bbox 1065 1898 1099 1953; x_wconf 79' lang='lat'><strong>39</strong></span> 
     </span>
     <span class='ocr_line' id='line_1_21' title="bbox 55 1973 1056 2055; baseline -0.003 -20"><span class='ocrx_word' id='word_1_163' title='bbox 55 1993 141 2035; x_wconf 90' lang='lat' dir='ltr'><strong>semen</strong></span> <span class='ocrx_word' id='word_1_164' title='bbox 158 1978 236 2036; x_wconf 92' lang='lat' dir='ltr'><strong>enirn</strong></span> <span class='ocrx_word' id='word_1_165' title='bbox 251 1976 340 2037; x_wconf 90' lang='lat' dir='ltr'><strong>hahet</strong></span> <span class='ocrx_word' id='word_1_166' title='bbox 357 1977 393 2035; x_wconf 94' lang='lat' dir='ltr'><strong>ad</strong></span> <span class='ocrx_word' id='word_1_167' title='bbox 415 1976 628 2036; x_wconf 83' lang='lat' dir='ltr'><strong>similitudinem</strong></span> <span class='ocrx_word' id='word_1_168' title='bbox 651 1977 761 2037; x_wconf 89' lang='lat' dir='ltr'><strong>caudae</strong></span> <span class='ocrx_word' id='word_1_169' title='bbox 784 1975 965 2055; x_wconf 88' lang='lat' dir='ltr'><strong>scorpionis,</strong></span> <span class='ocrx_word' id='word_1_170' title='bbox 985 1973 1056 2032; x_wconf 83' lang='lat' dir='ltr'><strong>lolia</strong></span> 
     </span>
     <span class='ocr_line' id='line_1_22' title="bbox 31 2057 1057 2137; baseline -0.008 -13"><span class='ocrx_word' id='word_1_171' title='bbox 31 2075 143 2137; x_wconf 80' lang='lat' dir='ltr'><strong>spurca.</strong></span> <span class='ocrx_word' id='word_1_172' title='bbox 181 2060 262 2120; x_wconf 89' lang='lat' dir='ltr'><strong>valet</strong></span> <span class='ocrx_word' id='word_1_173' title='bbox 288 2070 318 2120; x_wconf 93' lang='lat' dir='ltr'><strong>et</strong></span> <span class='ocrx_word' id='word_1_174' title='bbox 344 2061 486 2119; x_wconf 89' lang='lat' dir='ltr'><strong>adversus</strong></span> <span class='ocrx_word' id='word_1_175' title='bbox 511 2061 614 2121; x_wconf 89' lang='lat' dir='ltr'><strong>animal</strong></span> <span class='ocrx_word' id='word_1_176' title='bbox 640 2061 761 2120; x_wconf 91' lang='lat' dir='ltr'><strong>nominis</strong></span> <span class='ocrx_word' id='word_1_177' title='bbox 788 2061 840 2121; x_wconf 91' lang='lat' dir='ltr'><strong>sui.</strong></span> <span class='ocrx_word' id='word_1_178' title='bbox 877 2058 930 2118; x_wconf 87' lang='lat' dir='ltr'><strong>Est</strong></span> <span class='ocrx_word' id='word_1_179' title='bbox 950 2066 978 2117; x_wconf 85' lang='lat' dir='ltr'><strong>et</strong></span> <span class='ocrx_word' id='word_1_180' title='bbox 1000 2057 1057 2116; x_wconf 87' lang='lat' dir='ltr'><strong>alia</strong></span> 
     </span>
     <span class='ocr_line' id='line_1_23' title="bbox 54 2141 1057 2223; baseline -0.004 -21"><span class='ocrx_word' id='word_1_181' title='bbox 54 2143 171 2204; x_wconf 88' lang='lat' dir='ltr'><strong>eiusdem</strong></span> <span class='ocrx_word' id='word_1_182' title='bbox 188 2145 313 2204; x_wconf 84' lang='lat' dir='ltr'><strong>nominis</strong></span> <span class='ocrx_word' id='word_1_183' title='bbox 338 2144 521 2222; x_wconf 83' lang='lat' dir='ltr'><strong>effectusque</strong></span> <span class='ocrx_word' id='word_1_184' title='bbox 545 2145 608 2204; x_wconf 92' lang='lat' dir='ltr'><strong>sine</strong></span> <span class='ocrx_word' id='word_1_185' title='bbox 629 2144 724 2219; x_wconf 87' lang='lat' dir='ltr'><strong>iuliis,</strong></span> <span class='ocrx_word' id='word_1_186' title='bbox 747 2143 882 2223; x_wconf 87' lang='lat' dir='ltr'><strong>asparagi</strong></span> <span class='ocrx_word' id='word_1_187' title='bbox 905 2141 1007 2216; x_wconf 88' lang='lat' dir='ltr'><strong>caule,</strong></span> <span class='ocrx_word' id='word_1_188' title='bbox 1028 2141 1057 2199; x_wconf 92' lang='lat' dir='ltr'><strong>in</strong></span> 
     </span>
     <span class='ocr_line' id='line_1_24' title="bbox 54 2227 728 2288; baseline -0.001 -1"><span class='ocrx_word' id='word_1_189' title='bbox 54 2229 190 2288; x_wconf 86' lang='lat' dir='ltr'><strong>cacumine</strong></span> <span class='ocrx_word' id='word_1_190' title='bbox 207 2228 343 2288; x_wconf 89' lang='lat' dir='ltr'><strong>aculeum</strong></span> <span class='ocrx_word' id='word_1_191' title='bbox 360 2227 471 2287; x_wconf 88' lang='lat' dir='ltr'><strong>hahens</strong></span> <span class='ocrx_word' id='word_1_192' title='bbox 488 2237 518 2287; x_wconf 94' lang='lat' dir='ltr'><strong>et</strong></span> <span class='ocrx_word' id='word_1_193' title='bbox 532 2228 598 2287; x_wconf 90' lang='lat' dir='ltr'><strong>inde</strong></span> <span class='ocrx_word' id='word_1_194' title='bbox 614 2244 728 2288; x_wconf 87' lang='lat' dir='ltr'><strong>nomon.</strong></span> 
     </span>
    </p>
   </div>
   <div class='ocr_carea' id='block_1_5' title="bbox 32 2321 1099 2740">
    <p class='ocr_par' dir='ltr' id='par_1_5' title="bbox 32 2321 1099 2740">
     <span class='ocr_line' id='line_1_25' title="bbox 105 2321 1099 2406; baseline -0.004 -20"><span class='ocrx_word' id='word_1_195' title='bbox 105 2327 152 2389; x_wconf 89' lang='grc'><strong>16.</strong></span> <span class='ocrx_word' id='word_1_196' title='bbox 175 2325 264 2406; x_wconf 88' lang='grc'>(18.)</span> <span class='ocrx_word' id='word_1_197' title='bbox 286 2325 518 2386; x_wconf 76' lang='lat' dir='ltr'><strong>leucacantham</strong></span> <span class='ocrx_word' id='word_1_198' title='bbox 540 2325 588 2384; x_wconf 92' lang='lat' dir='ltr'><strong>alii</strong></span> <span class='ocrx_word' id='word_1_199' title='bbox 608 2324 745 2404; x_wconf 74' lang='lat' dir='ltr'><strong>phyllon,</strong></span> <span class='ocrx_word' id='word_1_200' title='bbox 769 2324 819 2384; x_wconf 92' lang='lat' dir='ltr'><strong>alii</strong></span> <span class='ocrx_word' id='word_1_201' title='bbox 836 2323 982 2397; x_wconf 86' lang='lat' dir='ltr'><strong>ischiada,</strong></span> <span class='ocrx_word' id='word_1_202' title='bbox 1005 2321 1099 2382; x_wconf 77' lang='lat' dir='ltr'><strong>aliito</strong></span> 
     </span>
     <span class='ocr_line' id='line_1_26' title="bbox 54 2406 1056 2489; baseline -0.007 -20"><span class='ocrx_word' id='word_1_203' title='bbox 54 2410 242 2488; x_wconf 78' lang='lat' dir='ltr'><strong>polygonaton</strong></span> <span class='ocrx_word' id='word_1_204' title='bbox 268 2409 436 2489; x_wconf 88' lang='lat' dir='ltr'><strong>appellant,</strong></span> <span class='ocrx_word' id='word_1_205' title='bbox 466 2407 564 2469; x_wconf 92' lang='lat' dir='ltr'><strong>radice</strong></span> <span class='ocrx_word' id='word_1_206' title='bbox 594 2409 703 2487; x_wconf 74' lang='lat' dir='ltr'><strong>cypiri,</strong></span> <span class='ocrx_word' id='word_1_207' title='bbox 728 2425 801 2486; x_wconf 89' lang='lat' dir='ltr'><strong>quae</strong></span> <span class='ocrx_word' id='word_1_208' title='bbox 830 2406 1056 2466; x_wconf 88' lang='lat' dir='ltr'><strong>conmanducata</strong></span> 
     </span>
     <span class='ocr_line' id='line_1_27' title="bbox 32 2487 1055 2567; baseline -0.01 -13"><span class='ocrx_word' id='word_1_209' title='bbox 32 2491 165 2555; x_wconf 79' lang='lat' dir='ltr'><strong>alentium</strong></span> <span class='ocrx_word' id='word_1_210' title='bbox 182 2494 307 2556; x_wconf 90' lang='lat' dir='ltr'><strong>dolores</strong></span> <span class='ocrx_word' id='word_1_211' title='bbox 329 2492 431 2567; x_wconf 90' lang='lat' dir='ltr'><strong>sedat,</strong></span> <span class='ocrx_word' id='word_1_212' title='bbox 455 2493 524 2551; x_wconf 90' lang='lat' dir='ltr'><strong>item</strong></span> <span class='ocrx_word' id='word_1_213' title='bbox 541 2491 663 2552; x_wconf 92' lang='lat' dir='ltr'><strong>laterum</strong></span> <span class='ocrx_word' id='word_1_214' title='bbox 678 2501 707 2551; x_wconf 86' lang='lat' dir='ltr'><strong>et</strong></span> <span class='ocrx_word' id='word_1_215' title='bbox 724 2491 901 2565; x_wconf 88' lang='lat' dir='ltr'><strong>lumborum,</strong></span> <span class='ocrx_word' id='word_1_216' title='bbox 924 2498 953 2546; x_wconf 91' lang='lat' dir='ltr'><strong>ut</strong></span> <span class='ocrx_word' id='word_1_217' title='bbox 970 2487 1055 2546; x_wconf 87' lang='lat' dir='ltr'><strong>llice·</strong></span> 
     </span>
     <span class='ocr_line' id='line_1_28' title="bbox 53 2570 1056 2655; baseline -0.008 -19"><span class='ocrx_word' id='word_1_218' title='bbox 53 2578 101 2637; x_wconf 86' lang='lat' dir='ltr'><strong>sins</strong></span> <span class='ocrx_word' id='word_1_219' title='bbox 126 2579 231 2655; x_wconf 87' lang='lat' dir='ltr'><strong>tradit,</strong></span> <span class='ocrx_word' id='word_1_220' title='bbox 256 2579 370 2638; x_wconf 88' lang='lat' dir='ltr'><strong>semine</strong></span> <span class='ocrx_word' id='word_1_221' title='bbox 399 2585 472 2655; x_wconf 90' lang='lat' dir='ltr'><strong>poto</strong></span> <span class='ocrx_word' id='word_1_222' title='bbox 501 2576 644 2636; x_wconf 87' lang='lat' dir='ltr'><strong>drachmis</strong></span> <span class='ocrx_word' id='word_1_223' title='bbox 672 2585 740 2636; x_wconf 90' lang='lat' dir='ltr'><strong>octo</strong></span> <span class='ocrx_word' id='word_1_224' title='bbox 768 2583 816 2633; x_wconf 91' lang='lat' dir='ltr'><strong>aut</strong></span> <span class='ocrx_word' id='word_1_225' title='bbox 839 2588 920 2632; x_wconf 90' lang='lat' dir='ltr'><strong>suco.</strong></span> <span class='ocrx_word' id='word_1_226' title='bbox 954 2570 1056 2630; x_wconf 89' lang='lat' dir='ltr'><strong>eadem</strong></span> 
     </span>
     <span class='ocr_line' id='line_1_29' title="bbox 53 2660 493 2740; baseline -0.007 -20"><span class='ocrx_word' id='word_1_227' title='bbox 53 2663 145 2740; x_wconf 86' lang='lat' dir='ltr'><strong>mptis,</strong></span> <span class='ocrx_word' id='word_1_228' title='bbox 171 2663 327 2722; x_wconf 89' lang='lat' dir='ltr'><strong>convolsis</strong></span> <span class='ocrx_word' id='word_1_229' title='bbox 349 2660 493 2721; x_wconf 89' lang='lat' dir='ltr'><strong>medetur.</strong></span> 
     </span>
    </p>
   </div>
   <div class='ocr_carea' id='block_1_6' title="bbox 34 2755 1102 3592">
    <p class='ocr_par' dir='ltr' id='par_1_6' title="bbox 34 2755 1098 3177">
     <span class='ocr_line' id='line_1_30' title="bbox 106 2755 1098 2843; baseline -0.007 -21"><span class='ocrx_word' id='word_1_230' title='bbox 106 2765 153 2823; x_wconf 86' lang='lat'><strong>17.</strong></span> <span class='ocrx_word' id='word_1_231' title='bbox 176 2763 266 2843; x_wconf 87' lang='grc'>(19.)</span> <span class='ocrx_word' id='word_1_232' title='bbox 289 2761 438 2822; x_wconf 89' lang='lat' dir='ltr'><strong>llelxinen</strong></span> <span class='ocrx_word' id='word_1_233' title='bbox 465 2759 554 2837; x_wconf 83' lang='lat' dir='ltr'><strong>aliqui</strong></span> <span class='ocrx_word' id='word_1_234' title='bbox 580 2758 738 2836; x_wconf 88' lang='lat' dir='ltr'><strong>perdicium</strong></span> <span class='ocrx_word' id='word_1_235' title='bbox 770 2764 891 2832; x_wconf 87' lang='lat' dir='ltr'><strong>vocant,</strong></span> <span class='ocrx_word' id='word_1_236' title='bbox 920 2755 1098 2835; x_wconf 79' lang='lat' dir='ltr'><strong>qnoniamtl</strong></span> 
     </span>
     <span class='ocr_line' id='line_1_31' title="bbox 54 2837 1058 2925; baseline -0.009 -19"><span class='ocrx_word' id='word_1_237' title='bbox 54 2845 175 2924; x_wconf 86' lang='lat' dir='ltr'><strong>perdices</strong></span> <span class='ocrx_word' id='word_1_238' title='bbox 202 2865 239 2908; x_wconf 92' lang='lat' dir='ltr'><strong>ea</strong></span> <span class='ocrx_word' id='word_1_239' title='bbox 271 2845 436 2925; x_wconf 89' lang='lat' dir='ltr'><strong>praecipue</strong></span> <span class='ocrx_word' id='word_1_240' title='bbox 459 2851 630 2919; x_wconf 85' lang='lat' dir='ltr'><strong>vescantur,</strong></span> <span class='ocrx_word' id='word_1_241' title='bbox 663 2841 710 2902; x_wconf 91' lang='lat' dir='ltr'><strong>alii</strong></span> <span class='ocrx_word' id='word_1_242' title='bbox 739 2840 894 2914; x_wconf 90' lang='lat' dir='ltr'><strong>sideritim,</strong></span> <span class='ocrx_word' id='word_1_243' title='bbox 928 2837 1058 2899; x_wconf 90' lang='lat' dir='ltr'><strong>nonnulli</strong></span> 
     </span>
     <span class='ocr_line' id='line_1_32' title="bbox 34 2923 1058 3008; baseline -0.013 -14"><span class='ocrx_word' id='word_1_244' title='bbox 34 2929 229 3008; x_wconf 82' lang='lat' dir='ltr'><strong>aparthenium.</strong></span> <span class='ocrx_word' id='word_1_245' title='bbox 276 2930 350 2992; x_wconf 84' lang='lat' dir='ltr'><strong>lolia</strong></span> <span class='ocrx_word' id='word_1_246' title='bbox 374 2927 464 2988; x_wconf 83' lang='lat' dir='ltr'><strong>hahet</strong></span> <span class='ocrx_word' id='word_1_247' title='bbox 489 2927 594 2986; x_wconf 87' lang='lat' dir='ltr'><strong>mixtae</strong></span> <span class='ocrx_word' id='word_1_248' title='bbox 627 2923 816 2985; x_wconf 88' lang='lat' dir='ltr'><strong>similitudinis</strong></span> <span class='ocrx_word' id='word_1_249' title='bbox 844 2923 1000 3002; x_wconf 85' lang='lat' dir='ltr'><strong>plantagini</strong></span> <span class='ocrx_word' id='word_1_250' title='bbox 1029 2930 1058 2981; x_wconf 92' lang='lat' dir='ltr'><strong>et</strong></span> 
     </span>
     <span class='ocr_line' id='line_1_33' title="bbox 55 3006 1059 3092; baseline -0.012 -17"><span class='ocrx_word' id='word_1_251' title='bbox 55 3015 202 3092; x_wconf 86' lang='lat' dir='ltr'><strong>narmhio,</strong></span> <span class='ocrx_word' id='word_1_252' title='bbox 237 3012 405 3074; x_wconf 92' lang='lat' dir='ltr'><strong>cauliculos</strong></span> <span class='ocrx_word' id='word_1_253' title='bbox 432 3011 558 3087; x_wconf 90' lang='lat' dir='ltr'><strong>densos,</strong></span> <span class='ocrx_word' id='word_1_254' title='bbox 588 3010 693 3069; x_wconf 86' lang='lat' dir='ltr'><strong>leviter</strong></span> <span class='ocrx_word' id='word_1_255' title='bbox 718 3006 865 3083; x_wconf 89' lang='lat' dir='ltr'><strong>rubentis,</strong></span> <span class='ocrx_word' id='word_1_256' title='bbox 895 3010 1004 3068; x_wconf 89' lang='lat' dir='ltr'><strong>semina</strong></span> <span class='ocrx_word' id='word_1_257' title='bbox 1030 3006 1059 3064; x_wconf 94' lang='lat' dir='ltr'><strong>in</strong></span> 
     </span>
     <span class='ocr_line' id='line_1_34' title="bbox 56 3091 1058 3177; baseline -0.009 -21"><span class='ocrx_word' id='word_1_258' title='bbox 56 3099 180 3176; x_wconf 86' lang='lat' dir='ltr'><strong>capitibus</strong></span> <span class='ocrx_word' id='word_1_259' title='bbox 204 3097 364 3177; x_wconf 88' lang='lat' dir='ltr'><strong>lappaceis</strong></span> <span class='ocrx_word' id='word_1_260' title='bbox 391 3094 581 3156; x_wconf 89' lang='lat' dir='ltr'><strong>adhaerentia</strong></span> <span class='ocrx_word' id='word_1_261' title='bbox 603 3091 751 3164; x_wconf 89' lang='lat' dir='ltr'><strong>vestibus,</strong></span> <span class='ocrx_word' id='word_1_262' title='bbox 773 3091 848 3152; x_wconf 90' lang='lat' dir='ltr'><strong>unde</strong></span> <span class='ocrx_word' id='word_1_263' title='bbox 870 3100 899 3152; x_wconf 91' lang='lat' dir='ltr'><strong>et</strong></span> <span class='ocrx_word' id='word_1_264' title='bbox 920 3092 1058 3154; x_wconf 87' lang='lat' dir='ltr'><strong>helxinen</strong></span> 
     </span>
    </p>

    <p class='ocr_par' dir='ltr' id='par_1_7' title="bbox 57 3174 1102 3256">
     <span class='ocr_line' id='line_1_35' title="bbox 57 3174 1102 3256; baseline -0.009 -15"><span class='ocrx_word' id='word_1_265' title='bbox 57 3179 143 3242; x_wconf 90' lang='lat' dir='ltr'><strong>dictam</strong></span> <span class='ocrx_word' id='word_1_266' title='bbox 157 3182 273 3242; x_wconf 89' lang='lat' dir='ltr'><strong>volunt.</strong></span> <span class='ocrx_word' id='word_1_267' title='bbox 308 3179 364 3242; x_wconf 88' lang='lat' dir='ltr'><strong>sed</strong></span> <span class='ocrx_word' id='word_1_268' title='bbox 388 3196 443 3238; x_wconf 91' lang='lat' dir='ltr'><strong>nos</strong></span> <span class='ocrx_word' id='word_1_269' title='bbox 460 3177 553 3256; x_wconf 87' lang='lat' dir='ltr'><strong>qualis</strong></span> <span class='ocrx_word' id='word_1_270' title='bbox 575 3193 644 3235; x_wconf 88' lang='lat' dir='ltr'><strong>vera</strong></span> <span class='ocrx_word' id='word_1_271' title='bbox 667 3183 748 3234; x_wconf 89' lang='lat' dir='ltr'><strong>esset</strong></span> <span class='ocrx_word' id='word_1_272' title='bbox 768 3174 887 3235; x_wconf 85' lang='lat' dir='ltr'><strong>helxine</strong></span> <span class='ocrx_word' id='word_1_273' title='bbox 911 3176 1102 3239; x_wconf 70' lang='lat' dir='ltr'><strong>diximusaasa</strong></span> 
     </span>
    </p>

    <p class='ocr_par' dir='ltr' id='par_1_8' title="bbox 36 3258 1101 3592">
     <span class='ocr_line' id='line_1_36' title="bbox 58 3258 1101 3342; baseline -0.004 -20"><span class='ocrx_word' id='word_1_274' title='bbox 58 3266 130 3342; x_wconf 90' lang='lat' dir='ltr'><strong>priori</strong></span> <span class='ocrx_word' id='word_1_275' title='bbox 143 3266 233 3326; x_wconf 88' lang='lat' dir='ltr'><strong>lihro.</strong></span> <span class='ocrx_word' id='word_1_276' title='bbox 268 3265 347 3326; x_wconf 90' lang='lat' dir='ltr'><strong>haec</strong></span> <span class='ocrx_word' id='word_1_277' title='bbox 365 3272 463 3322; x_wconf 91' lang='lat' dir='ltr'><strong>autem</strong></span> <span class='ocrx_word' id='word_1_278' title='bbox 485 3260 575 3319; x_wconf 90' lang='lat' dir='ltr'><strong>inlicit</strong></span> <span class='ocrx_word' id='word_1_279' title='bbox 589 3258 687 3333; x_wconf 89' lang='lat' dir='ltr'><strong>lanas,</strong></span> <span class='ocrx_word' id='word_1_280' title='bbox 711 3268 793 3318; x_wconf 86' lang='lat' dir='ltr'><strong>sanat</strong></span> <span class='ocrx_word' id='word_1_281' title='bbox 814 3260 889 3336; x_wconf 83' lang='lat' dir='ltr'><strong>iguis</strong></span> <span class='ocrx_word' id='word_1_282' title='bbox 908 3276 1009 3319; x_wconf 90' lang='lat' dir='ltr'><strong>sacros</strong></span> <span class='ocrx_word' id='word_1_283' title='bbox 1027 3264 1101 3319; x_wconf 69' lang='lat' dir='ltr'><strong>etot</strong></span> 
     </span>
     <span class='ocr_line' id='line_1_37' title="bbox 36 3341 1060 3426; baseline -0.005 -20"><span class='ocrx_word' id='word_1_284' title='bbox 36 3355 165 3409; x_wconf 72' lang='lat' dir='ltr'><strong>utvnores</strong></span> <span class='ocrx_word' id='word_1_285' title='bbox 173 3348 437 3426; x_wconf 88' lang='lat' dir='ltr'><strong>collectionesque</strong></span> <span class='ocrx_word' id='word_1_286' title='bbox 451 3345 542 3403; x_wconf 89' lang='lat' dir='ltr'><strong>omnis</strong></span> <span class='ocrx_word' id='word_1_287' title='bbox 553 3351 583 3401; x_wconf 94' lang='lat' dir='ltr'><strong>et</strong></span> <span class='ocrx_word' id='word_1_288' title='bbox 594 3341 705 3417; x_wconf 91' lang='lat' dir='ltr'><strong>adusta,</strong></span> <span class='ocrx_word' id='word_1_289' title='bbox 715 3358 807 3418; x_wconf 88' lang='lat' dir='ltr'><strong>panos</strong></span> <span class='ocrx_word' id='word_1_290' title='bbox 821 3360 908 3405; x_wconf 92' lang='lat' dir='ltr'><strong>sucus</strong></span> <span class='ocrx_word' id='word_1_291' title='bbox 919 3345 982 3403; x_wconf 89' lang='lat' dir='ltr'><strong>eius</strong></span> <span class='ocrx_word' id='word_1_292' title='bbox 995 3359 1060 3402; x_wconf 90' lang='lat' dir='ltr'><strong>cum</strong></span> 
     </span>
     <span class='ocr_line' id='line_1_38' title="bbox 61 3427 1057 3508; baseline -0.005 -18"><span class='ocrx_word' id='word_1_293' title='bbox 61 3432 184 3508; x_wconf 78' lang='lat' dir='ltr'><strong>psimithio</strong></span> <span class='ocrx_word' id='word_1_294' title='bbox 201 3441 234 3492; x_wconf 91' lang='lat' dir='ltr'><strong>et</strong></span> <span class='ocrx_word' id='word_1_295' title='bbox 249 3441 369 3508; x_wconf 89' lang='lat' dir='ltr'><strong>guttura</strong></span> <span class='ocrx_word' id='word_1_296' title='bbox 383 3427 551 3508; x_wconf 87' lang='lat' dir='ltr'><strong>incipientia</strong></span> <span class='ocrx_word' id='word_1_297' title='bbox 567 3434 750 3503; x_wconf 84' lang='lat' dir='ltr'><strong>turgescere,</strong></span> <span class='ocrx_word' id='word_1_298' title='bbox 770 3427 839 3485; x_wconf 89' lang='lat' dir='ltr'><strong>item</strong></span> <span class='ocrx_word' id='word_1_299' title='bbox 855 3436 984 3486; x_wconf 88' lang='lat' dir='ltr'><strong>veterem</strong></span> <span class='ocrx_word' id='word_1_300' title='bbox 999 3434 1057 3485; x_wconf 94' lang='lat' dir='ltr'><strong>tus·</strong></span> 
     </span>
     <span class='ocr_line' id='line_1_39' title="bbox 62 3507 1059 3592; baseline -0.006 -18"><span class='ocrx_word' id='word_1_301' title='bbox 62 3515 100 3574; x_wconf 82' lang='lat' dir='ltr'><strong>sin</strong></span> <span class='ocrx_word' id='word_1_302' title='bbox 113 3517 216 3592; x_wconf 77' lang='lat' dir='ltr'><strong>cyatho</strong></span> <span class='ocrx_word' id='word_1_303' title='bbox 234 3516 338 3576; x_wconf 87' lang='lat' dir='ltr'><strong>hausto</strong></span> <span class='ocrx_word' id='word_1_304' title='bbox 357 3521 387 3572; x_wconf 88' lang='lat' dir='ltr'><strong>et</strong></span> <span class='ocrx_word' id='word_1_305' title='bbox 403 3511 499 3572; x_wconf 89' lang='lat' dir='ltr'><strong>omnia</strong></span> <span class='ocrx_word' id='word_1_306' title='bbox 511 3509 580 3567; x_wconf 89' lang='lat' dir='ltr'><strong>vitia</strong></span> <span class='ocrx_word' id='word_1_307' title='bbox 593 3507 696 3584; x_wconf 91' lang='lat' dir='ltr'><strong>umida,</strong></span> <span class='ocrx_word' id='word_1_308' title='bbox 708 3508 782 3568; x_wconf 89' lang='lat' dir='ltr'><strong>sicut</strong></span> <span class='ocrx_word' id='word_1_309' title='bbox 793 3508 928 3569; x_wconf 90' lang='lat' dir='ltr'><strong>tonsillas</strong></span> <span class='ocrx_word' id='word_1_310' title='bbox 944 3518 973 3569; x_wconf 91' lang='lat' dir='ltr'><strong>et</strong></span> <span class='ocrx_word' id='word_1_311' title='bbox 984 3510 1059 3570; x_wconf 86' lang='lat' dir='ltr'><strong>vari·</strong></span> 
     </span>
    </p>
   </div>
   <div class='ocr_carea' id='block_1_7' title="bbox 93 3591 892 3660">
    <p class='ocr_par' dir='ltr' id='par_1_9' title="bbox 93 3591 892 3660">
     <span class='ocr_line' id='line_1_40' title="bbox 93 3591 892 3660; baseline -0.004 -4"><span class='ocrx_word' id='word_1_312' title='bbox 93 3619 152 3660; x_wconf 78' lang='lat' dir='ltr'><strong>unm.</strong></span> <span class='ocrx_word' id='word_1_313' title='bbox 164 3620 233 3659; x_wconf 83' lang='lat' dir='ltr'><strong>nar.</strong></span> <span class='ocrx_word' id='word_1_314' title='bbox 251 3620 322 3659; x_wconf 85' lang='lat' dir='ltr'><strong>ursr.</strong></span> <span class='ocrx_word' id='word_1_315' title='bbox 339 3601 388 3657; x_wconf 90' lang='grc' dir='ltr'><strong>ΙΙΙ.</strong></span> <span class='ocrx_word' id='word_1_316' title='bbox 854 3591 892 3653; x_wconf 88' lang='grc'><strong>18</strong></span> 
     </span>
    </p>
   </div>
   <div class='ocr_carea' id='block_1_8' title="bbox 0 0 1214 3914">
    <p class='ocr_par' dir='ltr' id='par_1_10' title="bbox 0 0 1214 3914">
     <span class='ocr_line' id='line_1_41' title="bbox 0 0 1214 3914; baseline 0 0"><span class='ocrx_word' id='word_1_317' title='bbox 0 0 1214 3914; x_wconf 95' lang='lat' dir='ltr'><strong> </strong></span> 
     </span>
    </p>
   </div>
  </div>
 </body>
</html>
