2406 3914
1 237 5 407 p
295 250 585 300 unumunurn.
602 248 645 301 ur.
663 239 817 317 (uo-30.)
998 235 1060 298 277

1 421 2 484 q
49 405 109 466 sale
124 405 203 466 tollit
223 423 309 466 sucus
325 425 341 465 e
356 405 444 480 lolio,
465 404 540 465 unde
556 407 648 465 nostri
664 407 861 465 verrucariam
877 405 996 465 herbam
1010 423 1059 482 ap-

49 490 199 569 pellavere
215 491 279 550 aliis
298 491 494 567 cognominari
517 489 670 549 effectibus
686 490 856 566 digniorem.
890 507 1013 567 namque
1029 497 1061 548 et

49 574 232 653 serpentibus
249 583 278 634 et
293 572 497 652 scorpionibus
518 574 628 634 resistit
644 592 681 633 ex
702 575 769 633 vino
791 583 840 633 aut
861 590 934 652 aqua
956 573 1059 650 mulsa,

49 667 80 718 nt
92 657 317 738 Apollophanes
335 669 364 718 et
379 656 579 737 Apollodorus
603 657 727 717 tradunt.
756 657 826 718 lolia
846 658 992 717 infantium
1009 657 1059 716 de-

31 741 271 819 ustillationibus‚
299 744 377 822 quod
397 743 518 802 siriasim
539 750 662 816 vocant,
692 742 771 802 inlita
796 742 964 817 medentur,
992 743 1060 800 item

1 873 2 898 q
53 827 311 903 contractionibus,
329 828 414 887 etiam
426 827 450 885 si
461 826 491 886 id
504 825 687 886 comitialiter
700 826 821 886 accidat.
850 825 976 886 decocto
989 841 1060 902 quo-

1 905 2 938 *
26 893 105 990 'que
125 911 221 971 foveri
244 928 279 972 os
300 910 520 972 saluberrimum
543 919 598 970 est.
634 918 734 988 potum
755 909 783 969 id
800 909 884 988 pellit
905 911 1016 969 taenias
1033 917 1062 968 et

52 995 158 1056 renium
171 994 309 1055 barenas.
340 995 365 1056 si
380 996 521 1055 cuminum
536 993 693 1072 adiciatur,
713 993 843 1055 calculos
859 993 976 1070 frangit.
1011 992 1058 1051 de-

54 1081 134 1156 coqui
148 1097 213 1138 cum
226 1079 327 1140 radice
344 1087 478 1158 oportet,
494 1095 569 1157 quae
586 1095 649 1138 curu
658 1078 738 1138 ¹loliis
751 1087 782 1137 et
796 1077 907 1138 hircino
923 1076 996 1136 sebo
1009 1094 1060 1154 po·

27 1165 147 1240 rodagris
162 1163 299 1224 inlinitur.
329 1163 462 1223 Alterum
473 1179 567 1240 genus
583 1162 660 1240 quod
674 1164 834 1223 tricoccum
851 1161 1106 1241 appellavimus60

54 1257 82 1308 et
98 1247 155 1308 alio
177 1249 295 1308 nomine
314 1249 488 1326 scorpiuron
508 1255 646 1321 vocatur,
667 1247 746 1307 loliis
763 1263 822 1306 non
838 1246 931 1307 solum
946 1245 1062 1303 minori·

54 1331 103 1392 bus
121 1331 174 1391 sed
199 1333 285 1392 etiam
306 1332 335 1392 iu
357 1341 463 1392 terram
487 1329 687 1408 vergentibus.
723 1349 823 1390 semen
846 1333 872 1389 ei
898 1339 943 1388 est
964 1328 1063 1404 effigie

56 1416 214 1494 scorpionis
234 1415 360 1492 caudae,
383 1433 473 1496 quare
494 1432 609 1474 nomen.
642 1416 687 1475 ris
708 1415 853 1476 adomnia
876 1421 1018 1473 venenata
1034 1419 1064 1470 et

0 1520 1 1575 t
57 1499 220 1579 phalangia,
236 1498 291 1560 sed
304 1509 404 1560 contra
415 1501 589 1577 scorpiones
602 1500 762 1577 praecipue
774 1499 864 1558 inlita.
887 1516 944 1557 non
955 1497 1062 1556 leniun-

30 1591 96 1643 utnr
116 1583 275 1659 habentes,
299 1593 329 1644 et
347 1585 372 1643 si
392 1593 499 1644 terram
520 1583 639 1656 surculo
661 1583 819 1660 heliotropi
843 1578 1065 1642 circumscribat

56 1667 167 1747 aliquis,
186 1677 297 1746 negant
315 1670 501 1748 scorpionem
521 1667 642 1745 egredi,
668 1667 792 1745 inposita
809 1682 882 1726 vero
906 1664 997 1724 herba
1016 1669 1064 1721 aut

56 1751 105 1812 uda
119 1752 237 1813 omnino
252 1769 421 1830 respersum
436 1753 568 1831 protinus
582 1753 665 1811 mori.
688 1752 805 1810 seminis
822 1767 911 1827 granu
928 1754 1064 1827 quattuor

56 1844 116 1913 pota
133 1837 281 1913 quartanis
303 1836 447 1913 prodesse
469 1836 616 1914 dicuntur,
638 1837 692 1896 tria
713 1851 785 1895 vero
801 1834 948 1908 tertianis,
970 1829 1018 1890 vel
1040 1829 1063 1887 si

58 1917 141 1980 herba
154 1921 219 1998 ipsa
234 1929 280 1979 ter
293 1919 459 1980 circumlata
476 1920 634 1981 subiciatur
647 1920 744 1999 capiti.
774 1936 873 1978 semen
886 1927 915 1977 et
926 1931 1064 1976 venerem
1072 1917 1106 1972 61

32 2002 186 2080 instimulat,
203 2021 268 2062 cum
285 2005 372 2064 melle
387 2021 478 2082 panos
490 2004 615 2065 discutit.
637 2021 776 2064 verrucas
787 2002 843 2063 hoc
858 2003 957 2081 utique
972 1999 1064 2059 helio·

58 2087 174 2164 tropinm
193 2086 332 2147 radicitus
354 2087 479 2148 extrahit
496 2096 525 2147 et
540 2089 744 2148 excrescentia
762 2087 932 2147 insedibus.
962 2085 1064 2163 spinae

59 2187 167 2248 quoque
185 2187 222 2230 ac
237 2171 398 2231 lumborum
415 2173 586 2248 sanguinem
604 2181 768 2250 corruptum
785 2171 872 2231 trabit
890 2169 1000 2228 inlitum
1018 2185 1064 2226 se·

59 2271 117 2314 nan
132 2263 161 2314 et
183 2263 301 2333 potum,
322 2257 351 2315 in
370 2257 432 2315 iure
453 2256 609 2333 gallinacei
632 2255 785 2317 decoctum
807 2265 855 2315 aut
871 2272 935 2315 curn
951 2254 1019 2312 beta
1036 2258 1066 2311 et

59 2336 138 2399 lente.
169 2347 275 2399 cortex
289 2340 407 2399 seminis
421 2339 578 2400 liventibus
595 2339 726 2400 colorem
741 2340 845 2399 reddit.
878 2337 955 2414 Magi
972 2335 1065 2396 belio-

33 2424 175 2500 utrupium
195 2424 343 2501 quartanis
359 2431 478 2502 quater,
502 2423 531 2483 in
552 2425 683 2483 tertianis
703 2433 749 2483 ter
769 2422 891 2500 adligari
913 2420 1013 2479 iubent
1028 2417 1065 2476 ab

61 2505 118 2583 ipso
132 2523 225 2583 aegro
243 2508 418 2586 precarique
439 2525 502 2568 eum
521 2509 680 2569 soluturum
697 2525 730 2567 se
750 2507 844 2566 nodos
867 2504 1019 2564 liberatum
1037 2509 1066 2560 et

61 2587 151 2650 iacere
166 2607 225 2650 non
242 2600 377 2669 exempta
393 2591 494 2652 herba.

114 2674 197 2753 (30.)
221 2674 309 2735 Aliud
325 2674 439 2735 adianto
454 2675 639 2735 miraculum‘:
657 2682 770 2734 aestate
784 2674 875 2748 viret,
894 2670 993 2730 bruma
1008 2673 1110 2728 nuntia

62 2761 225 2834 marcescit,
249 2775 340 2837 aquas
360 2762 488 2838 respuit,
512 2759 661 2837 perfusum
682 2774 846 2818 mersumve
869 2756 950 2815 sicco
972 2753 1065 2814 simile

37 2850 116 2916 uest,
130 2875 172 2886 —
192 2850 272 2903 tauta
289 2843 458 2904 dissociatio
475 2842 719 2922 deprehenditur,
736 2838 866 2900 -unde
884 2847 913 2898 et
926 2856 1031 2898 nomen
1049 2855 1065 2897 u

63 2921 173 2986 Graecis
185 2926 294 3005 alioqui
308 2925 404 2986 frutici
418 2927 555 3005 topiario.
573 2928 687 3004 quidam
701 2924 883 2985 callitrichon
893 2931 1010 3000 vocant,
1018 2923 1067 2980 alii

62 3008 254 3088 polytrichon‚
280 3018 434 3088 utrumque
450 3012 486 3072 ab
509 3010 627 3070 ellectu.
660 3011 763 3086 tinguit
783 3010 858 3067 enirn
880 3008 1014 3088 capillum
1038 3013 1066 3064 et

63 3091 94 3152 ad
111 3093 166 3154 hoc
187 3093 363 3172 decoquitur
383 3096 411 3153 iu
426 3096 494 3154 rino
512 3113 575 3155 cum
593 3095 703 3154 semine
721 3094 768 3171 api
791 3093 905 3154 adiecto
925 3091 993 3152 oleo
1016 3107 1065 3150 co-

64 3175 154 3251 piose,
171 3187 200 3238 ut
214 3178 343 3256 crispum
358 3178 537 3257 densumque
550 3178 655 3254 iaciat,
673 3188 702 3238 et
716 3176 847 3238 debuere
859 3186 953 3237 autem
967 3173 1063 3254 prohi-

39 3257 118 3320 uber.
152 3259 217 3322 Duo
234 3263 297 3322 eius
320 3280 445 3339 genera:
468 3263 615 3323 candidius
640 3272 669 3321 et
687 3263 799 3339 nigrum
822 3261 1008 3337 breviusque.
1039 3258 1111 3320 idos

66 3344 135 3419 quod
147 3346 237 3407 maius
253 3353 314 3423 est,
331 3347 534 3426 polytrichom
552 3347 640 3424 aliqui
656 3347 852 3407 trichomanes
867 3351 981 3404 vocant.
998 3343 1066 3400 utri·

5 3485 6 3506 q
68 3441 117 3502 quc
132 3429 229 3490 ramuli
244 3432 328 3508 nigro
345 3431 447 3490 colore
463 3433 571 3504 nitent,
592 3431 672 3492 loliis
688 3431 802 3503 felicis,
823 3447 860 3488 ex
875 3425 977 3505 quibus
994 3425 1066 3480 infe.

5 3517 7 3572 l
68 3507 136 3572 riora
151 3531 253 3592 aspera
269 3529 306 3574 ac
326 3514 507 3591 fuscasum,
525 3515 620 3575 omnia
638 3524 732 3575 autem
747 3512 898 3574 contrariir
