2508 3924
365 248 445 298 nure
461 249 552 298 enen.
573 249 668 299 xxrx.
685 249 711 302 4.
729 239 879 318 (rt-aa.)
1046 239 1107 302 219
1151 219 1177 310 ¹.
1245 223 1250 238 '

123 419 206 481 quam
228 410 326 462 contra
356 405 500 480 serpentis
519 404 645 464 remedia
671 406 900 483 demonstrasse,
923 405 1053 483 qnoniam
1080 415 1108 466 et

122 484 196 544 haec
211 503 320 544 morum
341 488 482 546 veneficia
499 497 571 551 sunt.
595 488 748 550 draconum
765 489 878 568 adipem
900 497 1040 548 venenata
1063 490 1076 549 i
1096 521 1105 532 ·

120 571 211 646 giam,
228 571 306 644 item,
319 571 342 627 si
351 579 456 647 uratur,
472 571 698 652 ichneumonum,
712 573 823 650 fugiunt
835 582 864 633 et
880 574 976 632 urticis
988 573 1061 632 tritis
1078 573 1107 631 in

121 662 204 714 aceto
222 662 387 731 perunctos.
448 709 452 718 ,

96 759 110 797 e
182 735 265 813 (21.)
288 736 416 814 Viperae
433 746 519 816 caput
533 739 702 816 inpositum,
726 740 774 800 vel
796 739 914 798 alterius
933 755 1014 815 quam
1031 756 1102 815 quae
1115 749 1148 804 69

120 821 310 897 percusserit,
330 821 392 878 sine
409 822 467 879 line
481 821 615 898 prodest,
632 826 699 883 item
715 825 739 882 si
755 823 817 900 quis
833 839 894 880 eam
908 822 1000 898 ipsam
1014 821 1043 879 in
1059 840 1105 882 va·

119 920 191 980 pore
207 903 312 962 baculo
330 904 480 980 sustinent,
505 905 581 964 aiunt
602 908 676 966 enirn
690 923 884 985 praecanere,
909 906 977 962 item
997 906 1021 962 si
1042 906 1106 983 quis

120 996 240 1046 exustae
257 977 318 1044 eius
335 989 431 1045 cinere
447 988 553 1048 inlinat.
582 991 689 1049 reverti
705 998 797 1050 autem
814 989 848 1048 ad
862 1005 1030 1066 percussum
1046 1007 1105 1047 ser·
1209 1052 1212 1056 ,

120 1078 234 1148 pentem
255 1073 428 1130 necessitate
448 1080 566 1130 naturae
581 1071 712 1151 Nigidius
731 1083 830 1133 auctor
850 1079 903 1129 est.
941 1079 1026 1148 caput
1045 1072 1107 1148 qui·

85 1153 187 1212 rodem
207 1153 352 1213 dissecant
374 1153 499 1228 Scythae
526 1156 599 1214 inter
620 1159 696 1216 auris
719 1157 754 1218 ad
778 1154 954 1215 eximendum
978 1153 1106 1232 lapillum

122 1254 204 1314 quem
217 1239 292 1296 aiunt
305 1237 340 1296 ah
355 1255 388 1296 ea
403 1237 651 1298 devorariterrita.
662 1239 715 1299 ‘alit
727 1241 792 1318 ipso
804 1248 867 1299 toto
876 1240 971 1316 capite
983 1246 1104 1296 utuntur.

120 1321 188 1380 liunt
202 1321 348 1397 excipere
363 1319 470 1398 pastilli
484 1323 533 1399 qui
545 1322 663 1382 theriaci
679 1332 819 1382 vocantur
841 1339 858 1382 a
873 1321 1001 1395 Graecis,
1013 1321 1102 1380 ternis
1113 1330 1147 1385 to

120 1403 215 1480 digitis
227 1422 377 1463 mensurae
384 1405 523 1482 utrimque
536 1407 686 1482 amputatis
700 1407 898 1484 exemptisque
913 1405 1066 1464 interaneis
1077 1412 1106 1462 et

120 1487 214 1546 livore
231 1488 331 1564 spinae
348 1487 533 1562 adhaerente,
550 1490 661 1567 reliquo
679 1505 803 1567 corpore
823 1491 851 1547 in
866 1491 962 1566 patina
978 1505 1015 1546 ex
1031 1503 1105 1564 aqua

86 1590 111 1629 ns
122 1579 152 1629 et
165 1579 251 1628 aneto
267 1569 397 1630 discocto
413 1573 559 1650 spinisque
576 1575 717 1650 exemptis
733 1581 762 1631 et
777 1572 871 1632 addita
890 1570 1051 1646 similagine
1066 1579 1104 1630 at·

120 1671 175 1731 que
191 1654 228 1712 ita
246 1655 275 1712 in
293 1653 391 1712 umbra
413 1656 528 1713 siccatis
550 1656 671 1732 pastillis
693 1655 795 1733 quihus
821 1655 854 1715 ad
875 1655 961 1714 multa
981 1653 1104 1712 medica·

118 1745 212 1796 menta
232 1744 354 1796 utuntur.
386 1738 601 1814 significandum
619 1738 732 1798 videtur
759 1757 775 1798 e
797 1740 896 1816 vipera
915 1747 1021 1797 tantum
1048 1736 1104 1794 hoc

118 1821 191 1880 lieri.
228 1819 338 1897 quidam
353 1829 492 1898 purgatae
509 1828 538 1880 ut
559 1839 643 1900 supra
658 1821 762 1881 dictum
777 1831 823 1880 est
839 1820 951 1900 adipem
968 1838 1030 1880 cum
1047 1819 1105 1878 olei

118 1904 247 1962 sextario
259 1903 407 1962 decocunt
423 1903 458 1962 ad
473 1903 609 1964 dimidias.
646 1923 683 1964 ex
699 1923 748 1982 eo,
771 1922 832 1963 cum
850 1921 922 1984 opus
941 1904 990 1980 sit,
1012 1904 1102 1962 ternis

4 2067 5 2076 ἵ
83 1987 205 2046 aostillis
237 1985 338 2045 additis
363 1985 512 2056 inoleum
536 1997 730 2067 perunguntur
752 1997 781 2047 ut
805 2005 903 2048 omnes
929 1987 1040 2046 bestiae
1061 1986 1103 2044 iu·

119 2072 198 2146 giant
216 2086 277 2128 eos.

183 2151 266 2229 (22.)
289 2151 443 2212 Praeterea
458 2161 569 2214 constat
586 2163 684 2214 contra
700 2155 821 2214 omnium
838 2155 1012 2232 serpentium
1028 2153 1101 2210 ictus
1112 2159 1144 2212 tl

121 2235 250 2312 quamvis
270 2233 583 2316 insanabilistffisarum
602 2246 666 2296 exta
686 2240 807 2316 inposita
824 2239 968 2313 auxiliari,
994 2253 1104 2312 eosque

123 2320 171 2396 qui
188 2320 465 2398 aliquandoviperae
480 2323 561 2380 iecur
576 2330 688 2380 coctum
703 2321 1008 2398 hauserintnurnquem
1023 2325 1103 2397 post·

4 2403 5 2484 l
84 2419 158 2461 acea
179 2402 259 2462 ieriri
281 2421 298 2463 e
318 2411 464 2481 serpente.
495 2421 590 2482 neque
617 2405 717 2480 anguis
733 2413 888 2463 venenatus
910 2413 954 2462 est
975 2403 1028 2461 nisi
1052 2417 1105 2478 per

120 2503 246 2546 mensem
261 2488 325 2546 luna
342 2488 502 2562 instigatus,
519 2495 547 2545 et
565 2486 683 2564 prodest
697 2489 779 2546 vivos
796 2487 1011 2563 conprehensus
1033 2484 1103 2542 etin

120 2587 195 2647 aque
210 2578 379 2645 coutunsus,
397 2571 420 2628 si
437 2570 588 2628 foveantur
604 2570 642 2628 ita
664 2586 784 2628 morsus.
821 2570 894 2643 Quin
916 2578 944 2627 et
964 2570 1060 2626 inesse
1076 2567 1145 2630 citt

62 2707 66 2713 .
119 2652 245 2712 remedia
260 2653 346 2718 multa
366 2647 532 2728 ereduntur,
554 2661 584 2710 ut
599 2653 775 2728 digeremus,
798 2661 826 2711 et
841 2651 906 2711 ideo
927 2650 1103 2727 Aesculapio

51 2776 82 2825 ἱ,
119 2735 240 2795 dicatur.
268 2734 449 2796 Democritus
465 2735 576 2812 quidem
588 2745 713 2795 monstra
733 2735 869 2821 quaedam
885 2753 922 2793 ex
937 2735 980 2793 his
997 2733 1102 2792 conlin-

4 2833 12 2860 *
84 2837 110 2878 eo
120 2822 164 2895 git
176 2827 206 2876 ut
221 2819 332 2896 possint
346 2819 438 2877 avium
453 2836 602 2878 sermones
616 2819 754 2894 intellegi.
787 2818 897 2894 Anguis
912 2817 1104 2894 Aesculapius

4 2919 20 2950 s·
119 2902 267 2981 Epidauro
284 2902 402 2961 Romam
418 2901 555 2962 advectus
570 2911 614 2962 est
628 2903 775 2979 volgoque
791 2902 917 2980 pascitur
927 2910 955 2959 et
969 2903 996 2958 iu
1014 2900 1102 2958 domi·

73 3002 81 3056 3
119 2984 183 3060 bus,
202 3003 237 3046 ac
252 2986 306 3044 nisi
322 2985 460 3045 incendiis
475 2988 581 3044 semina
597 2994 795 3061 exurerentur,
812 2997 868 3042 non
884 2993 961 3043 esset
976 2983 1102 3042 iecundi·

4 3043 18 3108 l
70 3069 75 3076 “
119 3071 169 3128 tati
183 3086 283 3129 eorum
298 3070 446 3132 resistere.
467 3067 499 3128 ln
511 3068 582 3128 orbe
593 3078 730 3128 terrarum
743 3068 961 3152 pulcherrimum
972 3069 1103 3144 angulum

119 3169 213 3230 genus
231 3161 275 3212 est
291 3153 367 3229 quod
383 3161 411 3212 et
428 3155 455 3212 in
472 3169 544 3228 aque
559 3153 642 3229 vivit,
667 3152 748 3226 hydri
764 3159 918 3226 vocantur,
941 3150 1020 3210 nullo
1043 3168 1102 3209 ser·

4 3237 5 3272 l
84 3237 246 3314 tepentium
261 3237 416 3296 inferiores
437 3251 558 3294 veneno.
588 3234 687 3294 horum
709 3237 788 3292 iecur
808 3242 948 3292 servatum
965 3233 1103 3293 adversus

119 3337 277 3397 percussos
292 3319 327 3379 ah
343 3320 388 3378 his
402 3319 534 3379 auxilium
550 3327 602 3376 est.
640 3318 762 3394 Scorpio
784 3317 866 3376 tritus
888 3317 1038 3377 stelionum
1051 3326 1145 3381 veta

118 3419 195 3462 neno
218 3403 396 3463 adversatur.
437 3403 468 3462 fit
490 3403 563 3461 enim
585 3409 645 3460 ete
668 3399 837 3460 stelionibus
856 3401 958 3460 malum
979 3399 1101 3472 medica·

75 3516 82 3526 ,
118 3495 254 3568 mentun
289 3503 352 3547 uam
368 3504 431 3547 cum
445 3487 600 3547 inmortuus
614 3494 659 3547 est
673 3486 751 3564 vino,
764 3483 867 3546 faciem
883 3501 982 3544 eorum
997 3483 1043 3561 qui
1059 3481 1101 3541 bi·
