2458 3906
300 264 381 312 unu.
399 265 494 313 uren.
508 266 581 314 xm.
598 265 683 318 3—4.
701 256 839 333 (8—10.)
1011 253 1072 316 235

69 428 150 481 teste.
184 428 341 500 praeterea
361 419 390 479 in
410 429 556 497 unguenta
578 421 695 497 transit,
718 431 749 482 ut
765 423 896 482 diximus.
922 423 1050 484 medicas
1063 443 1114 484 sae

70 522 119 584 per
144 522 179 564 se
203 505 274 565 artis
298 502 433 582 praebet.
477 505 641 582 emplastris
666 515 753 584 atque
779 506 911 582 collyriis
937 508 1073 568 inseritur

68 588 192 649 mordaci
214 588 393 663 subtilitate,
418 606 580 648 mensarum
606 591 691 649 etiam
715 589 829 650 deliciis
856 591 1072 668 perunguendis

67 675 185 733 minume
200 674 298 732 noxia.
331 671 445 733 Genera
461 674 523 732 eius
539 675 630 733 nostri
652 673 753 734 iecere
775 672 966 735 celeberrima
985 679 1114 737 Prae-16

8 803 9 818 l
48 757 203 818 turstinum
215 765 246 817 et
262 753 445 835 Campanam.
477 756 615 817 addidere
632 757 681 818 alii
695 757 854 834 Milesiam,
876 759 957 819 cuins
975 760 1012 819 sit
1028 777 1072 818 ar·

67 841 247 902 lautissimus
260 841 346 901 color
356 857 414 900 uon
424 840 598 901 excedentis
610 841 743 902 duodena
757 841 846 918 folia,
863 859 1032 921 proxumam
1045 843 1072 902 ei

8 933 9 974 ὲ
67 924 243 986 lmchiniam
269 927 362 984 minus
393 925 560 1000 rubentem,
593 942 662 985 mox
688 924 897 986 Alabandicam
926 927 1070 1001 viliorem,
1099 977 1102 985 ,

8 1011 10 1080 ᾗ
67 1009 254 1070 albicantibus
278 1009 374 1084 loliis,
396 1008 562 1069 vilissimam
580 1026 652 1069 vero
671 1009 828 1087 plurumis,
851 1009 904 1069 sed
919 1010 1071 1070 minutissi-

8 1085 10 1170 l
67 1095 129 1169 nis,
151 1093 321 1172 spiniolam.
351 1092 486 1153 differunt
501 1094 576 1154 enim
589 1093 769 1155 multitudine
784 1093 937 1171 loliorum,
961 1095 1072 1172 asperi-

8 1199 9 1254 j
42 1186 135 1254 rotate,
161 1177 285 1253 levore,
312 1176 431 1253 colore,
456 1176 558 1237 odore.
603 1179 778 1256 paucissima
807 1179 892 1257 quina
916 1178 1002 1254 lolia,
1034 1187 1112 1241 aclt

8 1257 10 1346 l
69 1261 164 1324 deinde
191 1262 413 1337 numerosiora,
437 1279 501 1322 cum
529 1262 567 1321 sit
589 1279 682 1338 genus
705 1263 766 1322 eius
788 1279 879 1341 qnam·
896 1261 1072 1323 centifoliam

8 1351 10 1428 l
68 1354 183 1422 vocant,
208 1355 354 1426 quaeest
379 1346 407 1405 in
422 1343 578 1424 Campania
598 1345 717 1421 ltaliae,
736 1343 878 1407 Graeciae
900 1362 972 1406 vero
994 1347 1070 1406 circa

8 1429 10 1440 ’
68 1429 231 1510 Philippos,
264 1429 318 1490 sed
347 1429 385 1490 ibi
418 1447 475 1490 non
500 1446 571 1490 suae
599 1439 697 1490 terrac
723 1438 878 1509 proventu.
919 1429 1072 1507 Pangaeus

68 1531 141 1576 none
155 1517 186 1576 in
202 1511 302 1574 vicino
317 1513 375 1574 lert
391 1516 553 1574 numerosis
568 1513 647 1574 loliis
661 1531 697 1574 ao
711 1515 824 1593 parvis,
841 1513 963 1575 adcolae
979 1523 1070 1575 trans·

42 1597 191 1660 relerentes
207 1607 377 1675 conserunt,
394 1600 515 1677 ipsaque
531 1597 708 1676 plantatione
723 1598 885 1677 proliciunt.
908 1608 1072 1658 nouantem

68 1682 125 1744 talis
149 1682 357 1744 odoratissima
379 1691 440 1758 est,
473 1699 529 1742 nec
550 1683 596 1742 oui
618 1682 786 1742 latissimum
799 1695 1005 1742 maxumumve
1027 1681 1071 1741 lo·

68 1766 144 1840 lium,
159 1768 354 1845 breviterque
368 1766 504 1828 indicium
519 1775 565 1826 est
580 1766 679 1827 odoris
695 1765 830 1827 scabritia
847 1766 975 1826 corticis.
999 1763 1072 1825 Cae·
1080 1775 1114 1828 18

69 1852 111 1929 pio
125 1850 228 1911 Tiberi
245 1847 381 1910 Caesaris
399 1851 561 1930 principatu
577 1853 695 1928 negavit
710 1849 889 1911 centifoliam
905 1850 933 1908 in
948 1866 1072 1910 coronas

70 1935 141 2010 addi,
166 1943 375 2014 praeterquam
398 1943 548 1996 extremos
569 1934 649 1994 velut
674 1935 710 1996 ad
732 1934 882 2010 cardines,
906 1951 963 1994 nec
979 1934 1071 1994 odore

43 2037 118 2081 auec
135 2021 242 2098 specie
265 2019 457 2097 probabilem.
480 2028 525 2080 est
542 2028 571 2078 et
589 2037 663 2098 quae
679 2016 792 2079 Graeca
810 2017 974 2096 appellatur
990 2036 1006 2078 a
1021 2035 1071 2077 no·

72 2105 146 2180 stris,
166 2122 184 2164 a
202 2101 326 2164 Graecis
342 2103 471 2179 lychnis,
493 2105 618 2163 nonnisi
633 2105 662 2162 in
676 2101 865 2162 umidisloois
882 2103 1070 2180 proveniens,

71 2205 118 2248 nec
134 2204 271 2267 nmquam
287 2186 434 2248 excedens
451 2189 578 2265 quinque
594 2187 680 2261 lolia,
696 2186 852 2265 violaeque
867 2186 1072 2264 magnitudine,

72 2271 153 2332 odore
168 2271 264 2332 nullo.
299 2280 345 2331 est
358 2280 388 2331 et
401 2270 457 2332 alia
473 2269 615 2331 Graecula
630 2270 794 2350 appellata,
809 2270 973 2331 convolutis
985 2269 1072 2331 lolio·

71 2373 123 2416 rum
143 2355 308 2434 paniculis,
331 2373 388 2416 nec
409 2354 564 2416 dehiscens
587 2355 642 2414 nisi
662 2370 746 2414 manu
767 2363 870 2415 coacta
895 2371 1071 2432 semperque

45 2443 192 2502 renascenti
217 2440 336 2516 similis,
360 2439 506 2500 latissimis
527 2437 616 2498 loliis.
645 2437 701 2498 alla
725 2438 852 2499 funditur
869 2455 886 2496 e
901 2437 985 2498 caule
1002 2437 1072 2496 mal·
1083 2448 1114 2500 19

72 2541 154 2585 raceo
170 2525 245 2585 folia
261 2523 348 2584 oleae
363 2523 489 2584 habente
501 2555 543 2568 --
553 2531 696 2583 macetum
710 2531 817 2582 vocant
831 2555 883 2596 -·,
899 2531 985 2598 atque
998 2520 1072 2579 inter

72 2607 116 2669 bas
125 2609 220 2670 media
232 2608 428 2686 magnitudine
441 2606 611 2668 autumnalis
624 2624 708 2684 quam
721 2605 899 2666 coroniolam
912 2603 1072 2683 appellant,

72 2708 162 2754 onnes
185 2695 249 2752 sine
272 2690 365 2752 odore
383 2700 501 2770 praeter
523 2690 703 2752 coroniolam
719 2699 749 2750 et
765 2688 882 2749 inruho
898 2697 1001 2748 natam.
1029 2696 1073 2747 tot

72 2776 154 2837 modis
169 2776 360 2838 adulteratur.
388 2784 418 2836 et
432 2774 504 2835 alias
518 2793 588 2836 vera
599 2791 717 2854 quoque
732 2774 893 2853 plurumum
907 2772 973 2832 solo
987 2789 1071 2850 prae-

46 2859 151 2922 aualet.
182 2859 309 2936 Cyrenis
327 2860 528 2921 odoratissima
543 2868 603 2936 est,
620 2859 746 2936 ideoque
761 2857 801 2917 ibi
819 2865 995 2934 unguentum
1010 2855 1072 2934 pul-

74 2941 254 3021 cherrimum,
270 2941 446 3021 Carthagine
460 2942 617 3022 Hispaniae
632 2943 727 3004 hieme
743 2949 804 3002 tota
818 2957 959 3020 praecox.
982 2940 1074 3000 relert

75 3036 99 3086 et
122 3029 196 3090 caeli
218 3030 394 3107 temperies,
429 3027 599 3106 quibusdam
625 3029 698 3087 enim
724 3027 805 3087 annis
834 3026 925 3086 minus
952 3024 1074 3085 odorata

75 3115 214 3189 provenit,
244 3121 400 3192 praeterea
432 3114 525 3174 omnis
549 3112 637 3172 siccis
665 3128 750 3189 qnam
779 3110 882 3170 umidis
913 3109 1072 3170 odoratior.

75 3197 126 3256 seri
147 3215 246 3276 neque
268 3195 425 3276 pinguibus
448 3195 511 3256 volt
525 3213 621 3275 neque
636 3195 785 3272 argillosis
806 3195 881 3255 locis
898 3209 953 3252 nec
968 3191 1070 3268 riguis,
1082 3199 1117 3252 20

13 3309 15 3396 q
48 3290 202 3342 stertente
221 3281 355 3355 ruribus,
377 3283 555 3360 proprieque
575 3280 741 3341 ruderatum
757 3297 856 3357 agrum
876 3285 959 3338 amat.
990 3292 1074 3353 prae·

13 3397 16 3434 ,
77 3380 126 3426 oox
147 3363 297 3446 Campana
323 3374 385 3441 est,
415 3381 482 3425 sera
504 3363 634 3440 hlilesia,
665 3365 823 3423 novissime
849 3370 945 3422 tamen
970 3358 1074 3420 desinit
1145 3381 1147 3385 ·

13 3435 15 3514 h
77 3445 264 3512 Praenestina.
310 3450 457 3510 lodiuntur
484 3449 568 3509 altius
598 3466 683 3528 quam
713 3447 833 3524 fruges,
866 3445 960 3505 levius
991 3460 1075 3521 quam

78 3532 152 3594 vites.
186 3535 352 3598 tardissime
374 3535 547 3613 proueniunt
567 3536 695 3608 semme,
722 3531 800 3609 quod
822 3530 851 3588 in
877 3531 943 3607 ipso
966 3527 1075 3587 cortien

14 3745 16 3778 l

14 3781 16 3806 r

15 3817 17 3832 l

15 3841 16 3854 l

15 3885 18 3901 l
