2396 3922
134 249 192 309 150
465 258 496 308 e.
514 259 608 306 nnius
622 255 772 306 succuum

132 413 259 473 evolsam
279 412 449 489 adalligant,
465 413 539 473 adeo
556 421 655 472 contra
672 410 813 490 profluvia
828 409 988 484 sauguims,
1001 421 1055 464 nec
1068 402 1107 463 ul·

132 498 186 557 larn
204 498 294 572 magis
309 497 416 556 aridam
430 514 515 574 quam
531 496 708 574 polygonum
725 503 851 553 seruant.

90 591 140 644 118
202 577 286 662 (92.)
309 579 486 639 Pancratium
501 579 588 658 aliqui
603 579 714 638 scillam
735 576 868 656 pusillam
889 573 1039 653 appellare
1057 589 1111 630 ma

131 664 201 738 lunt,
217 662 294 722 iuliis
311 663 369 722 albi
385 663 425 722 lili
441 663 620 739 longioribus
638 661 905 737 crassioribusque,
925 657 1023 716 radice
1038 655 1116 714 bulbi

129 748 235 822 magni,
256 746 357 805 colore
372 745 446 804 rufo.
478 746 572 805 alvom
588 745 675 805 solvit
690 761 761 804 suco
778 762 841 802 curn
856 742 948 801 farina
964 741 1026 798 ervi
1042 755 1138 796 snm-s

130 839 197 908 ppo,
218 829 316 888 ulcera
333 839 447 907 purgat.
477 829 656 907 hydropicis,
681 827 821 907 splenicis
843 844 907 884 eum
923 824 1010 882 melle
1028 821 1118 881 datur.

130 913 178 972 alii
199 912 341 972 decocunt
356 931 418 972 eam
432 912 528 971 donec
542 929 615 990 aqua
630 912 722 972 dulcis
739 913 800 987 liat,
826 927 920 986 eaque
936 908 1030 966 effusa
1045 905 1120 964 radi·

131 1015 193 1055 cem
214 1005 341 1056 terentes
361 997 495 1072 digerunt
514 998 542 1054 in
567 997 701 1074 pastillos
726 994 790 1055 sole
814 995 942 1052 siccatos
964 999 995 1048 et
1017 997 1123 1066 postea

128 1089 242 1138 utuntur
264 1080 299 1139 ad
324 1081 426 1157 capitis
446 1079 544 1138 ulcera
568 1088 597 1138 et
623 1089 720 1139 cetera
742 1095 815 1157 quae
841 1073 1027 1155 repurganda
1054 1075 1123 1145 sint,

129 1164 195 1222 item
211 1163 246 1222 ad
261 1164 359 1222 tussim
375 1171 509 1240 quantum
529 1162 619 1222 tribus
633 1163 730 1239 digitis
748 1159 992 1238 adprehenderint
1008 1159 1039 1214 iu
1053 1156 1124 1213 vino
1134 1175 1157 1215 iu

130 1245 240 1320 dantes,
259 1256 288 1304 et
307 1246 343 1305 ad
360 1245 459 1304 lateris
477 1245 595 1305 dolores
609 1256 656 1306 aui
673 1244 927 1323 peripleumonicis
951 1241 1125 1316 ecligmate.

129 1328 195 1388 dant
211 1337 240 1388 et
256 1337 375 1408 propter
390 1329 518 1389 ischiada
534 1331 562 1388 in
573 1332 641 1388 vino
654 1327 806 1388 bibendam
821 1335 851 1386 et
863 1322 1128 1405 proptertormiua

127 1429 300 1488 mensesque
318 1412 447 1471 ciendos,

88 1506 139 1559 119
201 1495 292 1574 (93.)
306 1496 414 1574 Peplis,
431 1513 515 1573 quam
531 1495 618 1574 aliqui
633 1513 732 1570 sycen,
749 1494 795 1554 alii
809 1495 976 1570 meconion,
992 1491 1045 1550 alii
1064 1507 1129 1548 me-

130 1596 201 1638 cona
219 1579 348 1655 aphrode
362 1588 485 1655 vocant,
509 1597 547 1638 ex
564 1597 619 1639 una
639 1579 739 1640 radice
755 1582 832 1638 tenui
848 1579 965 1638 fruticat
979 1575 1063 1636 loliis
1077 1591 1130 1632 ru·
1141 1591 1162 1630 is

128 1669 174 1720 tae
190 1661 275 1738 paulo
288 1662 453 1738 latioribus,
475 1665 582 1722 semine
599 1661 650 1721 sub
667 1663 745 1721 loliis
759 1663 899 1738 rotundo,
912 1663 1027 1719 minore
1039 1674 1132 1736 quam

129 1744 240 1802 candidi
256 1748 419 1822 papaveris.
450 1745 525 1804 inter
537 1746 603 1804 vitis
619 1746 682 1805 fere
698 1745 846 1821 colligitur
860 1745 1005 1804 messibus
1030 1743 1131 1801 sicca·

129 1835 230 1903 turque
252 1846 314 1886 eum
335 1828 428 1887 fructu
447 1847 500 1888 suc
515 1828 652 1888 subiectis
668 1829 696 1887 in
716 1845 792 1908 quae
814 1828 940 1888 excidat.
970 1827 1034 1886 hoc
1054 1833 1132 1904 poto

130 1908 211 1968 alvos
223 1910 349 1986 solvitur,
365 1911 429 1970 bilis
442 1931 476 1972 ac
492 1913 589 1990 pituita
600 1911 766 1972 detrahitur.
787 1913 880 1970 media
897 1911 979 1990 potio
996 1919 1045 1968 est
1060 1925 1133 1967 ace-

109 1991 217 2052 ¹tubuli
230 2009 360 2054 mensura
379 1998 407 2053 in
425 2013 516 2075 aquae
535 1995 643 2055 mulsae
665 1993 785 2054 heminis
801 1994 902 2054 tribus.
934 2002 964 2052 et
988 1991 1068 2052 cibis
1087 1993 1167 2052 imm

128 2075 272 2151 spergitur
288 2079 475 2154 opsoniisque
490 2078 525 2137 ad
541 2078 722 2138 molliendam
738 2077 842 2138 alvom.

87 2165 138 2217 120
201 2158 284 2235 (94.)
305 2159 520 2233 Periclymenus
542 2163 658 2222 fruticat
680 2172 710 2220 et
732 2163 796 2240 ipsa
826 2179 864 2220 ex
884 2157 1045 2218 intervallo
1069 2156 1134 2216 duc

128 2238 197 2297 iolia
219 2238 327 2299 habens
341 2241 534 2320 subcandida,
555 2245 663 2305 mollia.
700 2246 729 2303 in
746 2246 894 2304 cacumine
910 2252 1005 2302 autern
1024 2257 1134 2300 semen

127 2321 201 2380 inter
215 2321 284 2381 folia
300 2324 399 2384 durum
417 2335 446 2385 et
461 2328 538 2405 quod
553 2327 672 2387 difficile
687 2327 822 2388 vellatur.
849 2328 979 2388 nascitur
996 2327 1027 2383 in
1049 2325 1135 2384 arvis

125 2421 160 2463 ac
175 2405 309 2484 saepibus
325 2409 503 2469 convolvens
520 2429 553 2469 se
569 2410 745 2470 adminiculis
756 2410 999 2489 quibuscumque.
1023 2422 1165 2466 semensa

128 2489 190 2546 eius
206 2490 234 2547 in
249 2490 347 2551 umbra
361 2494 498 2560 siccatum
519 2494 643 2552 tunditur
659 2502 688 2552 et
709 2496 737 2552 in
751 2495 887 2572 pastillos
903 2493 1062 2568 digeritur.
1102 2490 1134 2549 hi

126 2571 246 2630 resoluti
262 2573 362 2633 dantur
383 2576 411 2634 iu
429 2577 486 2634 vini
505 2576 563 2635 albi
579 2576 688 2651 cyathis
706 2580 797 2636 ternis
818 2577 939 2636 tricenis
961 2574 1082 2654 diebus,
1094 2574 1134 2633 ad

127 2653 241 2729 lienem,
259 2673 379 2734 eumque
396 2658 476 2718 urina
492 2667 638 2718 cruentata
651 2669 699 2718 aut
714 2679 768 2739 per
781 2660 878 2720 alvom
890 2659 1027 2733 absumit,
1048 2657 1133 2736 quod

125 2735 301 2812 intellegitur
318 2757 335 2798 a
354 2740 473 2801 decumo
488 2745 580 2802 statim
594 2742 650 2801 die.
679 2745 787 2803 urinam
801 2747 879 2804 cient
896 2751 925 2801 ct
942 2741 1015 2802 lolia
1036 2741 1132 2800 deco·

127 2825 187 2889 ctu,
204 2835 276 2893 quae
298 2830 326 2879 et
345 2824 542 2902 orthopnoicis
559 2833 687 2904 prosunt.
719 2836 830 2903 partum
850 2843 971 2904 quoquc
986 2823 1164 2884 adiuvante

77 2927 82 2944 ·
128 2898 327 2976 secundasque
343 2907 454 2982 pellunt
469 2917 539 2984 pota
553 2908 636 2966 simili
651 2909 749 2968 modo.

88 2991 136 3042 121
202 2979 285 3056 (95.)
308 2983 472 3048 Pelecinum
486 2993 514 3048 iu
529 2990 679 3066 segetibus
697 2991 820 3051 diximus
834 2991 933 3065 nasci,
950 2991 1132 3050 fruticosam

84 3063 112 3100 ¹⁸·
124 3059 156 3094 ¹⁵⁵
168 3061 324 3138 cauliculis,
343 3067 420 3128 foliis
436 3074 549 3132 ciceris.
579 3091 677 3132 semen
700 3075 729 3133 in
749 3076 860 3152 siliquis
882 3075 941 3133 fert
957 3075 1131 3134 corniculo·

124 3161 186 3201 rurn
204 3142 288 3200 modo
311 3145 429 3209 aduncis
450 3158 538 3214 ternis
560 3159 760 3232 quaternisve,
797 3159 882 3235 quale
908 3159 954 3233 git
979 3159 1131 3232 novimus,

126 3241 258 3296 amarum,
275 3230 422 3288 stomacho
438 3237 517 3295 utile.
545 3239 656 3298 additur
669 3242 698 3299 in
713 3241 848 3300 antidota.
1138 3253 1161 3293 ³⁵

203 3305 284 3382 (96)
306 3305 446 3384 P⁰¹lgala
462 3320 547 3392 palmi
558 3322 734 3380 altitudinem
747 3324 850 3400 inplet,
866 3324 896 3382 in
909 3323 999 3382 caule
1015 3340 1130 3382 summo

124 3387 379 3526 {pallqssqqqqioulae
395 3406 481 3467 gustu
495 3403 649 3481 adstricto,
674 3422 749 3481 quae
770 3415 839 3484 pota
862 3406 952 3466 lactis
976 3405 1129 3466 abundan-
