2504 3930
186 241 249 304 286
539 257 570 304 c.
587 259 682 304 runnu
699 257 849 306 escoron

83 435 88 444 ·
186 408 265 487 quod
289 427 322 468 se
348 419 503 470 reuocaret
524 411 853 490 quadringentorumque
873 412 1011 488 remigum
1036 410 1169 488 obsequio

49 504 53 508 ’
156 503 286 556 sennua
306 511 338 552 se
358 493 562 554 intercederet.
593 494 744 554 constabat
763 495 947 572 peculiariter
964 499 1093 555 miratum
1107 511 1168 571 quo

184 577 271 636 modo
292 577 454 636 adhaerens
467 579 608 638 tenuisset
624 596 679 637 nec
695 579 770 638 idem
787 579 913 657 polleret
929 580 958 637 in
973 580 1115 654 navigium
1129 596 1167 636 re·
1215 575 1218 582 ’

185 670 297 738 ceptus.
319 661 366 738 qui
376 669 442 719 tuno
453 670 615 740 posteaque
627 661 727 720 ridere
739 681 804 722 eum
815 663 909 722 limaci
923 679 1045 739 magnae
1058 653 1169 720 similem

184 762 251 802 esse
272 743 377 803 dcunt.
398 762 452 803 nos
464 745 586 822 plurium
603 747 755 824 opiniones
771 748 917 824 posuimus
933 748 961 805 in
976 755 1076 804 natura
1092 761 1191 821 aqua-s
1225 761 1230 770 ·

140 847 223 889 nam
236 828 342 903 tilium,
360 845 423 886 cum
437 828 475 887 de
490 845 527 887 eo
543 828 713 896 diceremus.
744 849 800 890 nec
813 829 972 890 dubitamus
986 828 1063 888 idem
1078 827 1172 886 valere
1224 855 1229 866 ·

183 912 276 970 omnia
291 928 325 969 ea
339 928 467 987 genera,
490 930 553 971 cum
569 911 678 972 celebri
699 922 728 972 et
749 922 922 974 consecrato
942 914 1027 972 etiam
1042 910 1172 989 exemplo

182 994 258 1072 apud
271 993 399 1054 Cnidiam
408 997 552 1055 Venerem
570 994 698 1054 conchas
715 1015 833 1076 qunque
849 1015 917 1056 esse
931 995 1060 1056 eiusdem
1077 1003 1172 1072 poten·

153 1081 238 1141 otiae
262 1078 341 1136 credi
362 1097 487 1138 necesse
509 1081 555 1138 sit.
588 1078 613 1138 ll
633 1081 740 1139 nostris
757 1081 870 1158 quidam
883 1079 982 1139 Latine
1001 1095 1113 1138 moram
1127 1095 1173 1154 ap-

181 1162 331 1240 pellavere
341 1181 415 1237 eum,
426 1165 592 1241 mirumque,
607 1162 754 1223 eGraecis
770 1165 818 1224 alii
833 1163 961 1224 lubricos
976 1172 1078 1242 partus
1092 1171 1203 1239 atqueu

139 1265 156 1306 ι,
163 1266 185 1298 ιι
194 1246 371 1322 procidentis
384 1249 525 1307 contineri
542 1247 579 1306 ad
599 1248 787 1307 maturitatem
805 1247 975 1324 adalligato,
994 1256 1025 1304 ut
1045 1246 1175 1319 diximus,

181 1328 376 1406 prodiderunt,
388 1331 435 1390 alii
450 1331 512 1390 sale
522 1331 703 1390 adservatum
714 1331 956 1408 adalligatumque
968 1328 1099 1407 gravidis
1115 1346 1174 1405 par·

179 1422 224 1471 tus
241 1413 368 1488 solvere,
380 1413 418 1472 ob
434 1413 462 1472 id
477 1414 535 1474 alio
550 1415 665 1473 nomine
681 1415 850 1490 odinolyten
868 1413 1019 1493 appellari.
1041 1429 1175 1490 quocum·

180 1515 235 1573 que
246 1497 333 1556 modo
345 1497 400 1556 ista
412 1515 444 1556 ιι
453 1496 570 1574 hahent,
586 1499 650 1575 quis
665 1496 701 1556 ab
714 1497 772 1559 hoc
780 1499 894 1558 tenendi
909 1498 1023 1574 navigia
1040 1493 1176 1572 exemplo
1230 1575 1231 1578 Ἴ

179 1579 215 1638 de
234 1579 292 1640 ulla
313 1583 440 1658 potentia
459 1589 577 1641 naturae
597 1582 683 1658 vique
699 1591 729 1640 et
752 1582 859 1642 ellectu
873 1581 903 1640 iu
917 1579 1057 1640 remediis
1073 1587 1175 1658 sponte
1185 1589 1204 1629 ιι

178 1663 354 1722 nascentium
368 1682 463 1723 rerum
478 1662 608 1724 dubitet?

149 1754 164 1808 t
239 1746 300 1826 (2.)
318 1744 415 1822 Quid?
427 1739 487 1807 'non
498 1758 527 1807 et
540 1750 603 1807 sine
614 1748 671 1808 hoe
689 1749 825 1827 exemplo
841 1765 894 1827 per
908 1767 942 1808 se
956 1748 1026 1807 satis
1045 1754 1128 1806 esset
1142 1762 1176 1802 ex

177 1830 280 1890 eodem
293 1833 363 1890 mari
373 1831 519 1909 torpedo?
531 1833 617 1892 etiarn
627 1833 731 1909 procul
744 1842 773 1892 et
788 1851 804 1891 e
816 1833 985 1910 longinquo,
994 1830 1045 1890 vel
1061 1830 1087 1888 si
1099 1828 1176 1887 hasta

176 1916 295 1990 virgave
311 1917 475 1991 attingatur,
500 1917 627 1993 quamvis
645 1916 831 1994 praevalidos
846 1915 974 1976 lacertos
990 1923 1175 1992 torpescere,

176 1997 332 2075 quamlibet
346 1998 382 2058 ad
395 2015 508 2058 cursum
520 2000 633 2058 velocis
648 2000 772 2077 adligari
792 1997 904 2078 pedes?
920 1997 997 2077 quod
1012 1999 1039 2056 si
1052 2001 1205 2056 necessett

175 2080 313 2140 habemus
335 2081 420 2140 lateri
444 2081 502 2141 hoc
523 2081 657 2160 exemplo
680 2101 748 2142 esse
765 2083 821 2142 rim
842 2083 966 2161 aliquam
986 2099 1066 2159 quae
1087 2078 1176 2138 odore

174 2172 280 2224 tantum
295 2173 325 2222 et
336 2164 457 2241 quadam
472 2183 540 2224 aura
556 2167 688 2242 corporis
704 2169 748 2226 sui
760 2167 874 2226 adiiciat
884 2165 1024 2240 membra,
1039 2161 1109 2242 quid
1123 2178 1177 2220 non

174 2247 210 2306 de
225 2247 417 2310 remediorum
432 2249 554 2308 omnium
571 2252 724 2309 momentis
739 2249 911 2327 sperandum
928 2246 995 2308 est?

145 2337 163 2389 8
236 2329 300 2407 (3.)
320 2329 385 2390 Νοιι
402 2341 467 2390 sunt
483 2333 574 2391 minus
585 2334 655 2391 mira
672 2351 746 2411 quae
763 2333 799 2392 de
815 2334 918 2410 lepore
934 2333 1047 2392 marino
1064 2329 1177 2389 tradun-

173 2422 227 2471 tur.
256 2431 399 2472 venennm
418 2425 462 2474 est
477 2415 541 2474 aliis
557 2417 584 2475 in
607 2424 677 2493 potu
693 2427 741 2477 aut
762 2418 790 2475 in
811 2417 878 2476 cibo
894 2417 994 2492 datus,
1010 2414 1080 2474 aliis
1094 2415 1204 2474 etiamne

173 2499 247 2572 visu,
261 2496 401 2574 siquidem
414 2499 563 2575 gravidae,
576 2500 601 2556 si
617 2502 731 2559 omnino
745 2499 930 2578 adspexerint
941 2500 1080 2559 feminam
1093 2516 1131 2556 ex
1142 2512 1177 2555 eo

172 2597 282 2656 genere
299 2581 460 2656 dumtaxat,
483 2583 577 2642 statim
600 2584 731 2642 nausiant
753 2592 782 2642 et
802 2579 1011 2644 redundatione
1035 2578 1176 2641 stomachi

171 2664 269 2723 uitium
285 2664 409 2723 latentur
425 2683 460 2724 ac
480 2665 584 2724 deinde
599 2665 730 2725 abortum
750 2667 868 2726 faciunt.
894 2667 1027 2727 remedio
1052 2674 1100 2724 est
1119 2680 1176 2722 mas

172 2745 209 2804 ob
226 2747 254 2806 id
269 2748 416 2808 induratus
431 2748 492 2808 nale
509 2758 540 2809 ut
559 2751 588 2808 in
606 2749 821 2810 bracchialibus
839 2749 973 2810 habeant.
1004 2748 1110 2808 eadem
1129 2763 1174 2805 res

171 2829 283 2888 inmari
299 2849 336 2890 ne
352 2841 429 2890 tactu
443 2832 556 2909 quidem
574 2843 672 2892 nocet.
692 2835 822 2894 uescitur
838 2851 875 2894 eo
890 2852 974 2893 unum
991 2841 1104 2891 tautum
1119 2829 1172 2889 ani·
1182 2837 1203 2880 ιι

171 2912 286 2970 mulium
302 2924 404 2974 utnon
425 2917 566 2990 intereat,
590 2916 799 2994 mulluspisois.
817 2918 989 2978 ¹tenerescit
1014 2923 1129 2976 tautum
1149 2920 1176 2968 et
1223 2962 1227 2974 .

141 2997 290 3059 ainertior
311 2997 454 3076 viliorque
479 2999 518 3058 fit.
558 2999 689 3059 homines
714 3000 818 3078 quihus
838 3003 971 3081 inpactus
997 3008 1045 3058 est
1068 2998 1173 3075 piscem

171 3078 261 3153 olent,
274 3078 331 3138 hoc
347 3083 440 3159 primo
457 3092 626 3158 argumento
638 3085 810 3144 ueneficium
825 3084 854 3143 id
866 3082 1105 3161 deprehenditur.
1130 3096 1173 3138 ce·

168 3170 232 3220 tero
245 3164 402 3223 moriuntur
413 3165 534 3224 totidem
546 3168 575 3224 in
584 3166 684 3226 diebus
699 3177 769 3246 quot
781 3169 885 3228 vixerit
899 3169 994 3246 lepus,
1010 3165 1173 3238 incertique

169 3248 309 3320 temporis
330 3249 499 3308 veneficium
523 3250 553 3308 id
576 3268 643 3308 esse
667 3261 769 3311 auctor
791 3261 836 3310 est
858 3251 981 3310 Licinius
1003 3248 1117 3308 Macer.
1147 3246 1202 3304 inu

167 3323 247 3386 India
269 3329 416 3390 adlirmant
438 3349 495 3390 nou
518 3335 583 3410 capi
606 3335 751 3394 viventem
772 3335 953 3413 invicemque
973 3333 1012 3392 ibi
1029 3329 1172 3389 hominem

169 3407 210 3465 illi
224 3427 278 3484 pro
290 3429 405 3472 veneno
418 3431 484 3472 esse
500 3433 534 3474 ac
547 3417 595 3475 vel
609 3417 698 3494 digito
714 3421 827 3478 omnino
840 3421 869 3478 in
883 3420 952 3478 mari
966 3426 1074 3476 tactum
1090 3415 1171 3489 mori,

174 3507 241 3548 esse
258 3502 352 3568 autem
367 3498 535 3575 ampliorem
551 3500 640 3559 multo
656 3503 741 3562 sicuti
754 3503 865 3580 reliqua
881 3501 1023 3564 animalia.
