2430 3896
131 235 150 296 6
460 237 489 285 Ο.
508 237 603 284 PLINI
618 237 769 286 suenum

131 419 214 481 pore.
258 411 380 473 namque
402 391 458 452 alia
480 393 586 470 fageae
612 392 709 470 glandi
736 393 843 471 ligura,
870 410 999 471 quernae
1023 393 1081 452 alia
1109 401 1143 452 et

131 486 254 562 ilignae,
275 490 361 559 atque
376 479 453 537 inter
468 496 501 536 se
517 494 634 556 qnoque
646 495 788 553 generum
803 477 982 554 singulorum
997 476 1139 538 differen-

130 572 198 630 tiae.
224 569 452 645 praetereasuut
464 560 834 640 aliquaesilvestrcs,aliae
848 561 1036 640 placidiores.
1055 580 1139 640 quae

134 655 210 715 culta
232 651 362 730 optinent
387 647 492 707 iamin
513 645 672 706 montuosis
696 645 849 724 planisque
865 645 988 722 distant,
1015 647 1091 705 sicut
1109 655 1143 704 et

132 757 205 798 sexu
219 753 315 796 mares
330 750 365 793 ac
374 731 509 807 feminae,
522 731 590 790 item
602 746 720 808 sapore.
745 729 911 790 dulcissima
926 732 1049 792 omnium
1062 729 1166 807 fagi‚e

133 833 162 883 ut
179 841 234 901 qua
247 820 388 879 obsessos
405 817 490 875 etiam
504 815 635 875 homines
650 815 771 875 durasse
787 817 815 875 in
830 815 941 894 oppido
956 813 1030 874 chio
1043 813 1145 874 tradat
1213 845 1214 864 1

92 921 122 974 17
140 905 293 968 Cornelius
321 899 496 962 Alexander.
539 899 656 960 Genera
686 899 865 976 distinguere
892 916 949 959 non
976 899 1061 959 datur
1086 915 1143 958 no·

132 991 270 1066 minibus,
293 1005 368 1066 quae
388 993 454 1044 suut
469 984 525 1044 alin
546 984 632 1059 alibi,
658 984 767 1063 quippe
790 1002 855 1043 cum
874 983 963 1044 robur
984 1000 1143 1061 quercum-

134 1096 190 1156 que
210 1075 299 1150 volgo
322 1071 403 1131 nasci
419 1071 584 1146 videamus,
607 1068 756 1129 aesculum
775 1085 833 1129 non
855 1068 978 1148 ubique,
1003 1076 1145 1146 quartam

132 1179 204 1222 vero
223 1157 340 1236 generis
356 1155 574 1232 eiusdemquae
590 1171 691 1214 cerrus
706 1161 828 1214 vocatur
848 1170 885 1212 ne
900 1152 1001 1214 ltaliae
1021 1152 1146 1230 quidem
1156 1167 1182 1208 to

133 1247 242 1305 maiore
259 1249 396 1321 exparte
413 1248 601 1299 uotamesse.
644 1237 843 1315 distinguimus
864 1253 936 1315 ergo
956 1237 1144 1316 proprietate
1212 1259 1213 1263 ¹

133 1339 292 1407 naturaque
309 1334 348 1400 et,
365 1325 412 1385 ubi
427 1342 475 1384 res
492 1324 582 1400 cogit,
600 1323 685 1383 etiam
702 1321 822 1382 Graecis
837 1321 1009 1383 nominibus.
1213 1365 1214 1368 η

92 1425 125 1480 18
200 1413 229 1474 6.
254 1411 315 1490 (7.)
360 1409 432 1486 Fagi
450 1409 532 1486 glans
554 1408 667 1468 nucleis
687 1407 786 1466 similis
803 1406 946 1484 triangula
965 1414 1030 1466 cute
1046 1405 1144 1465 inclu·
1213 1441 1214 1450 ÷

133 1499 217 1558 ditur.
254 1495 354 1555 folium
370 1503 458 1554 tenne
475 1502 561 1571 atquc
576 1511 592 1552 e
608 1493 775 1568 levissimis,
792 1491 902 1570 populo
921 1491 1025 1566 simile,
1041 1489 1144 1550 celer·
1214 1540 1215 1545 ,

133 1585 204 1643 rime
222 1581 386 1640 flavescens
401 1588 430 1638 et
451 1576 546 1638 media
567 1587 650 1656 parte
674 1576 845 1655 plerumque
866 1577 990 1654 gignens
1009 1592 1144 1653 superne
1156 1589 1182 1630 rs

133 1666 283 1746 parvolam
298 1665 399 1724 bacam
414 1663 535 1722 viridem
558 1662 707 1722 cacumine
722 1660 893 1721 aculeatam.
938 1659 1035 1736 fagum
1050 1659 1144 1718 muri·
1209 1687 1214 1724 ς

132 1752 186 1811 bus
207 1750 399 1827 gratissimum
423 1756 483 1822 est,
509 1756 537 1806 et
563 1747 631 1806 ideo
653 1745 782 1806 animalis
800 1745 864 1804 eius
886 1763 940 1805 una
964 1752 1143 1822 proventus,
1210 1787 1212 1794 .

133 1835 215 1912 gliris
238 1850 354 1911 quoque
370 1833 497 1908 saginat,
521 1831 640 1909 expedit
656 1839 686 1888 et
700 1829 801 1890 turdis.
836 1828 982 1888 Arborum
1001 1827 1144 1888 fertilitas
1209 1866 1211 1872 ·

133 1919 257 1977 omnium
272 1917 337 1976 fere
356 1915 489 1992 alternat,
507 1915 560 1974 sed
574 1932 705 1975 maxume
722 1914 794 1991 fagi.
850 1931 855 1940 ¹
916 1985 918 1988 Α

92 2012 124 2067 19
199 1999 261 2081 (8.)
307 1997 444 2060 Glandem
466 2004 541 2076 quae
559 1999 681 2080 proprie
708 1997 889 2076 intellegitur
914 1996 1010 2057 lerunt
1035 1995 1182 2076 roboan
1211 2037 1214 2052 .

134 2102 272 2166 quercus,
287 2083 432 2162 aesculus,
450 2100 561 2159 cerrus,
579 2083 650 2160 ilex,
666 2083 764 2144 suber.
796 2085 945 2144 continent
959 2084 1076 2165 hispido
1091 2103 1144 2146 ca·
1214 2122 1215 2125 =

134 2171 201 2245 lyce
223 2187 277 2248 per
303 2185 413 2245 genera
439 2168 504 2246 plus
528 2169 659 2228 minusve
679 2177 774 2228 cutem
797 2169 1014 2248 conplectente.
1067 2169 1144 2230 lolia

133 2262 252 2333 praeter
273 2253 370 2312 ilicem
385 2253 502 2330 gravia,
521 2270 663 2329 carnosa,
686 2269 828 2332 procera,
852 2254 969 2316 sinuosa
985 2253 1143 2331 lateribus,

133 2356 199 2415 nec,
211 2356 274 2397 cum
291 2338 405 2413 cadunt,
422 2336 610 2398 flavescentia
624 2347 655 2398 ut
667 2339 736 2416 fagi,
752 2355 807 2417 pro
818 2338 981 2400 differentia
995 2357 1145 2418 generum

133 2423 268 2482 breviora
287 2422 333 2482 vel
351 2422 494 2500 longiora.
514 2423 593 2483 llicis
608 2422 664 2482 duo
679 2440 798 2501 genera.
821 2441 859 2483 ex
871 2421 957 2483 bisin
972 2423 1181 2484 ltaliafoliozs

132 2509 241 2568 nonita
257 2508 375 2568 multum
394 2506 430 2566 ab
445 2507 519 2567 oleis
536 2505 641 2567 distant
654 2508 775 2567 milaces
795 2525 811 2566 a
828 2506 999 2586 quibusdam
1016 2507 1143 2570 Graecis

132 2591 244 2668 dictae,
267 2593 296 2650 in
317 2592 476 2670 provinciis
496 2592 653 2671 aquifoliae
673 2601 747 2651 sunt.
787 2591 867 2651 lliois
885 2592 968 2670 glans
985 2594 1143 2672 utriusque

130 2675 250 2735 brevior
271 2685 299 2735 et
320 2675 475 2752 gracilior,
501 2694 586 2755 quam
602 2675 744 2736 Homerus
766 2676 873 2751 aculon
890 2677 1022 2756 appellat
1040 2695 1143 2758 eoque

130 2761 245 2820 nomine
272 2778 288 2819 a
313 2758 421 2836 glande
442 2760 599 2838 distinguit.
643 2760 787 2821 masculas
808 2761 894 2822 ilices
916 2771 1024 2840 negant
1044 2763 1141 2822 ferre.

88 2854 123 2905 20
135 2843 223 2905 filans
232 2842 349 2924 optuma
362 2845 390 2902 in
403 2862 512 2922 querco
525 2855 611 2924 atque
620 2846 820 2922 grandissima,
834 2847 1042 2908 moxaescnlo.
1069 2865 1140 2908 nam
1150 2867 1180 2910 eo

130 2927 245 2989 roboris
263 2947 362 3008 parva,
380 2946 465 2988 cerro
480 2930 580 3005 tristis,
604 2930 732 3006 horrida,
748 2930 882 2993 echinato
898 2932 1002 3006 calyce
1018 2949 1073 2992 ceu
1087 2949 1139 2992 ca·

130 3021 260 3073 staueae.
303 3013 357 3073 sed
378 3022 407 3072 et
429 3015 457 3073 in
479 3032 588 3093 querna
610 3015 665 3074 alia
679 3015 793 3076 dulcior
805 3014 980 3095 molliorque
997 3015 1137 3092 feminae,

129 3098 199 3157 mari
215 3098 349 3176 spissior.
391 3117 522 3158 maxume
546 3109 641 3160 autem
659 3098 819 3179 probantur
836 3099 978 3160 latifoliae
994 3119 1032 3162 ex
1049 3117 1137 3180 argn-

119 3191 226 3242 ‹mento
247 3182 352 3242 dictae.
390 3181 505 3244 Distant
519 3185 594 3244 inter
615 3201 649 3244 se
671 3184 867 3262 magnitudine
890 3194 921 3245 et
942 3187 1016 3245 cutis
1040 3187 1136 3246 tenoi-

129 3276 203 3342 tate,
219 3268 288 3327 item
303 3266 382 3345 quod
395 3267 459 3327 aliis
476 3267 577 3328 subest
591 3269 686 3328 tunica
701 3270 834 3346 robigine
846 3269 967 3345 scabra,
985 3270 1049 3330 aliis
1065 3287 1135 3349 pro·
1145 3293 1180 3336 es

86 3359 118 3411 21
131 3352 206 3410 tinus
236 3351 387 3412 candidum
417 3369 535 3430 corpus.
584 3352 723 3431 probatur
749 3363 780 3412 et
802 3371 837 3414 ea
863 3355 943 3414 ouius
969 3357 999 3414 in
1026 3353 1134 3416 balano

129 3435 271 3514 utrimque
292 3454 329 3495 ex
352 3434 530 3512 longitudine
552 3446 682 3497 extrema
705 3437 860 3516 lapidescit
880 3438 1000 3516 duritia,
1027 3439 1135 3500 melior

130 3518 176 3576 cui
191 3519 219 3577 in
238 3521 348 3580 cortice
364 3537 449 3598 quam
464 3521 509 3580 cui
524 3522 552 3580 in
568 3537 712 3600 corpore,
733 3531 885 3601 utrumque
902 3541 960 3584 non
978 3525 1035 3585 nisi
1050 3527 1132 3586 mari.
