2370 3922
193 263 272 310 nur.
293 261 386 310 mer.
406 259 515 308 xxnn.
537 253 578 306 te.
603 255 644 306 ιι.
664 247 835 334 (ea-ror.)
967 247 1009 312 01

1 360 2 385 ¹
81 416 159 494 (96.)
186 415 411 478 Pseudebunion
433 415 498 491 napi
519 411 591 472 lolia
611 411 714 489 habet,
743 415 881 479 tmomns
902 414 1055 493 pntntrea

21 499 183 598 altitudine,
208 497 428 558 laudatissima'
421 516 450 557 nn
471 493 565 554 Creta
603 505 703 556 centra
719 500 842 557 termina
850 506 1010 596 ,strangu
1121 529 1124 540 ·

20 585 107 658 mann,
122 582 243 642 laterum
259 581 553 659 praecordiorumque
568 578 688 640 deleres
706 580 843 642 bibuntur
857 584 926 642 rami
944 584 1009 641 eius

20 668 98 743 quini
113 667 222 726 senine.

79 748 158 825 (97.)
188 746 329 823 llyrrhis,
349 765 432 824 qnam
448 747 496 806 alii
510 746 673 822 myrrhinam
680 789 690 822 ,
710 746 757 807 alii
780 748 916 823 myrrhan
935 766 987 808 ve·
1000 757 1054 812 154
1159 798 1161 802 .

19 840 99 907 cant,
124 831 266 892 simillima
286 840 333 892 est
353 833 463 892 cicutae
483 830 565 890 caule
585 829 723 906 foliisque
746 831 882 908 ethere,
913 834 1010 892 minor

20 922 124 974 tantumn
140 921 169 972 et
185 912 308 989 exilior,
324 913 390 972 cibo
407 931 465 972 non
481 915 616 972 insuavis.
647 916 706 972 ciet
729 922 876 974 menstrua
895 923 926 974 et
941 933 1008 992 par-

19 1006 63 1056 tus
78 1014 142 1056 cum
157 999 235 1056 vino.
266 997 344 1056 aiunt
368 995 487 1056 eandem
508 1004 605 1074 potam
621 998 651 1054 in
666 997 834 1074 pestilentia
850 997 1010 1059 salutarem

1 1099 95 1160 erse.
124 1079 260 1140 subvenit
286 1088 317 1140 et
330 1078 482 1157 phthisicis
502 1082 531 1141 in
553 1079 717 1140 sorbitione
734 1079 807 1140 date.
841 1081 1010 1142 aviditatem
1082 1111 1090 1126 =
1156 1073 1160 1081 ’

0 1178 1 1181 ’
26 1166 73 1222 ir«
97 1163 183 1239 iacit,
205 1162 424 1240 phalangiorum
443 1180 556 1223 mersus
578 1163 741 1238 restinguit.
776 1164 875 1224 ulcera
891 1181 1009 1241 quoquc

1 1248 45 1323 ιιι
67 1247 144 1306 7ιι7ι
171 1254 220 1305 ιιι
250 1247 345 1324 capite
372 1263 457 1304 sucus
485 1247 548 1306 eius
576 1247 605 1304 in
633 1263 706 1324 aqna
728 1247 822 1307 triduo
846 1256 1010 1307 muneratae

1 1338 103 1392 will.

73 1411 157 1491 (98.)
190 1410 400 1472 Oenobreehes
421 1411 492 1472 lolia
513 1411 601 1472 lentis
614 1411 720 1488 habet,
737 1413 872 1491 longiora
889 1413 987 1492 paulo,
1001 1425 1052 1476 155

1 1495 117 1564 llorenr
141 1496 314 1576 rubentem,
338 1495 464 1556 radicem
485 1498 618 1572 exiguam
643 1503 674 1554 et
699 1495 845 1572 gracilem.
882 1499 1011 1558 nascitur

34 1580 89 1638 ‘ea
106 1580 207 1641 tentis.
241 1581 348 1640 siccata
366 1579 396 1637 in
412 1579 522 1638 farinae
542 1577 655 1638 modum
671 1587 701 1638 et
712 1579 846 1657 inspersa
859 1583 929 1640 rino
940 1579 1009 1638 albo

19 1665 193 1739 strangurias
211 1663 283 1738 init,
298 1661 393 1721 alvom
410 1663 496 1722 sistit.
516 1680 601 1722 sucus
617 1663 679 1720 eius
695 1665 844 1741 perunctis
860 1681 924 1724 curn
939 1661 1009 1722 oleo

20 1745 137 1806 raderes
152 1753 263 1806 movet.

74 1831 126 1890 17.
151 1829 235 1906 (99.)
267 1827 301 1888 ln
315 1830 460 1906 premisse
484 1827 638 1888 herbarum
664 1828 835 1888 mirabilium
862 1829 988 1890 occurrit
999 1836 1053 1890 156
1155 1913 1160 1921 ι

20 1911 107 1990 aliqua
124 1913 225 1972 dicere
247 1920 276 1972 et
294 1911 330 1971 de
346 1909 476 1988 Magicis.
509 1929 582 1988 quae
592 1914 674 1976 ,euim
691 1909 907 1974 mirabiliores?
923 1912 1008 1991 primi

18 2013 62 2054 eas
76 1997 108 2054 in
124 2003 229 2055 nostre
249 1995 321 2055 orbe
338 1993 527 2054 celebravere
550 1993 729 2072 Pythagoras
750 2004 836 2074 atque
860 1995 1010 2056 Democri-

18 2083 69 2154 ιιι,
82 2080 248 2139 consectati
264 2077 376 2155 blages.
395 2075 551 2138 Coracesia
563 2086 592 2136 et
606 2077 895 2156 caliciaPythagoraa
905 2096 1010 2177 aquam

18 2162 133 2237 glaciari
149 2161 257 2237 tradit,
283 2178 401 2238 quarum
416 2163 591 2220 mentionem
614 2162 689 2240 apud
704 2162 777 2222 alies
798 2179 856 2224 non
877 2166 1009 2286 reperio,

17 2261 69 2304 nec
86 2245 165 2322 apud
181 2243 367 2304 eumaliade
384 2243 436 2305 his.
523 2302 526 2306 ,
1138 2302 1142 2312 ,

76 2329 180 2405 (100.)
192 2327 272 2388 ldern
278 2326 410 2402 Minyada
422 2325 550 2404 appellat
562 2329 714 2386 etnemine
728 2328 786 2388 alie
796 2327 985 2405 Corinthiam,
999 2339 1051 2394 157

0 2447 1 2450 =
18 2413 92 2472 cuius
112 2411 266 2470 decocte'
257 2429 287 2468 nn
304 2427 376 2487 aqua
393 2426 463 2468 suco
476 2411 607 2486 protinus
621 2412 715 2469 sanari
734 2413 807 2470 nctus
817 2415 1008 2489 serpentium,

19 2495 230 2569 refoveantur,
248 2493 324 2553 dicit
359 2491 481 2552 eandem
493 2491 635 2578 ιιιιιιιι
625 2511 656 2550 ιι
670 2493 789 2553 herbam
808 2497 856 2570 qui
879 2497 1008 2571 vestigio

19 2579 194 2654 contigerint
215 2585 262 2636 ιιι
284 2577 362 2636 iorte
379 2567 535 2653 respersos
561 2576 713 2643 insanabili
728 2576 789 2637 leto
803 2579 915 2654 perire,
929 2594 1010 2637 mon·

21 2662 122 2722 ttrihea
137 2677 262 2737 prorsus
277 2668 377 2718 natura
394 2660 499 2720 veneni
516 2667 718 2736 praeterquam
736 2668 836 2720 contra
856 2678 977 2720 venena

73 2744 183 2822 (701.)
218 2743 273 2802 Ab
280 2742 384 2803 ecdem
399 2741 563 2818 Pythagora
574 2745 693 2820 aproxis
707 2743 872 2820 appellatur
894 2742 1052 2807 herba158

20 2830 95 2888 cuius
128 2826 214 2886 radix
242 2845 258 2886 e
285 2826 443 2903 longinquo
464 2826 608 2902 concipiat
628 2828 705 2902 ignis
741 2835 771 2884 ut
792 2825 935 2904 naphtha,
969 2827 1007 2886 de

21 2927 67 2988 qua
83 2913 115 2970 in
133 2919 233 2971 terrae
248 2908 391 2968 miraculis
407 2908 535 2969 diximus.
552 2909 628 2968 idem
643 2909 796 2986 tradit,qui
807 2910 901 2969 morbi
915 2909 966 2972 hu·
986 2929 1050 2970 aare

20 3011 98 3056 nane
126 2994 246 3070 corpori
273 2991 425 3052 inciderint
448 2991 571 3051 florente
589 2992 729 3067 brassica,
747 2994 875 3069 quamvls
890 3002 1007 3054 sanatos

21 3078 244 3138 admonitionem
256 3093 355 3136 eorum
371 3077 493 3150 sentire,
508 3073 553 3151 *7,
568 3079 703 3152 quotiens
714 3076 838 3136 llerente
850 3076 1008 3136 acciderint

22 3163 218 3222 autirumento
230 3167 279 3218 aut
292 3161 384 3220 cicuta
393 3167 440 3218 ant
452 3157 530 3216 niele
539 3159 661 3218 similem
675 3159 870 3220 conditionem
884 3160 1006 3222 habere.

11 3261 69 3306 nec
83 3263 131 3306 me
148 3242 223 3306 iallit
241 3241 297 3301 hoc
310 3242 444 3301 volumen
456 3241 518 3300 eius
534 3242 729 3318 aquibusdam
742 3241 918 3322 Cleemporo
928 3261 986 3303 me·
998 3256 1051 3310 159

22 3327 82 3390 lico
99 3326 239 3401 adscribi,
259 3343 333 3384 vero
347 3324 530 3400 Pythagorae
546 3327 681 3402 pertinax
698 3327 771 3388 lerna
793 3329 1010 3406 antiquitasque

21 3412 172 3472 vindicant.
208 3417 239 3468 et
259 3408 287 3467 id
307 3410 400 3485 ipsum
420 3409 622 3466 auctoritatem
642 3409 815 3470 voluminum
840 3411 952 3488 adfert,
980 3413 1006 3473 si

22 3493 172 3572 quisalius
189 3509 276 3552 curae
299 3509 367 3552 suae
389 3491 537 3568 opus-illo
555 3493 617 3550 viro
634 3489 749 3569 dignum
768 3493 914 3570 iudicavit,
929 3493 1009 3572 qued
