2458 3906
129 207 190 270 230
476 218 506 267 c.
522 220 617 268 earm
635 220 785 271 saccum

86 386 138 442 256
149 375 311 438 Medicinae
328 377 356 434 in
379 377 472 436 sativo
494 376 530 437 ad
552 378 737 454 scorpionum
753 379 828 436 ictus
844 385 874 436 et
895 381 1075 459 serpentium
1092 400 1141 441 se·

128 463 205 520 mine
221 461 249 520 in
263 461 330 519 vino
346 467 426 538 poto.
457 477 544 520 sucus
560 468 590 519 et
604 459 719 520 auribus
733 460 887 522 instillatur
902 465 1141 544 vermiculosque

130 545 159 606 in
181 545 226 605 his
245 553 344 629 necat..
378 544 471 621 ipsum
497 543 685 604 condimentis
711 563 806 623 prope
832 547 962 607 omnihus
988 549 1140 625 inseritur,

131 629 272 708 oxyporis
288 629 373 688 etiam
388 627 545 706 aptissime.
569 629 636 706 quin
652 636 681 687 et
698 631 780 706 panis
799 631 903 690 crustis
921 631 1061 693 subditur.
1090 651 1141 692 se·

129 731 204 774 rnen·
216 712 394 772 stomachum
411 711 581 772 dissolutum
597 713 763 790 adstringit,
786 713 836 772 vel
853 713 881 772 in
906 714 1036 776 febribus
1060 734 1163 780 sum-c

129 807 218 876 ptum,
245 797 372 856 nausiam
389 813 427 854 ex
445 813 520 874 aqna
534 797 628 856 tritum
644 797 738 874 sedat,
752 797 934 875 pulmonibus
949 809 979 859 et
998 801 1138 860 iocineri-

130 883 184 942 bus
202 881 435 942 laudatissimum.
468 888 598 939 ventrem
612 881 702 958 sistit,
726 899 789 940 cunr
803 881 917 942 modice
932 885 1061 961 sumitur,
1077 887 1138 944 uri-

130 984 192 1026 nam
208 967 266 1025 ciet
281 964 315 1025 ad
332 965 453 1024 tormina
468 974 566 1041 potum
583 964 746 1040 dannatum,
761 967 790 1024 in
802 965 886 1026 lactis
903 966 1021 1028 delectu
1034 978 1139 1047 potum

87 1059 138 1114 act
149 1067 283 1110 mammas
298 1048 405 1128 replet.
434 1049 516 1109 radix
531 1065 595 1108 cum
608 1049 700 1109 tisana
714 1059 828 1128 sumpta
839 1051 917 1110 renis
932 1061 1046 1130 purgat.
1071 1054 1138 1112 sive

130 1135 246 1196 decocti
262 1149 333 1193 suco
351 1135 413 1192 sive
431 1133 540 1192 semine
556 1141 669 1211 sumpto
685 1134 807 1211 prodest
824 1142 853 1192 et
868 1135 1035 1214 hydropicis
1050 1136 1138 1196 radix
1152 1157 1177 1197 rc

131 1238 168 1279 ex
184 1220 252 1276 vino
273 1225 368 1292 cocta,
384 1217 452 1277 item
470 1216 627 1276 convolsis.
657 1217 811 1278 inlinuntur
828 1217 898 1278 lolia
914 1219 1073 1279 tumoribus
1092 1239 1140 1280 ar·

131 1303 216 1362 dente
235 1309 386 1377 excocto,
406 1300 536 1362 calculos
552 1302 671 1362 vesicae
687 1301 809 1380 pellunt,
826 1320 964 1361 venerem
980 1302 1139 1363 stimulant.

130 1387 281 1463 geniturae
296 1384 495 1447 abundantiam
510 1401 627 1463 quoquo
644 1385 731 1446 modo
746 1382 877 1446 haustum
893 1386 977 1462 lacit,
998 1387 1139 1447 verendis

131 1470 345 1545 amicissimum,
359 1471 421 1529 sive
438 1469 472 1529 ad
485 1467 641 1530 fovendum
656 1469 753 1530 radice
771 1488 835 1530 curn
848 1471 916 1529 vino
932 1470 1056 1531 decocta
1072 1473 1139 1530 sive

131 1555 283 1615 contritum
308 1555 336 1613 in
360 1556 428 1614 oleo
457 1553 574 1613 inlitum.
617 1554 697 1614 multi
726 1563 755 1613 et
784 1553 948 1632 suggillatis
973 1572 1037 1614 cum
1065 1569 1175 1614 ceram

130 1639 265 1714 inlinunt,
293 1647 323 1696 et
341 1638 440 1699 radice
458 1639 487 1696 in
502 1654 573 1697 suco
589 1637 637 1698 vel
655 1655 717 1698 cum
733 1637 819 1698 melle
845 1645 945 1697 eontra
963 1639 1042 1698 oanis
1058 1654 1138 1697 mor-

88 1732 213 1787 258sum
233 1731 348 1782 utuntur
370 1730 399 1781 et
412 1731 522 1782 contra
550 1721 736 1799 multipedam
765 1737 805 1782 ex
825 1723 902 1781 vino.
946 1721 1138 1800 Hippomane-

130 1808 209 1867 thum
226 1809 262 1870 cd
279 1807 371 1865 omnia
386 1805 586 1865 vehementius
609 1804 739 1865 calculos
755 1806 915 1884 praecipue
931 1804 1029 1882 pellit,
1046 1806 1138 1884 prod·
1211 1877 1215 1884 ,

132 1901 176 1951 est
196 1891 315 1950 vesicae
335 1906 399 1948 curn
415 1891 482 1947 vino
503 1888 562 1948 leni
585 1899 614 1948 et
634 1889 802 1949 feminarum
815 1889 968 1949 menstruis
990 1889 1142 1948 haerenti.

131 1975 194 2033 bns.
226 1973 374 2033 efficacius
392 1975 419 2031 in
441 1990 478 2032 eo
500 1990 599 2032 semen
620 1991 704 2050 quam
718 1973 810 2033 radix.
841 1973 941 2034 modus
959 1974 986 2032 in
1009 1981 1174 2051 utroqneao

130 2056 207 2136 qnod
230 2055 342 2117 duobus
359 2055 454 2134 digitis
477 2058 571 2116 tritum
600 2057 712 2116 additur
738 2058 766 2115 in
788 2058 947 2135 potionem.
982 2055 1137 2116 Petrichus

131 2142 178 2218 qui
194 2138 317 2218 ophiaca
341 2142 457 2218 scripsit
478 2148 507 2200 et
528 2139 636 2200 blicion
656 2143 703 2218 qui
728 2141 971 2201 rhinotcmnmena
993 2140 1138 2201 adversus

131 2225 275 2302 serpentis
302 2223 371 2284 nihil
396 2223 617 2303 hippomaratho
644 2225 793 2286 ellicacins
817 2234 966 2304 putavere.
1008 2238 1081 2284 sane
1107 2233 1141 2284 et

129 2306 275 2367 Nicander
288 2324 345 2367 non
361 2309 387 2367 in
402 2309 565 2368 novissimis
581 2309 688 2386 posuit.

88 2400 139 2454 259
214 2391 297 2471 (97.)
323 2389 465 2453 Cannabis
482 2393 510 2451 in
524 2392 606 2451 silvis
627 2393 748 2470 primum
765 2401 831 2453 nata
849 2403 908 2468 est,
931 2391 1173 2470 nigrioricliisas

132 2485 161 2535 et
176 2477 317 2555 asperior.
349 2495 449 2536 semen
466 2477 529 2536 eins
545 2477 730 2553 exstinguere
745 2477 907 2554 genituram
920 2477 1051 2538 virorum·
1064 2475 1137 2535 diei·

131 2569 186 2620 tur.
220 2578 307 2620 sucus
329 2578 366 2620 ex
387 2578 424 2621 eo
441 2559 615 2620 vermiculos
636 2561 744 2622 aurium
760 2569 790 2620 et
810 2561 1012 2640 quodcumque
1031 2559 1138 2619 animal

132 2645 281 2704 intraverit
303 2645 386 2720 eicit,
416 2645 469 2705 sed
499 2662 561 2703 cunr
587 2642 691 2704 dolore
724 2645 843 2722 capitis,
878 2653 1014 2722 tantaque
1038 2643 1084 2702 vis
1109 2643 1139 2701 ei

131 2736 176 2786 est
191 2736 221 2786 nt
233 2745 325 2806 aquae
340 2727 450 2788 inlusus
469 2728 626 2804 coagulare
642 2745 706 2787 eam
720 2727 839 2788 dicatur.
864 2736 894 2788 et
909 2727 976 2794 ideo
986 2727 1138 2787 iumento-

131 2828 193 2871 rum
208 2810 275 2870 alvo
291 2813 433 2872 succurrit
448 2821 533 2889 pctus
551 2812 579 2870 in
598 2828 681 2890 aqua.
711 2810 793 2872 radix
807 2811 946 2872 articulos
968 2817 1172 2870 contractossc

131 2893 242 2954 emollit
266 2895 295 2954 in
321 2913 393 2975 aqna
419 2903 519 2970 cocta,
548 2896 616 2954 item
647 2895 792 2972 podagras
817 2904 847 2955 et
875 2894 975 2955 similis
994 2895 1136 2972 impetus.

131 2977 266 3039 ambustis
294 2979 382 3039 cruda
409 2979 550 3053 inlinitur,
584 2978 636 3037 sed
668 2979 785 3056 saepius
815 2987 937 3038 mutatur
968 2978 1137 3057 priusquam

131 3071 255 3123 arescat.

89 3155 141 3210 260
216 3145 300 3225 (98.)
327 3144 431 3206 Ferula
454 3163 553 3204 semen
576 3155 662 3206 aneto
678 3144 771 3204 simile
791 3143 890 3206 habet.
920 3161 994 3222 qnae
1018 3142 1055 3204 ab
1079 3159 1137 3201 unc

131 3229 213 3291 caule
235 3229 367 3289 dividitur
393 3229 421 3287 in
442 3229 589 3288 cacumine
612 3230 717 3289 femina
737 3236 862 3306 putatur.
892 3229 992 3289 caules
1011 3227 1172 3286 edunturcs

132 3313 260 3388 decocti,
280 3311 571 3389 commendanturque
586 3313 675 3372 muria
692 3329 725 3373 ao
744 3311 847 3387 melle,
869 3309 1016 3372 stomacho
1036 3309 1134 3369 utiles.

132 3398 175 3454 sin
198 3394 297 3471 plures
321 3396 440 3473 sumpti,
470 3397 572 3473 capitis
603 3395 734 3456 dolorem
761 3395 879 3456 iaciunt.
922 3394 1005 3455 radix
1035 3392 1137 3454 denari

132 3479 262 3556 pondere
278 3481 306 3538 in
317 3481 374 3540 vini
390 3478 500 3554 cyathis
517 3477 629 3539 dnobus
645 3479 750 3539 bibitur
764 3478 904 3540 adversus
916 3479 1083 3556 serpentis,
1108 3483 1137 3534 et
