2406 3914
294 220 374 306 aar.
391 238 483 306 11111.
500 258 573 306 xxr.
591 255 711 310 aa—ar.
726 242 893 329 (oa—101.)
1040 246 1101 308 263

159 413 205 473 25.
230 412 316 491 (96.)
339 411 542 488 helichrysum
562 412 611 472 alii
634 412 875 488 chrysanthemon
898 423 1019 490 vocant,
1035 432 1081 474 ra·
1093 424 1144 478 168

99 497 186 557 anulos
201 496 290 558 habet
306 497 463 574 candidos,
482 496 552 556 lolia
565 495 730 571 subalbida,
749 496 913 558 habrotono
929 498 1048 573 similia,
1065 499 1101 560 ad

101 581 164 640 solis
178 599 383 659 repercussum
398 599 507 640 aureae
527 580 601 640 lucis
616 581 644 638 in
659 581 760 640 orbem
781 581 872 642 veluti
889 580 1035 658 corymbis
1050 583 1101 643 de-

99 665 299 744 pendentibus,
324 666 371 744 qui
394 682 545 743 numquam
566 672 765 740 marcescunt,
788 666 896 743 quade
922 665 1101 728 causalem

70 767 86 806 s
102 758 230 809 coronant
242 749 306 825 illo,
319 748 397 827 quod
410 748 629 825 diligentissime
642 750 770 809 servavit
779 747 1102 828 Ptolemaeushegypti

99 851 152 893 rer.
166 835 296 892 nascitur
311 835 340 892 in
359 832 503 892 frutectis.
520 833 578 891 ciet
592 833 688 892 urinas
705 833 802 892 evino
818 842 886 911 pota
904 843 934 892 et
948 851 1074 893 menses.
1091 845 1143 900 169

1 945 2 978 1
100 916 206 976 duritias
223 924 254 976 et
269 917 507 977 inflammationes
523 915 654 991 discutit,
677 916 815 976 ambustis
834 935 898 976 curu
913 917 1002 977 melle
1017 918 1099 997 inpo-

98 1003 170 1060 nitur.
203 1009 307 1060 contra
322 1002 500 1079 serpentium
515 1001 589 1060 ictus
602 1009 631 1062 et
643 998 804 1061 lumborum
820 1002 889 1060 vitia
904 999 1020 1061 bibitur.
1035 1019 1099 1061 san·

1 1118 2 1122 =
97 1086 202 1160 guinem
227 1092 396 1145 concretum
415 1084 526 1144 ventris
549 1092 598 1144 aut
618 1086 738 1145 vesicae
764 1084 886 1144 absumit
912 1101 976 1144 cum
992 1085 1097 1145 mulso.

1 1171 2 1236 ,
59 1167 157 1227 sololia
171 1168 234 1228 eius
247 1169 312 1228 trita
326 1169 410 1228 trium
422 1168 575 1229 obolorum
585 1168 717 1248 pondere
730 1171 832 1228 sistunt
843 1168 986 1246 profluvia
997 1169 1098 1230 muilie-

94 1253 272 1312 mmiuvino
291 1252 370 1334 albo.
396 1254 488 1312 vestis
505 1261 600 1312 tuetur
615 1253 707 1312 odore
723 1269 780 1312 uon
797 1252 965 1330 ineleganti.
1019 1264 1026 1274 ‘

1 1343 2 1356 ¹
147 1335 198 1397 26.
224 1337 309 1417 (97.)
324 1335 502 1412 Hyacinthus
516 1337 545 1395 in
560 1335 652 1396 Gallia
664 1353 795 1396 maxume
809 1337 953 1414 provenit.
970 1336 1027 1396 hoc
1039 1337 1079 1396 ibi
1091 1345 1141 1401 170

1 1412 2 1444 ³
92 1417 152 1480 luco
160 1417 315 1498 hysginum
330 1415 450 1498 tingunt.
469 1420 551 1480 radix
567 1429 612 1480 est
628 1419 782 1497 bulbacea,
795 1421 974 1497 mangonicis
988 1421 1098 1482 venali-

92 1503 137 1562 ciis
153 1503 277 1582 pulchre
294 1514 380 1579 nota,
397 1522 472 1582 quae
488 1522 504 1562 1
518 1505 586 1565 vino
598 1504 675 1565 dulci
691 1503 769 1563 inlita
782 1505 965 1583 pubertatem
978 1514 1099 1564 coercet

59 1603 83 1644 aa
91 1594 116 1646 et
135 1604 193 1647 uon
217 1590 325 1666 patitur
341 1605 505 1666 erumpere.
536 1587 706 1648 torminibus
724 1597 753 1647 et
768 1605 939 1648 araneorum
954 1587 1098 1647 morsibus

89 1671 202 1730 resistit.
232 1671 343 1732 urinam
359 1671 481 1750 inpellit.
506 1681 606 1732 contra
628 1674 774 1750 serpentis
789 1681 819 1732 et
835 1671 1006 1749 scorpiones
1021 1688 1097 1731 mor-

1 1789 2 1819 t
88 1753 209 1833 bunrque
225 1756 339 1832 regium
354 1773 453 1816 semen
469 1757 531 1816 eius
547 1774 610 1816 cum
626 1755 789 1816 habrotono
806 1756 897 1816 datur.

1 1828 2 1913 Ϊ
147 1837 233 1916 (98.)
250 1837 378 1914 Lychnis
394 1857 511 1919 quoque
522 1840 652 1900 flammea
665 1839 714 1899 illa
729 1839 870 1900 adversus
886 1839 1032 1917 serpentis
1049 1847 1137 1902 11171

1 1923 2 1951 ¹
88 1924 258 2002 scorpiones
272 1932 302 1982 et
319 1923 479 1983 crabrones
492 1925 652 2002 similiaque
667 1924 773 1984 bibitur
785 1943 802 1983 e
814 1924 881 1982 vino
894 1925 1004 1982 semine
1017 1924 1096 1981 trito.

1 2080 3 2085 Ι
59 2005 228 2067 eosilrestris
245 2007 348 2066 eadem
364 2007 514 2067 stomacho
525 2008 643 2068 inutilis.
664 2007 759 2067 alvom
772 2007 876 2083 solvit,
893 2007 929 2066 ad
943 2005 1096 2067 detrahen-

89 2088 148 2150 dam
167 2089 258 2151 bilem
280 2089 483 2151 eilicacissima
506 2091 616 2152 duabus
639 2091 799 2168 drachmis,
822 2090 1026 2169 scorpionibus
1041 2099 1098 2150 tam

90 2175 229 2234 contraria
244 2183 276 2233 ut
292 2175 406 2234 omuino
424 2176 487 2234 visa
503 2193 538 2235 ea
561 2185 739 2254 torpescant.
768 2174 894 2236 radicem
917 2177 980 2234 eius
997 2173 1097 2233 Asiani

1 2256 2 2303 ἶ
88 2254 195 2316 boliten
214 2266 338 2334 vocant,
357 2275 413 2337 qua
429 2258 585 2336 adalligata
599 2259 686 2319 oculo
702 2258 854 2337 albugines
868 2258 931 2319 tolli
955 2258 1095 2320 dicuntur.
1175 2264 1177 2268 ’

136 2341 200 2402 tt.
224 2341 310 2421 (99.)
332 2339 371 2400 Et
380 2344 568 2421 vicapervica
580 2344 643 2403 sire
655 2341 891 2421 chamaedaphne
903 2341 982 2402 arida
993 2351 1076 2401 tunsa
1088 2349 1139 2403 172

57 2421 255 2504 rahydrcpicis
268 2425 352 2485 datur
367 2426 396 2484 iu
408 2443 482 2505 aqua
498 2426 626 2487 cocleari
635 2443 791 2505 mensura,
805 2425 1018 2502 celerrimeque
1030 2425 1095 2485 red·

1 2535 2 2590 q
89 2506 153 2566 dunt
178 2526 295 2588 aquarn.
328 2509 431 2569 eadem
451 2509 575 2570 decocta
597 2511 625 2568 in
650 2505 749 2571 cinere
767 2509 869 2588 sparsa
885 2509 952 2568 vino
967 2517 1097 2568 tumores

1 2595 2 2621 ¹
88 2592 183 2652 siccat.
202 2591 321 2652 auribus
334 2609 406 2653 suco
418 2593 560 2653 medetur.
577 2593 680 2654 alvinis
693 2595 819 2674 inposita
833 2593 995 2672 plurumum
1008 2592 1096 2670 prod·

89 2691 151 2734 esse
173 2675 291 2736 dicitur.

1 2834 2 2848 χ
145 2760 253 2838 (100.)
277 2759 368 2823 Rusoi
388 2760 472 2820 radix
493 2760 616 2821 decocta
637 2759 742 2820 bibitur
771 2760 889 2820 alternis
912 2759 1015 2820 diebus
1043 2761 1072 2818 in
1088 2767 1138 2824 173

57 2843 264 2904 aocalculorum
280 2845 437 2906 valitudine
457 2853 487 2904 et
503 2846 680 2904 tortuosiore
702 2845 782 2904 urina
803 2843 852 2904 vel
872 2853 1000 2904 cruenta.
1020 2844 1097 2905 radi-

1 2854 3 3004 l
87 2945 145 2987 cem
159 2928 257 3007 pridie
274 2931 336 2989 erui
352 2937 485 3007 oportet,
509 2937 630 3007 postero
646 2945 729 2988 mane
746 2928 892 3006 decoqui,
917 2946 954 2988 ex
973 2945 1010 2988 eo
1029 2945 1095 2988 sex·

85 3013 183 3072 tarium
193 3015 253 3072 vini
268 3012 380 3088 cyathis
394 3012 506 3072 duobus
519 3014 646 3073 misceri.
663 3021 728 3073 sunt
739 3012 788 3090 qui
801 3020 830 3071 et
842 3012 958 3072 crudam
968 3012 1096 3072 radicem

1 3139 2 3162 .
85 3098 175 3156 tritam
197 3116 237 3157 ex
261 3115 336 3177 aqua
360 3097 476 3171 bibant,
501 3105 530 3156 et
552 3098 581 3156 in
596 3105 686 3157 totum
706 3096 742 3156 ad
759 3095 853 3157 virilia
869 3095 1018 3157 cauliculis
1033 3087 1095 3156 eius

87 3197 120 3238 ex
132 3190 221 3241 aceto
236 3183 311 3240 tritis
328 3181 398 3242 nihil
414 3180 512 3241 utilius
528 3189 638 3260 putant.

1 3273 2 3352 t
57 3275 78 3318 tt
144 3265 251 3344 (tol.)
274 3263 353 3325 Batis
369 3283 486 3344 quoque
510 3263 605 3324 alvom
626 3265 727 3326 mollit.
758 3264 883 3325 inlinitur
907 3261 1074 3342 podagricis
1087 3269 1139 3326 171

1 3357 2 3402 t
86 3347 171 3407 cruda
194 3357 225 3408 11
247 3357 397 3412 contunsa.
422 3348 535 3408 alcinon
558 3357 588 3408 11
610 3365 779 3408 coronarum
796 3364 884 3408 causa
910 3354 939 3406 et
966 3347 1095 3407 ciborum

86 3428 224 3511 Aegyptii
239 3440 349 3509 serunt,
365 3432 526 3511 eademque
539 3440 602 3492 crat
614 3432 828 3510 quaeocimum,
843 3431 897 3490 nisi
906 3430 1042 3490 hirsutior
1049 3448 1095 3492 ra-

1 3545 2 3548 ¹
86 3515 177 3576 misac
189 3515 270 3577 loliis
279 3526 358 3577 esset
369 3526 398 3576 et
408 3515 559 3577 admodum
570 3515 701 3576 odorata.
718 3515 776 3574 ciet
787 3523 816 3574 et
823 3531 939 3574 meuses
951 3523 980 3575 et
988 3515 1094 3574 urinas.
