2370 3922
261 229 342 278 nar.
361 227 630 280 memnones.
650 220 804 298 (us-aa.)
910 281 914 293 Ι
991 221 1032 284 tt

27 382 144 444 dolore
156 381 267 451 bibitur
278 387 308 446 iu
318 385 387 446 vino
400 393 431 446 et
445 391 546 446 contra
559 385 756 448 difficultatem
767 387 885 465 aduae,
904 397 1035 450 ventrem

29 466 148 528 leniter
164 466 288 546 emollit,
304 487 444 530 venerem
455 472 572 530 excitat.
1035 473 1040 484 '

100 551 186 629 (19.)
216 551 324 612 Piceae
342 561 373 612 et
390 552 487 614 loricis
503 554 574 614 lolia
585 553 620 587 aa
635 555 703 613 trita
720 561 751 614 et
767 555 797 614 iu
810 563 895 615 aceto
911 555 1079 620 decoctam

28 634 169 694 dentium
185 635 291 696 dolori.
307 637 431 714 prodest
446 639 519 698 cinis
540 639 680 698 corticum
700 638 876 716 intertrigini
893 647 923 698 et
938 638 1033 700 ambu-

7 721 99 786 sstis.
135 727 225 797 potus
246 719 342 780 alvom
357 722 451 798 sistit,
467 723 577 782 urinum
590 728 706 798 movet,
721 721 818 780 sullitu
831 721 933 785 volvas
944 724 1035 783 corri-

27 803 86 879 git.
122 804 230 880 piceae
244 803 315 864 lolia
331 806 465 882 privatim
479 807 604 864 iocineri
619 803 700 864 utilia
716 812 782 864 sunt
797 804 947 866 drachmae
963 823 1033 883 pou·

29 885 108 946 dere
125 887 156 946 iu
169 905 244 965 aqna
260 886 352 948 mulsa
367 897 444 967 pota.
477 888 567 950 silvas
584 907 634 949 eas
648 888 793 950 dunatuxat
808 905 882 966 quae
898 891 971 966 picis
989 909 1035 950 re-

28 971 181 1048 sinaeque
207 973 301 1048 gratia
322 972 458 1032 radantur
477 972 644 1033 utilissimas
662 991 731 1032 esse
750 971 902 1051 phthisicis
921 981 970 1032 aut
983 974 1032 1051 qui

28 1052 126 1130 longa
141 1055 326 1130 aegritudine
343 1073 401 1116 uon
416 1056 589 1134 recolligant
602 1058 673 1116 viris
688 1057 759 1116 satis
774 1063 899 1133 constat,
911 1063 942 1116 et
955 1056 1035 1118 illum

7 1136 109 1214 ycaeli
128 1155 198 1196 aera
213 1137 278 1218 plus
301 1141 342 1199 ita
358 1157 442 1218 quam
457 1141 672 1218 navigationem
685 1140 860 1218 Aegyptiam
877 1139 1033 1218 prolicere,

27 1221 98 1300 plus
119 1239 206 1299 quam
220 1221 302 1282 lactis
315 1222 455 1287 herbidos
474 1239 529 1302 per
545 1225 683 1284 montium
698 1225 810 1284 aestiva
826 1231 923 1302 potus.

95 1303 184 1383 (20.)
215 1300 418 1386 chamaepitys
439 1307 540 1370 latine
564 1308 650 1386 abiga
671 1317 792 1369 vocatur
806 1303 928 1386 piopter
948 1305 1076 1372 ahor-²9

29 1397 97 1465 tus,
127 1388 165 1448 ab
192 1389 257 1468 aliis
283 1398 328 1452 tus
349 1400 465 1468 terrae,
486 1391 659 1452 cubitalibus
683 1393 785 1467 ramis,
807 1391 986 1469 dorepinas
1003 1400 1035 1451 et

32 1473 139 1534 odore.
158 1473 253 1533 altere
267 1474 387 1534 brevior
401 1483 433 1535 et
447 1477 584 1536 incurvae
597 1475 707 1536 similis.
723 1476 809 1536 tertia
824 1475 928 1537 eodem
940 1474 1032 1536 odore

7 1564 64 1638 yet
80 1556 153 1616 ideo
177 1559 294 1618 nomine
318 1575 451 1637 quoque,
478 1559 614 1636 parvola,
643 1558 783 1618 cauliculo
805 1557 934 1635 digitali,
954 1556 1032 1618 loliis

33 1639 170 1717 scabris,
193 1641 339 1719 exilibus,
360 1641 454 1720 albis,
479 1642 508 1702 in
523 1644 617 1720 petris
635 1659 774 1716 nascens,
798 1657 897 1702 omnes
912 1639 1033 1717 herbae,

32 1723 88 1783 sed
112 1733 240 1804 propter
255 1726 459 1802 cognationem
478 1727 601 1786 nominis
615 1742 678 1785 non
698 1724 884 1790 differendae.
911 1733 1033 1802 prosunt

31 1807 179 1868 adversus
194 1810 381 1887 scorpionum
395 1810 487 1886 ictus,
508 1811 578 1868 item
598 1809 721 1868 iocineri
738 1807 839 1868 inlitae
852 1825 915 1868 cum
932 1807 1033 1885 palmis

31 1899 81 1950 aut
96 1893 254 1969 cotoneis,
270 1893 389 1953 renibus
408 1901 438 1952 et
455 1894 571 1954 uesicae
585 1892 737 1954 decoctum
752 1907 850 1952 earum
864 1909 929 1952 curu
942 1891 1033 1952 larina
1150 1903 1157 1914 ’

8 1974 210 2054 »hordeacea
239 1977 343 2038 morbo
362 1993 478 2054 quoque
493 1977 578 2054 regio
598 1985 630 2036 et
645 1977 745 2036 urinae
759 1975 974 2035 difficultatibus
992 1985 1076 2043 exeo

34 2077 108 2138 aqua
129 2059 272 2120 decoctae
294 2061 439 2121 bibuntur.
472 2059 638 2120 Novissima
662 2068 763 2120 contra
785 2059 932 2136 serpentis
954 2057 1033 2119 valet

36 2161 99 2202 cnm
123 2143 221 2204 melle.
253 2145 296 2204 sio
317 2153 348 2204 et
369 2143 503 2222 adpositu
519 2143 622 2204 volvas
639 2151 751 2222 purgat.
781 2143 950 2220 sauguinem
964 2141 1033 2202 den·

40 2235 128 2286 satum
145 2227 274 2288 extrahit
289 2235 366 2307 pota.
399 2226 524 2288 sudores
536 2228 606 2288 iacit
616 2229 764 2305 perunctis
778 2244 830 2302 ea,
845 2225 1033 2304 peculiariter

39 2311 157 2370 renibus
174 2311 263 2370 utilis.
298 2312 368 2371 liunt
386 2329 424 2371 ex
439 2329 474 2372 ea
492 2319 523 2370 et
538 2310 705 2389 hydropicis
720 2309 828 2390 pilulae
842 2327 905 2370 cum
922 2309 978 2369 lico
993 2309 1032 2368 al·

39 2412 102 2454 vom
115 2394 277 2456 trabentes.
293 2395 454 2455 lumborum
468 2393 601 2454 dolorem
615 2392 760 2454 victoriati
773 2393 904 2471 pondere
919 2393 949 2450 in
963 2393 1031 2452 vino

38 2477 97 2538 linit
113 2486 145 2540 et
159 2481 263 2538 tussim
282 2487 439 2540 recentem.
468 2487 599 2538 mortuos
614 2486 713 2555 partus
737 2493 776 2537 ex
797 2484 881 2536 aceto
898 2482 981 2533 cocta
1002 2483 1033 2534 et

37 2571 105 2640 pota
123 2565 224 2623 eicere
241 2564 374 2641 protinus
390 2563 503 2622 dicitur,

96 2643 181 2725 (21.)
219 2644 290 2706 Gom
311 2646 425 2706 honore
449 2655 480 2706 et
497 2647 612 2724 pityusa
636 2644 721 2704 simili
746 2642 782 2702 de
797 2657 883 2700 causa
903 2639 1026 2717 dicetur,
1037 2649 1070 2705 31

38 2747 120 2809 pram
137 2730 252 2808 quidam
265 2733 295 2791 in
311 2729 451 2807 tithymali
466 2747 579 2807 genere
604 2734 761 2788 numerant.
803 2725 902 2786 frutex
920 2730 967 2783 est
992 2725 1030 2784 si·

10 2815 112 2874 comilis
128 2816 250 2893 piceae,
274 2811 348 2875 llore
369 2830 461 2893 parvo
483 2829 640 2892 purpureo.
672 2811 762 2872 bilem
780 2815 811 2867 et
832 2807 962 2885 pituitam
976 2826 1031 2885 per

41 2899 133 2958 alvom
157 2897 283 2958 detrabit
302 2899 384 2959 radix
403 2897 520 2958 decocti
537 2897 650 2956 hemina
671 2902 720 2954 aut
744 2893 862 2952 seminis
878 2890 985 2967 lingula
999 2892 1029 2950 in
1137 2948 1141 2956 ,

41 2982 158 3042 balanis.
176 2981 248 3042 folia
261 2984 291 3042 iu
303 2991 387 3042 aceto
402 2981 523 3042 decocta
536 2979 661 3040 luriures
676 2978 749 3038 cutis
767 2974 929 3051 emendant,
944 2991 1028 3070 manr-

41 3083 97 3126 mas
112 3083 232 3144 quoque
252 3067 342 3126 mixto
370 3073 452 3126 rutae
474 3065 599 3124 decocto
620 3069 650 3121 et
666 3061 788 3121 tormina
805 3067 836 3120 et
851 3060 1029 3138 serpentium

43 3151 113 3210 ictus
129 3158 161 3210 et
176 3152 206 3208 iu
221 3157 312 3210 totum
327 3148 520 3210 collectiones
537 3146 711 3225 incipientis.

16 3247 38 3293 e
100 3231 183 3314 (22.)
216 3232 353 3294 Resinam
369 3249 457 3313 supra
473 3232 558 3292 dietis
574 3229 727 3290 arboribus
738 3228 818 3306 gigni
831 3226 977 3288 docuimus
993 3231 1023 3282 et
1034 3232 1068 3287 32
1158 3239 1161 3248 ’

45 3335 148 3396 genera
164 3319 229 3378 eius
244 3326 275 3377 et
290 3319 423 3377 nationes
438 3318 468 3375 in
485 3315 598 3375 ratione
610 3314 736 3389 vini,ac
747 3319 850 3391 postea
861 3311 891 3368 in
903 3307 986 3368 orho-
998 3303 1069 3390 ¹3¹3

46 3402 126 3463 ribus.
156 3418 285 3464 summae
301 3401 417 3479 species
433 3399 524 3476 duae,
542 3399 619 3471 sicca
635 3405 665 3456 et
680 3395 794 3474 liquida.
829 3395 906 3452 sicca
925 3391 1025 3470 epiuu

47 3489 166 3566 etpicea
184 3487 236 3563 lit,
252 3484 358 3564 liquido
378 3482 563 3561 terebintho,
586 3481 693 3558 larice,
712 3480 853 3550 lentisco,
873 3491 1024 3552 cupresso.
