2508 3924
203 225 261 289 190
508 237 538 286 c.
560 237 655 286 sumu
675 235 823 288 memnon

162 404 214 458 let
223 391 345 452 madida.
376 389 522 451 Frivolum
535 390 673 468 rideatur,
687 407 744 450 non
755 399 850 448 tamen
865 387 1049 447 omittendum
1065 396 1174 464 propter

205 476 347 536 desideria
360 474 519 552 mulierum,
537 476 624 535 talum
635 474 745 534 candidi
759 473 873 532 invenci
887 471 1077 549 qnadraginta
1087 469 1176 529 diebus

204 559 406 635 noctibusque,
424 558 518 618 donec
531 557 693 618 resolvatur
706 559 735 616 iu
747 556 901 634 liquorem,
916 554 1072 614 decoctum
1084 561 1112 612 et
1122 553 1174 612 inii·

202 653 262 702 tum
280 641 400 702 linteolo
418 641 573 702 candorem
588 642 702 718 entique
716 641 913 716 erugationem
929 648 1093 720 praestare.
1121 637 1174 696 ino
1219 647 1225 659 ·

203 727 314 786 taurino
328 724 416 784 malas
431 724 587 784 rubescere
603 726 695 799 aiunt,
710 741 767 784 non
784 732 813 782 ut
829 721 1027 782 crocodileam
1042 720 1118 780 inlini
1127 735 1191 780 nes

163 820 213 874 185
221 809 287 883 lius,
300 808 352 867 sed
362 807 458 868 foveri
470 807 574 885 irigida
586 816 689 867 etante
701 815 839 886 etpostea
853 806 961 865 iubent.
975 813 1070 864 testas
1081 812 1176 882 etqnae

204 892 373 952 decolorem
400 891 508 952 iaciunt
527 901 620 952 cutem
647 891 740 950 linum
759 889 840 950 rituli
862 907 926 948 cum
948 889 1020 948 oleo
1042 897 1071 947 et
1092 888 1179 946 cummi

203 993 287 1035 manu
308 973 455 1034 subactum
476 975 624 1049 emendat,
640 973 738 1033 ulcera
760 975 820 1032 oris
834 989 869 1032 ac
887 973 975 1031 rimas
996 971 1100 1031 sebum
1112 969 1180 1029 rituli

204 1058 252 1118 rel
267 1056 351 1117 boris
366 1075 429 1117 cum
442 1058 528 1138 adipe
543 1059 675 1119 anserino
694 1066 724 1116 et
738 1057 823 1116 ocimi
836 1073 917 1115 suco.
946 1065 993 1115 est
1010 1064 1041 1114 et
1054 1054 1108 1114 alia
1121 1055 1180 1112 mix·

203 1150 267 1201 tura
290 1159 307 1200 e
330 1139 403 1200 sebo
418 1140 497 1201 vituli
514 1159 576 1201 cum
597 1140 722 1200 medulla
738 1141 817 1198 cervi
833 1148 862 1198 et
883 1139 967 1198 albae
989 1137 1204 1216 spinae'ioliisio

205 1225 356 1286 annuitis.
393 1223 469 1284 idem
484 1233 611 1304 praestat
626 1232 656 1282 et
669 1222 793 1282 medulla
810 1240 872 1281 cnm
887 1224 984 1281 resina
999 1221 1068 1296 vel,
1088 1223 1112 1280 si
1126 1237 1180 1280 vac·

165 1319 215 1373 186
227 1309 291 1366 cina
306 1307 357 1383 sit,
380 1316 409 1367 et
427 1307 469 1366 ins
484 1327 501 1368 e
518 1325 603 1368 carne
618 1309 749 1366 vaccina.
778 1305 907 1365 lichenas
928 1307 990 1364 oris
1009 1305 1181 1382 praestantis·

207 1391 277 1450 sime
292 1391 381 1449 vincit
393 1391 531 1466 glutinum
545 1391 650 1451 iactum
671 1408 689 1449 e
715 1388 889 1466 genitalibus
908 1388 1082 1464 uitulorum,
1105 1387 1181 1464 liqna·

206 1482 263 1533 tum
277 1481 361 1532 aceto
383 1491 446 1532 cum
466 1475 583 1554 sulpure
599 1475 682 1549 vito,
701 1489 780 1531 ramo
796 1472 919 1531 ficulneo
943 1472 1132 1548 permixtum,
1151 1471 1188 1528 ita·

207 1565 238 1615 ut
253 1555 298 1616 bis
312 1555 359 1616 die
373 1574 477 1617 recens
493 1557 633 1632 inlinatur,
649 1559 717 1615 item
730 1555 828 1632 lepras
843 1573 881 1614 ex
893 1554 980 1614 melle
997 1563 1030 1614 et
1044 1561 1126 1614 aceto
1143 1553 1204 1612 de·¹⁵

207 1647 331 1714 coctum,
349 1656 419 1716 quas
441 1649 470 1699 et
483 1643 565 1700 iocur
576 1639 648 1698 hirei
663 1639 783 1699 calidum
798 1638 904 1698 inlitum
923 1637 1018 1714 tollit,
1043 1637 1116 1696 siout
1134 1636 1181 1695 elo

206 1720 375 1799 phantiasim
389 1722 430 1781 iel
446 1725 606 1803 caprinum,
622 1723 771 1781 etiamnum
791 1722 890 1800 lepras
912 1739 947 1780 ac
969 1720 1101 1779 furfures
1122 1719 1181 1778 tanti

207 1804 248 1864 iel
265 1803 359 1864 addito
374 1806 463 1882 nitro,
480 1807 558 1865 urina
572 1806 643 1865 asini
658 1805 736 1864 circa
752 1805 830 1864 canis
845 1813 945 1878 ortam,
961 1803 1095 1863 maculas
1108 1802 1133 1860 in
1149 1801 1180 1860 ia·

209 1888 253 1946 cie
268 1887 308 1946 iel
324 1889 471 1966 utriusque
485 1907 540 1966 per
554 1905 620 1948 sese
635 1906 706 1965 aqua
721 1887 869 1947 infractum
894 1883 1181 1964 evitatisque'solibns

166 1977 216 2034 187
228 1987 262 2028 ac
279 1972 372 2030 ventis
386 1979 453 2048 post
473 1970 628 2032 detractam
649 1980 751 2050 cutem.
783 1970 882 2029 similis
900 1970 1026 2029 effectus
1050 1978 1080 2028 et
1094 1971 1120 2027 in
1132 1975 1207 2026 nuo

206 2053 269 2112 rino
285 2053 440 2112 vitulinove
461 2054 532 2114 ielle
550 2054 745 2114 cum‘semine
761 2053 870 2113 cunilae
892 2071 927 2112 ac
948 2054 1052 2112 cinere
1070 2071 1087 2112 e
1107 2068 1183 2110 cornu

209 2135 343 2210 cervino,
359 2136 383 2193 si
399 2137 527 2198 canicula
549 2137 698 2198 exoriente
713 2136 904 2196 comburatur.
932 2137 1049 2194 asinino
1069 2133 1136 2194 sebo
1151 2133 1182 2190 ci·

209 2217 363 2278 cantricibus
379 2235 414 2278 ac
428 2219 534 2280 licheni
548 2221 696 2300 leprisque
712 2237 842 2279 maxume
858 2219 940 2278 color
958 2218 1100 2278 redditur.
1122 2215 1182 2278 hirci

208 2299 248 2360 iel
260 2308 291 2358 et
305 2300 458 2377 lentigines
473 2303 548 2364 tollit
564 2304 688 2364 admixto
704 2319 790 2363 caseo
812 2321 874 2361 cnm
890 2303 955 2362 vivo
970 2302 1094 2382 sulpure
1107 2317 1182 2380 spon·

167 2393 356 2462 lssflgeaeque
378 2387 491 2461 cinere,
512 2395 542 2446 ιιι
561 2388 597 2447 sit
613 2386 708 2447 mellis
725 2386 893 2446 crassitudo.
922 2383 1013 2462 aliqui
1035 2387 1202 2448 iniecerant

208 2467 279 2527 felle
288 2468 415 2528 maluere
427 2471 475 2544 uti,
490 2471 584 2528 mixtis
598 2470 698 2530 calidis
708 2468 863 2529 inrioribus
875 2468 1006 2544 pondere
1019 2467 1100 2528 oboli
1113 2469 1181 2526 unios

209 2557 399 2629 quattuorque
412 2553 514 2628 mellis,
531 2553 610 2630 prius
626 2553 772 2613 defricatis
786 2552 913 2612 maculis.
945 2551 1054 2612 eiiicax
1069 2549 1181 2610 eiusdem

210 2641 240 2692 et
259 2633 358 2694 sebum
374 2652 436 2694 cum
449 2634 603 2697 melanthio
619 2645 648 2695 et
663 2636 779 2714 sulpure
793 2644 822 2694 et
838 2634 926 2708 iride,
948 2633 1098 2694 labrorum
1112 2635 1180 2692 fissu-

207 2717 247 2774 ris
264 2735 326 2777 com
337 2717 420 2797 adipe
435 2719 567 2778 anserino
582 2736 617 2778 ac
629 2717 752 2778 medulla
765 2719 880 2778 cervina
891 2718 1048 2796 resinaque
1060 2726 1090 2776 et
1101 2715 1178 2775 calce.

208 2795 326 2860 invenio
344 2800 419 2879 apud
436 2810 569 2861 auctores
582 2801 627 2861 bis
643 2803 690 2878 qui
705 2801 860 2878 lentigines
881 2799 1005 2860 habeant
1021 2801 1121 2877 negari
1132 2807 1201 2856 rna-tt

130 2915 143 2938 a
209 2883 292 2956 gices
308 2885 512 2944 sacrificiorum
527 2902 604 2943 osus.

169 2974 218 3028 189
281 2965 364 3041 (51.)
385 2967 473 3027 Lacte
489 2966 595 3026 bubulo
612 2974 659 3026 aut
674 2967 791 3043 caprino
808 2966 941 3026 tonsillae
956 2975 984 3025 et
1001 2967 1123 3026 arteriae
1139 2979 1176 3020 ex·

209 3046 354 3106 ulceratae
370 3049 507 3108 iuvantur.
534 3051 731 3126 gargarizatur
744 3049 869 3128 tepidum
884 3058 915 3108 ut
929 3057 974 3108 est
989 3067 1059 3108 usus
1073 3061 1176 3124 expres·

210 3133 271 3188 silon
286 3136 332 3188 aut
352 3130 531 3190 calefactorii.
562 3134 707 3211 caprinum
725 3133 820 3192 utilius
845 3151 906 3192 cum
925 3132 1019 3192 malva
1040 3131 1175 3190 decoctum

211 3220 239 3270 et
254 3212 314 3271 sale
329 3213 446 3288 exiguo.
476 3215 591 3290 linguae
613 3215 819 3275 exulcerationi
841 3225 869 3274 et
888 3217 1056 3275 arteriarum
1071 3211 1199 3292 prodesto

209 3295 253 3352 ius
271 3295 359 3354 omasi
381 3297 604 3372 gargarizatum,
628 3298 750 3358 tonsillis
765 3307 857 3358 autem
877 3299 1007 3376 privatim
1026 3314 1112 3356 renes
1126 3291 1175 3352 rol·

210 3378 286 3449 pium
302 3376 371 3435 aridi
386 3393 448 3434 cum
463 3377 549 3436 melle
568 3383 626 3439 triti
640 3381 782 3458 inlitique,
799 3383 920 3458 anginae
933 3381 973 3440 iel
988 3383 1123 3442 taurinum
1135 3372 1174 3433 vel

170 3465 220 3516 190
231 3458 374 3532 caprinum
390 3475 452 3544 oum
465 3459 562 3538 melle,
578 3463 660 3523 iocor
674 3465 756 3524 melis
777 3482 815 3524 ex·
828 3481 911 3542 aqua.
947 3464 1006 3524 oris
1020 3463 1173 3540 gravitatem
