2396 3900
135 187 174 247 72
465 197 494 246 c.
513 197 608 246 111111
625 196 776 246 sacunnr

135 355 207 430 situ,
228 353 277 414 vel
298 355 382 414 etiam
405 353 521 414 declivi.
552 360 669 414 recusat
689 351 791 412 eadem
812 351 958 429 glaream,
980 351 1153 430 rubricam,

92 449 144 503 148
157 461 179 494 11
192 448 300 498 cretam
312 455 483 517 omnemque
499 447 596 497 terrae
608 436 822 498 fecunditatem.
839 436 904 495 Seri
916 455 991 497 nuce
1003 436 1152 512 diximus,

136 525 187 584 sed
209 524 262 582 nisi
279 541 316 582 ex
331 524 471 582 maxumis
487 539 544 582 non
560 521 708 600 provenit,
724 539 781 581 nec
798 521 851 580 nisi
868 522 960 598 quinis
978 521 1154 582 acervatim

136 610 216 670 satis.
252 606 393 685 perfringi
414 605 507 668 solum
529 604 617 666 debet
639 622 725 683 supra
746 623 784 665 ex
806 603 965 666 Novembri
984 623 1092 664 mense
1120 604 1153 664 in

134 691 334 766 Februarium,
351 709 408 768 quo
424 691 538 751 solutae
554 699 658 768 sponte
674 688 778 750 cadunt
793 707 831 749 ex
846 689 952 750 arbore
967 698 1058 768 atque
1073 687 1152 748 sub·
1168 711 1185 752 s

134 783 300 838 nascuntur.
331 774 484 835 intervalla
501 776 557 834 sint
573 773 706 852 pedalia,
721 773 848 850 undique
863 774 946 834 sulco
963 771 1150 834 dodrantali.

135 880 173 920 ex
192 861 249 921 hoc
268 860 422 918 seminario
444 859 652 920 transferuntur
679 858 707 916 in
737 857 813 917 aliud
833 856 962 936 bipedali
981 857 1152 918 intervallo

93 956 144 1010 mo
153 944 219 1024 plus
243 943 368 1003 biennio.
406 943 477 1002 Sunt
498 952 527 1004 et
547 942 741 1022 propagines,
757 940 827 1000 nulli
844 942 960 1020 quidem
974 942 1150 1002 faciliores.

135 1030 240 1089 nudata
261 1028 334 1088 eninr
349 1027 447 1088 radice
461 1036 521 1087 tota
543 1028 571 1086 11
592 1026 675 1086 sulco
692 1025 894 1104 prosternitur.
925 1035 982 1086 tum
997 1045 1035 1084 ex
1053 1043 1152 1086 cacu-

134 1115 210 1172 mine
226 1130 313 1190 supra
327 1121 433 1172 terram
454 1111 559 1171 relicto
581 1111 742 1170 renascitur
761 1118 790 1169 et
812 1110 868 1169 alia
891 1109 926 1170 ab
941 1110 1054 1170 radice.
1086 1109 1150 1170 sed
1163 1127 1191 1169 ro

134 1196 271 1258 translata
292 1195 386 1255 nescit
410 1193 552 1274 hospitari
575 1202 720 1273 pavetque
741 1193 897 1254 novitatem
920 1193 1039 1254 biennio
1062 1193 1149 1254 lere.

135 1290 239 1360 postea
271 1279 394 1357 prosilit.
441 1279 508 1341 ideo
537 1279 658 1339 nucibus
684 1279 781 1356 potins
807 1295 891 1355 quam
919 1277 1150 1339 viveradicibus

93 1377 145 1429 150
156 1364 298 1443 plantaria
321 1363 431 1423 caedua
453 1363 607 1442 inplentur.
642 1360 760 1422 Cultura
784 1362 919 1422 nonalia
942 1379 1026 1440 qnam
1049 1379 1150 1441 supra

134 1449 237 1524 dictis,
259 1447 397 1508 lodiendo
412 1447 661 1526 supputandisque
684 1464 738 1525 per
758 1445 902 1507 biennium
922 1464 1063 1525 sequens.
1107 1447 1149 1506 de

135 1541 236 1592 cetero
258 1532 321 1610 ipsa
343 1549 376 1590 se
398 1530 468 1591 colit
483 1531 583 1592 umbra
604 1530 736 1591 stolones
757 1547 957 1609 supervacuos
980 1539 1145 1590 enecante.
1159 1546 1186 1586 ss

136 1617 265 1677 caeditur
280 1617 353 1675 intra
369 1624 529 1694 septumum
546 1633 657 1675 annum.
687 1614 838 1674 Sufficiunt
853 1615 1026 1693 pedamenta
1043 1616 1148 1692 iugeri

134 1701 245 1761 vicenis
260 1702 406 1760 vinearum
424 1699 585 1777 iugeribus,
597 1699 711 1777 quando
725 1699 809 1758 etiam
818 1698 905 1758 bifida
922 1717 938 1758 e
951 1701 1043 1777 stirpe
1056 1699 1147 1776 liunt,

91 1795 140 1848 151
155 1785 315 1862 durantque
342 1784 417 1843 ultra
439 1784 558 1843 alteram
579 1782 670 1842 silvae
692 1800 762 1844 suae
790 1800 949 1843 caesuram.
989 1781 1147 1844 Aesculus

134 1867 266 1929 similiter
282 1869 425 1946 provenit,
443 1884 563 1927 caesura
578 1867 701 1927 triennio
717 1866 826 1943 senior,
844 1869 936 1927 minus
952 1885 1072 1928 morosa
1090 1887 1146 1929 na·

135 1953 195 2026 sci,
219 1951 247 2010 11
270 1969 450 2029 quacumque
472 1960 548 2011 terra
569 1951 675 2011 seritur
694 1970 766 2011 vere
787 1951 909 2028 balano,
933 1951 986 2012 sed
1009 1970 1068 2012 non
1083 1955 1182 2012 nisiae

134 2034 255 2110 aesculi,
273 2034 379 2094 scrobe
396 2035 574 2111 dodrantali,
596 2034 755 2096 intervallis
777 2036 896 2096 duorum
914 2037 1031 2115 pedum.
1066 2039 1144 2098 sari-

134 2129 179 2179 tur
191 2119 296 2179 leviter
312 2129 412 2196 quater
427 2138 510 2180 anno.
541 2118 605 2180 Hoc
625 2119 825 2198 pedamentum
846 2121 969 2181 minume
993 2122 1145 2200 putrescit

134 2221 310 2281 caesumque
324 2221 457 2264 maxume
471 2203 596 2264 fruticat.
624 2203 744 2267 Praeter
757 2204 832 2264 haec
844 2214 909 2264 sunt
920 2205 1043 2282 caedua,
1062 2223 1143 2284 quae

134 2287 265 2363 diximus,
282 2287 421 2364 fraxinus,
431 2288 542 2362 laurus,
554 2289 681 2369 persica,
695 2288 825 2364 corylus,
839 2289 941 2365 malus,
956 2289 1009 2349 sed
1026 2289 1143 2350 tardius

133 2380 288 2462 nascuntur
303 2381 468 2450 terramque
483 2371 578 2432 defixa
593 2373 641 2430 rix
656 2371 797 2447 tolerant,
819 2389 876 2432 non
889 2373 976 2434 modo
992 2391 1140 2434 umorem.
1151 2393 1179 2433 as

134 2455 258 2516 sabucus
274 2465 374 2516 contra
390 2456 550 2516 firmissima
566 2454 602 2514 ad
615 2455 710 2533 palum
726 2455 811 2516 taleis
826 2458 932 2517 seritur
948 2467 979 2516 ut
996 2460 1140 2537 populus.

92 2536 249 2626 albanam
266 2541 302 2600 de
319 2556 460 2618 cupresso
475 2540 545 2598 satis
565 2539 696 2598 diximus.

91 2636 143 2689 151
187 2623 236 2684 21.
248 2625 330 2702 (35.)
341 2624 381 2702 [1]
391 2622 428 2683 Et
439 2623 596 2701 praedictis
606 2623 686 2684 velut
698 2625 878 2684 armamentis
886 2627 1036 2687 vinearum
1044 2638 1141 2688 restat

133 2711 258 2787 ipsarum
276 2717 375 2768 natura
391 2708 548 2786 praecipua
564 2708 703 2768 tradenda
725 2725 803 2769 cura.
834 2709 941 2770 Vitium
961 2712 1089 2772 surculis
1109 2723 1140 2772 et

134 2791 311 2870 quarundam
323 2791 468 2867 arborum,
479 2791 583 2869 quibus
595 2792 747 2869 lungosior
760 2792 835 2854 intus
847 2803 957 2870 natura,
973 2796 1174 2872 geniculatim

132 2893 287 2953 scaporum
303 2875 370 2934 nodi
386 2876 595 2954 intersaepiunt
610 2875 774 2937 medullam.
797 2876 910 2938 ferulae
923 2880 1006 2957 ipsae
1025 2879 1138 2940 breves

133 2968 162 3018 et
190 2959 226 3019 ad
246 2977 355 3019 summa
382 2959 537 3019 breviores
559 2961 687 3021 articulis
707 2962 805 3039 utique
829 2962 942 3023 duobus
971 2964 1137 3025 internodia

90 3052 142 3108 153
153 3043 308 3104 includunt.
335 3043 471 3119 medulla,
488 3043 550 3104 sive
566 3044 721 3105 illavitalis
734 3046 826 3106 anima
839 3056 893 3123 est,
913 3055 979 3107 ante
996 3066 1031 3107 se
1044 3048 1139 3109 tendit

133 3127 339 3205 longitudinem
351 3127 496 3206 inpellens
509 3129 640 3206 quamdiu
653 3129 720 3190 nodi
734 3130 835 3208 pervia
845 3141 924 3210 patet
937 3132 1043 3194 sustula.
1070 3151 1137 3193 cnm

132 3229 204 3272 vero
226 3213 354 3273 concreti
371 3212 506 3272 ademere
521 3213 679 3289 transitum,
695 3232 871 3292 repercussa
884 3218 1008 3296 erumpit
1023 3217 1062 3278 ab
1078 3219 1135 3278 ima
1145 3241 1171 3282 as

132 3297 176 3356 sni
209 3305 292 3375 parte
320 3297 398 3356 iuxta
426 3297 553 3374 priorem
580 3297 685 3358 nodum
714 3297 831 3358 alternis
860 3300 980 3362 laterum
1014 3321 1136 3382 semper

90 3379 164 3461 {3233}
176 3380 353 3458 inguinibus,
370 3389 401 3438 ut
422 3379 526 3441 dictum
546 3390 591 3441 est
607 3382 635 3440 in
649 3380 807 3442 harundine
827 3402 862 3444 ac
878 3385 989 3462 ferula,
1010 3405 1134 3466 quorum

131 3463 281 3526 dexterum
301 3464 336 3524 ab
358 3465 414 3524 imo
434 3464 610 3542 intellegitur
626 3465 763 3542 articulo,
788 3466 902 3528 laevom
923 3470 951 3528 in
974 3488 1134 3548 proxumo,
