2406 3914
98 201 159 266 158
450 215 480 262 1.
495 214 591 264 sunu
608 213 758 264 succum

98 389 164 430 suas
186 370 323 430 utilitates
347 378 448 430 contra
467 369 653 430 subfusiones
676 370 845 448 oculorum,
868 371 977 430 urinas.
1013 372 1109 448 magis

97 453 252 514 excalfacit
269 472 353 533 quam
368 471 487 514 crocum
501 456 606 533 ipsum.
641 463 787 534 optumum
801 453 879 533 quod
896 463 1014 532 gustatu
1039 454 1109 516 sali-

97 557 160 599 vam
177 540 328 616 dentisque
343 539 435 615 magis
450 539 548 598 inlicit.

55 630 107 686 140
171 620 254 702 (83.)
276 622 331 682 lris
358 621 421 683 ruia
445 623 551 703 rpelior
578 639 662 700 quam
686 621 817 686 candida.
857 623 1013 684 infantibus
1041 640 1109 682 eam

98 705 291 782 circumligari
307 706 434 767 salutare
451 717 512 782 111,
538 705 731 766 dentientibus
753 708 912 786 praecipue
934 717 965 768 et
981 707 1133 769 tussiens

96 789 172 849 tibus
200 791 396 850 taeniarumve
423 792 491 852 vitio
523 789 720 852 laborantibus
747 787 889 851 instillari.
937 791 1030 851 ceteri
1065 791 1099 850 ef

96 875 192 935 fectus
209 875 272 934 eius
290 892 349 934 non
364 874 479 935 1111111111
496 875 616 936 amello
633 875 776 935 differunt.
809 874 909 936 ulcera
929 884 1035 953 purgat
1060 892 1108 935 ca·

97 959 181 1038 pitis,
210 959 371 1038 praecipue
395 961 621 1039 suppurationes
647 967 776 1018 veteres.
811 959 908 1019 alvom
929 958 1019 1019 solvit
1037 958 1108 1018 dua·

96 1043 151 1103 bus
166 1042 309 1104 drachmis
327 1061 390 1104 cum
406 1044 510 1123 melle,
539 1045 655 1120 tussim,
676 1044 814 1119 tormina,
839 1042 1004 1104 inflationes
1024 1051 1109 1120 pota,

56 1137 105 1193 141
116 1127 211 1187 lienes
231 1144 269 1186 ex
289 1136 387 1187 aceto.
427 1129 527 1188 contra
549 1128 726 1206 serpentium
748 1135 777 1186 et
797 1144 970 1187 araneorum
990 1143 1145 1190 111111111

97 1230 135 1270 ex
151 1227 242 1289 posca
257 1211 351 1288 valet,
376 1220 476 1272 contra
498 1213 671 1290 scorpiones
686 1211 804 1271 duamm
819 1210 1019 1271 drachmarum
1034 1227 1109 1290 pou·

97 1296 168 1356 dere
195 1297 223 1354 in
249 1313 324 1373 pane
346 1296 394 1356 vel
421 1314 495 1374 aqua
517 1298 651 1370 sumitur,
676 1304 777 1355 contra
805 1312 905 1354 canum
932 1312 1048 1362 morsus
1071 1313 1110 1354 ex

97 1379 165 1438 oleo
182 1380 327 1458 inponitur
343 1389 372 1440 ct
387 1389 488 1441 contra
501 1380 717 1457 perfrictiones.
747 1380 791 1440 sic
806 1387 836 1438 et
851 1397 1008 1439 nervorum
1023 1379 1109 1453 dolo,-

96 1462 193 1538 ribus,
216 1463 319 1523 lumbis
335 1481 408 1524 vero
425 1473 454 1524 et
472 1463 680 1524 coxendicibus
696 1480 760 1522 cum
773 1465 872 1523 resina
892 1463 1029 1524 inlinitur.
1062 1464 1109 1522 vis

97 1548 124 1606 ei
147 1547 384 1608 concalfaotoria.
417 1548 535 1608 naribus
557 1547 698 1608 subducta
720 1556 915 1608 sternumenta
937 1555 1037 1608 movet
1050 1565 1145 1630 Ι11-11

55 1641 106 1695 141
119 1641 228 1710 potque
247 1641 360 1710 purgat.
395 1632 489 1693 dolori
507 1633 610 1711 capitis
627 1649 690 1690 cum
707 1633 839 1692 cotoneis
859 1632 941 1692 malis
964 1641 1012 1692 ant
1033 1641 1108 1692 stru·

18 1741 19 1744 ¹
97 1716 171 1776 theis
187 1716 324 1776 inlinitur.
359 1716 493 1796 crapulas
508 1733 625 1795 quoque
640 1726 670 1777 11
683 1715 883 1795 orthopnoeas
899 1716 1026 1776 discutit.
1056 1733 1109 1774 vo·

96 1803 230 1861 mitioues
255 1803 314 1860 ciet
338 1800 451 1861 duobus
476 1800 574 1860 obolis
602 1809 724 1878 sumpta.
757 1817 825 1860 ossa
851 1801 944 1861 fracta
971 1799 1109 1875 extrahit,

97 1886 221 1963 inposita
244 1902 307 1944 cum
327 1885 427 1946 melle.
466 1885 503 1946 ad
523 1884 701 1963 paronychia
721 1883 813 1944 farina
834 1887 896 1944 eius
918 1893 1053 1957 utuntur,
1081 1883 1110 1941 in

96 1970 164 2028 vino
180 1968 333 2035 adclavos
349 1978 378 2028 et
393 1987 549 2044 verrucas,
573 1968 727 2047 triduoque
747 1985 805 2028 non
826 1968 960 2029 solvitur.
1000 1967 1143 2028 halituszo

98 2054 157 2112 oris
174 2053 400 2114 conmanducata
416 2052 515 2114 abolet
529 2053 697 2130 alarumque
712 2053 791 2113 vitia.
823 2069 896 2112 suco
911 2051 1032 2112 duritias
1048 2068 1108 2110 om·

97 2137 142 2196 nis
158 2136 279 2196 emollit.
311 2155 441 2197 somnum
457 2137 610 2212 conciliat,
631 2136 685 2196 sed
698 2139 861 2214 genituram
877 2136 1031 2196 consumit.
1061 2152 1108 2194 se·

98 2220 141 2280 dis
157 2221 244 2279 rimas
261 2230 290 2282 et
307 2222 510 2298 condylomata
531 2223 684 2299 omniaque
703 2223 732 2280 in
750 2237 878 2300 corpore
901 2219 1109 2280 excrescentia

57 2312 202 2368 14311111.
215 2306 287 2364 Sunt
299 2308 348 2383 qui
360 2306 525 2366 silvestrem
536 2307 630 2380 xyrim
642 2314 758 2364 vocent.
774 2314 896 2364 strumas
908 2303 1042 2363 1111111
1057 2320 1108 2380 pa·

23 2439 24 2442 ,
97 2405 152 2449 nos
169 2388 215 2449 vel
232 2389 349 2466 inguina
364 2391 488 2450 discutit.
520 2390 699 2467 praecipitur
718 2398 747 2448 ut
769 2389 884 2448 sinistra
899 2405 985 2446 manu
1001 2386 1036 2446 ad
1053 2385 1145 2446 hosat

97 2491 168 2532 usus
179 2482 295 2534 eruatur
307 2473 541 2552 colligentesque
554 2473 650 2534 dicant
662 2473 743 2539 cuius
762 2472 884 2532 hominis
900 2473 1003 2549 utique
1019 2487 1109 2531 causa

57 2559 253 2620 1441111111.
289 2556 387 2618 111111
412 2557 613 2618 herbariorum
639 2557 787 2635 aperietur
811 2557 840 2616 in
867 2555 923 2616 hac
948 2556 1107 2614 mentione.

96 2651 209 2720 partem
225 2643 287 2702 1111
306 2650 424 2702 servant
441 2650 471 2701 et
492 2641 668 2718 quarundam
690 2639 809 2701 aliarum
826 2638 999 2713 herbarum,
1022 2637 1111 2698 sicuti

97 2725 289 2804 plantaginis,
310 2734 340 2785 et
359 2727 500 2804 siparum
516 2724 661 2785 mercedis
676 2724 778 2787 tulisse
798 2741 832 2784 se
853 2723 1029 2784 arbitrantur
1045 2740 1108 2782 rur-

97 2826 205 2887 susque
230 2827 304 2888 opus
324 2818 481 2888 quaerunt,
508 2817 620 2888 partem
637 2825 700 2870 eam
717 2826 801 2886 quarn
823 2825 984 2868 servavere
1002 2807 1144 2868 eodcmao

98 2892 167 2952 loco
189 2892 346 2968 infodiunt,
370 2893 479 2969 credo,
503 2902 534 2953 ut
553 2893 621 2953 vitia
646 2909 723 2970 quac
745 2893 911 2953 sanaverint
930 2890 1040 2951 faciant
1060 2907 1108 2950 re·

97 2976 220 3036 bellare.
259 2977 413 3038 Saliuncae
433 2977 517 3044 radix
537 2978 565 3036 in
587 2978 655 3037 vino
676 2976 800 3037 decocta
824 2977 899 3036 sistit
919 2975 1108 3050 vomitiones,

98 3060 274 3122 conroborat
288 3061 477 3122 stomachum.

57 3151 105 3209 145
170 3143 253 3226 (84.)
274 3145 356 3206 Polio
373 3144 508 3206 Musaeus
523 3155 552 3208 et
568 3144 713 3205 Hesiodus
729 3145 872 3223 perungui
886 3141 988 3203 iubent
1005 3142 1108 3220 digna·

96 3229 184 3290 tionis
204 3229 376 3308 gloriaeque
393 3229 505 3306 avidos,
521 3229 630 3308 polium
650 3230 781 3306 tractari,
810 3227 878 3304 ooli,
901 3226 1012 3304 polium
1036 3233 1142 3288 con-³⁵

97 3322 141 3373 tra
167 3331 280 3374 venena
304 3313 422 3391 haberi,
453 3323 554 3374 contra
582 3314 728 3392 serpentis
755 3312 918 3386 substerni,
946 3312 1007 3386 uri,
1038 3327 1108 3388 por·

96 3398 164 3474 tari,
184 3399 213 3456 in
227 3399 294 3457 vino
311 3397 436 3475 decoqui
449 3415 556 3457 recens
573 3398 622 3458 vel
637 3397 761 3474 aridum,
781 3396 929 3474 inlinique.
964 3393 1108 3473 splenicis

96 3482 251 3558 propinant
266 3500 304 3541 ex
319 3490 421 3558 aceto,
442 3480 545 3541 morbo
569 3483 655 3560 regio
676 3483 704 3540 iu
719 3482 804 3560 vino,
827 3489 856 3539 et
876 3477 1050 3556 hydropicis
1066 3479 1107 3536 in·
