2396 3900
136 243 196 306 130
479 255 507 303 c.
524 254 621 302 amm
633 252 785 302 suenum

133 429 196 471 mus
212 420 307 471 autern
323 418 353 470 et
368 410 489 472 aliorum
504 409 628 488 placita,
651 408 785 488 quoniam
798 424 857 468 uon
871 407 955 468 unius
971 416 1072 468 terrac
1094 407 1153 468 sed

133 495 222 556 totius
236 504 357 556 naturae
368 495 545 573 interpretes
561 511 674 569 sumus,
691 511 750 554 non
763 491 930 553 auctoribus
942 491 1048 571 positis
1061 523 1108 536 —
1121 490 1153 551 id

133 580 209 639 enim
220 577 376 640 verbosum
388 577 542 640 est-sed
558 577 737 655 regionibus.
765 577 900 654 legentes
918 585 1027 637 tautum
1045 576 1151 636 memi-

133 665 228 724 nerint
238 662 389 724 brevitatis
400 664 504 741 gratia,
518 679 582 722 cnm
589 660 686 723 Attica
697 661 841 723 nominata
851 661 950 737 luerit,
963 660 1049 721 simul
1061 659 1151 720 intel·

89 758 141 812 215
148 747 251 825 legere
267 744 411 823 cycladas
428 747 548 823 insulas,
565 763 630 806 cum
643 745 825 824 Macedonia,
839 743 1035 822 Magnesiam,
1054 743 1175 804 'liure-s

133 832 215 910 ciam,
233 849 296 892 oum
312 828 480 910 Aegyptus,
491 830 670 910 Phoenicen,
681 828 823 909 Cyprum,
836 827 979 906 Ciliciam,
992 847 1059 888 cum
1069 827 1151 888 Boe·

131 917 209 992 otia,
224 914 393 994 Locridem,
408 914 567 976 Phocidem
591 924 621 975 et
644 915 778 976 linitimos
794 931 911 994 semper
930 922 1058 989 tractus,
1082 931 1152 974 cum

131 999 353 1078 Hellespontus,
371 998 587 1060 Chersonesum
607 1007 638 1058 et
657 1000 834 1061 coutinentia
854 1015 948 1078 usque
967 996 1047 1058 Atho
1065 1014 1150 1057 mon-

131 1092 201 1161 tem,
220 1101 283 1144 cum
296 1082 394 1159 louia,
410 1083 510 1144 Asiam
525 1091 557 1144 et
572 1082 682 1145 insulas
699 1083 807 1160 Asiae,
831 1101 894 1142 cum
908 1082 1149 1162 Peloponnesus,

130 1166 270 1228 Achaiam
285 1177 315 1228 et
331 1168 367 1229 ad
381 1185 537 1246 uesperam
551 1168 673 1229 iacentis
689 1177 794 1229 terras.
830 1165 970 1228 (lhaldaci
990 1165 1149 1242 Assyriam
1160 1191 1185 1234 m

87 1261 178 1316 albet
197 1250 385 1326 Babyloniam
404 1251 651 1312 demonstrabunt.
682 1252 827 1329 Africam,
841 1251 1015 1330 Hispanias,
1034 1250 1150 1312 Gallias

130 1335 211 1395 sileri
234 1352 292 1395 uon
309 1337 363 1396 erit
377 1337 487 1413 mirum,
502 1354 587 1396 nemo
603 1336 678 1396 enim
693 1336 861 1396 observavit
874 1335 904 1394 in
918 1335 964 1396 bis
974 1335 1024 1414 qui
1036 1335 1149 1414 proda-

129 1428 176 1480 ret
196 1419 322 1480 siderum
338 1430 469 1481 exortus.
499 1438 558 1481 non
572 1429 668 1481 tamen
684 1418 794 1480 difficili
806 1420 918 1480 ratione
931 1419 1150 1496 dignoscentem

87 1503 152 1591 ⁶52?
162 1506 192 1564 iu
208 1505 267 1566 illis
282 1523 400 1584 quoque
415 1505 503 1565 terris
520 1505 684 1583 digestione
700 1505 875 1565 circulorum
901 1521 986 1583 quam
1008 1505 1038 1564 in
1057 1513 1148 1565 sexto

87 1589 294 1653 altvolumine
316 1590 454 1667 lecimus,
485 1607 541 1668 qua
569 1589 704 1666 cognatio
733 1588 808 1649 caeli
828 1606 887 1649 nou
906 1589 1036 1666 gentium
1055 1588 1180 1652 modom

130 1691 231 1734 verum
243 1673 356 1734 urbium
368 1690 485 1753 quoque
496 1673 671 1752 singularum
682 1673 872 1752 intellegitur,
890 1691 963 1751 ergo
976 1672 1072 1734 erbis
1084 1682 1146 1734 ter·

129 1758 171 1818 ris
183 1776 255 1838 quas
266 1759 474 1818 nominavimus
485 1767 599 1837 sumpta
610 1745 796 1819 convexitate
806 1758 910 1819 cuculi
921 1757 1099 1836 pertinentis
1110 1758 1148 1820 ad

130 1859 202 1920 quas
217 1843 340 1921 quisque
356 1851 478 1922 quaeret
494 1851 589 1902 terras
603 1841 690 1903 iidem
704 1851 788 1903 erunt
808 1842 935 1902 siderum
951 1851 1073 1902 exortus
1091 1861 1147 1922 per

130 1926 254 1985 omnium
270 1925 445 1986 circulorum
460 1927 539 2004 paris
556 1925 683 1988 umbras.
715 1926 897 1989 indicandum
913 1935 944 1986 ct
959 1926 1048 2006 illud,
1070 1935 1145 1987 tem·
1196 1983 1197 1986 ,

128 2017 260 2088 pestates
276 2010 356 2090 ipsas
372 2009 505 2070 cardines
528 2028 599 2070 suos
618 2009 729 2072 babere
746 2011 892 2090 quadrinis
906 2010 1004 2087 annis,
1027 2021 1058 2072 et
1078 2025 1178 2072 eas-co
1195 2011 1196 2060 ἐ

130 2091 197 2153 dem
211 2109 270 2153 non
285 2109 389 2172 magna
404 2093 568 2156 dilierentia
579 2097 690 2156 reverti
704 2098 815 2157 ratione
831 2096 921 2173 solis,
938 2096 1055 2156 octonis
1069 2113 1144 2156 vero

129 2177 232 2253 augeri
246 2178 376 2254 easdem,
393 2180 552 2240 centesima
565 2179 738 2241 revolvente
754 2199 788 2241 se
803 2180 880 2242 luca.

86 2267 139 2325 me
202 2258 287 2341 (58.)
311 2259 409 2322 Omnis
427 2271 523 2323 autem
539 2265 615 2324 ratio
630 2263 787 2326 obseruata
803 2274 849 2325 est
864 2265 955 2326 tribus
968 2265 1075 2343 modis,
1092 2284 1144 2327 ex·
1194 2301 1196 2306 κ

129 2352 194 2404 ortu
219 2345 347 2406 siderum
375 2364 543 2426 occasuque
570 2357 599 2408 et
625 2349 754 2428 ipsorum
778 2358 940 2428 temporum
962 2350 1143 2412 cardinibus.

128 2437 249 2490 exortus
264 2447 447 2510 occasusque
463 2431 538 2492 binis
559 2431 653 2493 modis
673 2434 890 2512 intelleguntur.
923 2442 972 2494 aut
994 2435 1070 2495 euim
1092 2435 1196 2496 sad-at·

126 2521 216 2574 ventu
233 2515 306 2577 solis
323 2514 505 2576 occultantur
521 2515 625 2578 stellae
642 2525 671 2576 st
685 2519 818 2597 conspici
833 2518 983 2596 desinunt,
1001 2527 1051 2580 aut
1065 2520 1143 2580 eius·
1194 2545 1195 2550 ¹

128 2597 194 2660 dem
209 2597 351 2659 abscessu
368 2599 521 2678 proferunt
532 2618 575 2660 se.
607 2619 751 2662 emersum
764 2602 822 2663 boc
838 2602 942 2663 melius
956 2621 1043 2682 quam
1054 2621 1142 2664 exor·
1193 2635 1195 2656 2

126 2690 186 2742 tum
204 2683 384 2744 consuetudo
401 2682 538 2764 dixisset,
555 2693 585 2744 et
600 2684 671 2745 illud
690 2687 913 2748 occultationem
934 2690 1033 2767 potius
1056 2706 1143 2766 mam
1192 2705 1194 2750 t

84 2773 136 2831 ms
144 2782 290 2826 occasum.
316 2765 375 2826 alio
386 2767 485 2844 modo,
500 2786 557 2848 quo
569 2769 617 2829 die
629 2770 767 2849 incipiunt
779 2770 923 2850 adparere
933 2772 983 2833 rel
993 2772 1140 2850 desinunt,
1192 2783 1194 2848 ζ

128 2848 241 2910 oriente
257 2849 323 2911 sole
335 2859 384 2911 aut
393 2851 563 2933 occidente,
578 2855 707 2915 matutini
719 2857 918 2934 vespertinive
930 2857 1172 2936 cognominatis
1192 2879 1194 2946 t

127 2942 215 3014 prout
235 2935 378 2996 alteruter
399 2952 499 2997 eorum
520 2955 603 2998 mene
629 2937 679 2999 vel
700 2940 874 3019 crepusculo
901 2942 1053 3020 contingit.
1089 2941 1139 3002 do·

128 3018 244 3079 drautes
259 3018 394 3080 horarum
413 3037 477 3081 cum
491 3023 644 3082 minumum
657 3023 809 3086 intervalla
831 3043 866 3086 ea
888 3025 1057 3087 desiderant
1073 3035 1141 3088 ante
1191 3015 1193 3038 ¹

127 3102 200 3164 solis
215 3113 309 3164 ortum
321 3105 372 3165 vel
390 3115 458 3185 post
474 3123 627 3183 occasum,
650 3116 681 3168 ut
696 3108 808 3188 adsplci
828 3110 950 3190 possint.
981 3119 1140 3190 praeterea
1191 3047 1193 3154 ι

125 3185 171 3248 bis
188 3189 329 3267 quaedam
341 3190 511 3251 exoriuntur
526 3200 556 3252 et
571 3189 723 3273 occidunt,
749 3195 900 3274 omnisque
924 3212 1022 3256 sermo
1043 3196 1080 3257 de
1095 3196 1140 3256 luis

82 3271 179 3359 {gest
192 3274 288 3334 stellis
303 3292 375 3354 quas
391 3274 552 3337 adhaerere
569 3275 653 3338 caelo
670 3276 803 3338 diximus.
1145 3303 1167 3346 tt

83 3367 136 3420 220
206 3357 291 3438 (59.)
321 3356 416 3420 (lardo
441 3369 604 3439 temporum
633 3361 841 3440 quadripertita
863 3364 929 3425 anni
951 3364 1135 3426 distinctione

128 3450 242 3503 constat
259 3460 313 3520 per
328 3444 506 3504 incrementa
521 3444 606 3506 lueis.
639 3455 761 3524 augetur
776 3448 851 3509 haec
868 3466 885 3510 a
901 3449 1019 3526 bruma,
1043 3458 1073 3510 et
1088 3467 1134 3510 ae

127 3532 230 3592 quatur
247 3526 381 3588 noctibus
406 3546 498 3588 verno
525 3531 710 3610 aequinoctio
738 3531 842 3593 diebus
862 3545 908 3595 xo
929 3534 1012 3595 horis
1035 3533 1134 3595 tribus.
