2406 3914
147 227 210 291 21111
487 236 517 285 1.
533 237 629 284 nunu
645 235 795 288 snonunr

146 413 219 456 mus.
248 392 425 454 mediocrum
435 393 548 453 ratione
559 409 575 451 a
587 391 679 451 farina
694 390 796 451 hordei
814 389 901 450 distat
915 407 952 450 eo
966 390 1043 468 qnod
1060 399 1151 450 torre·

147 489 207 555 tur,
223 476 260 538 oh
275 477 303 536 id
319 476 468 537 stomacho
484 475 572 536 utilis.
604 474 699 534 alvom
713 476 788 533 sistit
803 474 986 552 impetusque
1001 473 1151 535 rubicundi

126 563 282 638 tumoris,
304 569 332 620 11
355 559 449 620 oculis
470 559 598 620 inlinitur
621 567 651 618 et
669 559 771 637 capitis
793 557 888 618 dolori
907 575 972 617 cum
994 566 1151 618 mentuunt

146 647 203 707 alia
218 645 411 723 refrigerante
426 642 531 719 herba,
550 643 618 703 item
635 641 821 720 pernionibus
844 650 873 702 11
894 643 1072 720 serpentium
1091 641 1150 720 pla·

146 731 208 807 gis,
224 731 292 788 item
310 728 447 788 ambustis
461 745 499 788 err
513 728 598 803 vino,
615 726 782 806 inhibetque
795 725 922 804 pusulas.
1161 747 1170 786 1

105 820 153 875 127
231 808 314 895 (60.)
336 807 440 873 Farina
454 813 482 872 iu
497 811 635 891 pollinem
651 811 770 872 subacta
785 812 842 870 vim
858 809 1031 871 extrahendi
1046 812 1150 872 umoris

146 896 249 972 habet,
272 897 338 956 ideo
361 905 391 955 ct
412 913 518 957 cruore
540 895 668 966 subfusis
689 897 717 955 in
737 894 843 955 fascias
870 912 964 973 usque
982 899 1151 972 sanguinem

147 981 294 1059 perducit,
316 980 465 1041 efficacius
487 981 517 1039 in
536 998 618 1060 sapa.
648 980 793 1059 inponitur
814 987 844 1038 et
863 979 970 1056 pedum
996 980 1074 1040 callo
1093 981 1149 1041 cla·

145 1065 258 1143 visque.
290 1082 355 1125 nam
371 1082 435 1125 cum
450 1065 518 1125 oleo
533 1073 635 1124 vetere
653 1082 688 1125 ac
707 1066 774 1143 pice
792 1065 918 1124 decocto
945 1063 1058 1142 polline
1083 1083 1157 1144 con-0

145 1148 290 1224 dylomata
306 1157 336 1207 et
349 1148 404 1209 alia
421 1149 514 1209 omnia
532 1149 610 1210 sedis
626 1149 696 1209 vitia
710 1165 795 1227 quam
808 1165 940 1210 maxume
956 1149 1053 1210 calido
1069 1151 1149 1211 mira·
1160 1165 1180 1208 ro

144 1232 232 1292 bilem
245 1233 274 1290 iu
287 1232 401 1292 modum
420 1241 562 1294 curantur.
591 1232 672 1310 pulte
692 1250 799 1311 corpus
820 1243 951 1310 augetur.
983 1234 1075 1295 farina
1096 1251 1150 1312 qua

145 1316 263 1376 chartae
278 1315 454 1393 glutinantur
463 1318 631 1394 sanguinem
643 1317 864 1377 exscreautihus
880 1317 962 1378 datur
972 1317 1073 1395 tepida
1089 1335 1150 1378 sor·

145 1399 241 1460 benda
256 1399 425 1461 efficaciter.

103 1493 154 1548 118
227 1483 311 1562 (61.)
334 1483 419 1544 Alica
435 1503 484 1544 res
499 1483 627 1544 lfomana
652 1492 741 1543 estet
760 1502 818 1544 nnn
837 1483 949 1563 pridem
973 1487 1149 1564 excogitata,

145 1568 253 1646 alioqui
271 1585 329 1627 uon
351 1569 462 1629 tisanae
483 1570 579 1646 potius
602 1567 702 1630 laudes
722 1568 910 1648 scripsissent
931 1567 1047 1630 Graeci.
1078 1587 1179 1630 non-u

144 1653 208 1712 dum
226 1651 350 1711 arbitror
368 1651 490 1730 Pompei
504 1651 600 1730 Magni
614 1661 710 1713 aetate
724 1653 753 1711 in
765 1670 818 1712 usu
833 1652 942 1728 fuisse,
965 1662 996 1712 et
1015 1653 1083 1713 ideo
1101 1655 1149 1712 vix

144 1737 296 1813 quicquam
313 1735 348 1796 de
365 1753 400 1796 ea
416 1738 554 1814 scriptum
569 1734 604 1796 ab
620 1735 802 1815 Asclepiadis
820 1735 931 1797 schola.
950 1753 1020 1796 esse
1036 1736 1149 1814 quidem

144 1820 249 1878 eximie
264 1820 361 1879 utilem
378 1836 462 1879 nemo
478 1818 603 1896 dubitat,
620 1821 681 1880 sive
704 1819 781 1880 eluta
802 1818 887 1879 detur
908 1836 946 1878 ex
965 1837 1040 1898 aqua
1059 1819 1149 1880 mulsa

103 1904 274 1969 1191111111
296 1903 472 1964 sorbitiones
488 1903 611 1964 decocta
624 1905 686 1962 sive
702 1905 731 1963 in
754 1903 873 1981 pultem.
906 1903 1009 1964 eadem
1033 1905 1063 1964 in
1084 1903 1148 1964 alno

102 1987 270 2048 insistenda
285 1995 427 2063 torretur,
444 1988 509 2047 dein
523 1988 653 2047 favorum
671 2005 738 2047 cera
755 1988 904 2065 coquitur,
921 1995 952 2045 ut
969 2005 1058 2066 supra
1077 1987 1179 2046 dixi-to

141 2088 212 2129 mus.
239 2071 425 2148 peculiariter
439 2079 535 2131 tamen
548 2071 636 2148 longo
653 2070 754 2130 morbo
770 2070 806 2130 ad
822 2069 1008 2131 tabitudinem
1022 2071 1147 2131 redactis

142 2153 276 2214 subvenit
296 2155 386 2214 ternis
412 2156 473 2215 eius
499 2155 608 2230 cyathis
629 2157 657 2214 iu
681 2155 835 2216 sextarium
857 2171 950 2232 aquae
971 2156 1080 2214 sensim
1099 2154 1147 2212 de·

143 2239 251 2313 coctis,
268 2237 363 2298 donec
380 2240 471 2299 omnis
486 2256 560 2318 aqua
575 2247 773 2314 consumatur,
798 2247 903 2316 postea
918 2239 1048 2298 sextario
1065 2236 1148 2296 lactis

142 2321 222 2382 ovilli
238 2331 284 2382 aut
296 2323 405 2401 caprini
416 2323 513 2384 addito
525 2341 580 2402 per
592 2323 742 2382 continuos
754 2322 828 2396 dies,
841 2338 909 2382 mnrr
920 2321 1037 2381 adiecto
1051 2320 1147 2380 melle.

141 2405 192 2466 tali
205 2424 315 2482 genere
332 2406 500 2468 sorbitionis
517 2407 704 2468 emendantur
718 2414 866 2480 syntexes.
1155 2422 1179 2463 as

100 2499 152 2552 130
225 2490 309 2570 (62.)
332 2489 411 2550 llilin
426 2491 537 2550 sistitur
550 2491 649 2566 alvos,
666 2490 854 2551 discutiuntur
864 2489 1003 2562 tormina,
1020 2489 1049 2548 iu
1064 2505 1148 2566 quem

141 2593 222 2634 usum
244 2583 371 2636 torretur
394 2583 470 2634 ante.
498 2591 652 2636 nervorum
672 2573 822 2635 doloribus
845 2582 874 2632 et
896 2573 961 2634 aliis
982 2571 1104 2632 fervens
1121 2573 1148 2630 in

141 2676 229 2718 sacco
242 2659 400 2736 inponitur,
415 2675 510 2736 neque
522 2658 598 2718 alind
610 2659 722 2733 utilius,
739 2659 871 2736 qnoniam
884 2657 1064 2717 levissimum
1077 2654 1146 2714 mol·

141 2741 337 2821 lissimumque
360 2751 456 2802 estet
479 2741 586 2803 caloris
610 2743 839 2820 capacissimum.
875 2742 972 2818 itaque
993 2739 1062 2800 talis
1080 2757 1147 2800 usus

142 2825 203 2884 eius
225 2834 270 2884 est
288 2827 323 2886 ad
345 2828 439 2886 omnia
460 2825 564 2904 quibus
589 2825 669 2886 calor
688 2825 855 2904 prolaturus
875 2833 930 2884 est.
967 2824 1060 2883 farina
1085 2823 1177 2882 eiusas

141 2925 204 2966 cum
225 2909 292 2984 pice
314 2908 420 2987 liquida
439 2911 616 2987 serpentium
637 2919 666 2969 et
687 2908 863 2987 multipedae
878 2907 974 2986 plagis
992 2908 1145 2987 inponitur.

99 3001 148 3054 1111
224 2991 308 3070 (63.)
331 2992 464 3052 Panicum
480 2993 601 3054 Diocles
618 2993 747 3054 medicus
765 2993 823 3052 mel
840 2992 953 3068 frugum
975 2991 1145 3070 appellarit.

140 3073 263 3136 effectus
277 3074 365 3136 habet
382 3095 455 3156 quos
472 3077 587 3136 milium.
619 3079 648 3136 iu
669 3080 735 3136 vino
757 3087 855 3155 potum
877 3074 1000 3154 prodest
1020 3074 1146 3149 dysinte-

139 3159 217 3218 ricis.
251 3159 382 3220 similiter
397 3161 442 3220 his
457 3177 531 3238 quae
552 3160 717 3239 vaporanda
732 3170 797 3220 sunt
817 3159 1012 3220 excalfactum
1035 3154 1147 3236 inponi-

138 3251 193 3302 tur.
209 3243 283 3302 sistit
299 3243 393 3303 alvom
405 3246 433 3303 in
449 3242 525 3304 lacte
543 3245 661 3322 caprino
676 3245 828 3305 decoctum
840 3253 870 3302 et
883 3243 928 3302 bis
939 3243 988 3302 die
1003 3243 1177 3306 baustumss
1197 3317 1198 3322 ἵ

139 3327 182 3385 111
197 3327 318 3404 prodest
332 3337 361 3386 et
376 3327 410 3387 nd
426 3329 557 3386 tormina.

99 3416 165 3469 132‘
222 3409 307 3488 (64.)
327 3411 437 3469 Sesima
460 3411 526 3470 trita
546 3409 574 3468 iu
595 3409 662 3469 vino
686 3420 797 3488 sumpta
827 3410 936 3470 inhibet
961 3411 1142 3470 vomitiones.

139 3493 248 3551 *urium
269 3492 481 3552 inflammationi
502 3493 628 3554 inlinitur
647 3501 677 3552 et
701 3493 849 3556 ambustis.
891 3494 993 3572 eadem
1009 3493 1101 3554 eflicit
1118 3499 1144 3552 et
