2508 3924
258 229 337 276 nau.
352 228 442 277 rursu.
458 227 582 278 xxvru.
598 215 860 296 ro.1t.,(63—70.)
991 213 1049 304 199

70 382 198 444 remedio
213 390 266 442 est.
297 381 485 459 lethargicos
498 384 604 444 excitat
620 383 691 444 asini
706 381 933 444 licheunarlbos
955 381 1050 442 inlitus

70 485 106 526 ex
120 475 223 541 aceto,
244 467 353 545 caprini
368 483 473 526 cornus
488 467 570 526 nidor
585 477 632 526 ant
647 467 784 545 pilorum,
808 468 890 526 iocur
905 483 1050 544 aprunum.

69 551 164 628 itaque
180 559 210 609 et
224 549 386 608 veternosis
398 549 488 611 datur.
518 550 670 610 Phthisicis
684 550 834 608 medentur
844 552 926 610 iocur
939 549 998 628 lupi
1013 566 1052 608 ex

67 635 133 692 rino
147 649 256 707 macro,
273 633 333 691 suis
346 633 470 692 feminae
482 632 579 693 herbis
592 643 692 712 pastae
707 633 836 708 laridum,
850 650 952 693 carnes
968 633 1050 692 asini·

46 730 121 776 snae
138 733 175 776 cx
185 717 248 775 iure
264 724 404 794 sumptae.
433 716 490 776 hoc
505 734 615 794 genere
629 735 758 776 maxume
772 717 801 774 in
818 715 928 776 Achaia
950 722 1050 775 curant

67 798 96 860 id
111 799 225 876 malum.
258 799 314 858 limi
334 816 451 876 quoque
474 801 544 860 aridi
566 801 618 860 sed
640 800 747 879 pabulo
766 799 848 859 viridi
869 808 953 878 pasto
975 798 1052 858 bove

66 882 170 942 fumum
190 882 346 943 harundine
365 881 494 942 haustum
508 884 651 963 prodesse
673 883 801 960 tradunt,
827 881 925 941 bubuli
946 898 1051 941 cornus

66 983 230 1026 mueronem
243 975 373 1026 exustum
388 965 506 1026 duorum
523 967 694 1026 coclearium
709 983 841 1026 mensura
856 965 951 1025 addito
965 963 1051 1023 melle

66 1049 164 1129 pilulis
178 1049 335 1114 devoratis.
365 1067 470 1127 caprae
486 1048 557 1110 sebo
578 1051 606 1110 in
620 1050 699 1130 pulte
715 1049 834 1110 alicacia
856 1056 885 1108 et
899 1047 1032 1126 phthisim
1043 1056 1092 1112 231

33 1141 97 1192 raet
111 1133 208 1191 tussim
224 1135 333 1208 sanari,
355 1133 402 1191 vel
424 1135 552 1209 recenti,
575 1152 637 1193 cum
657 1131 748 1193 mulso
769 1131 944 1210 liquefacto,
963 1133 1002 1190 ita
1022 1137 1053 1188 ut

67 1218 149 1276 uncia
164 1217 193 1274 in
210 1215 341 1290 cyathum
356 1214 473 1276 addatur
492 1225 632 1294 rutaeque
652 1232 731 1276 ramo
747 1216 968 1293 permiscentur,
994 1229 1052 1271 non

66 1299 151 1376 pauci
167 1299 288 1359 tradunt.
314 1299 489 1376 rupicaprae
501 1299 564 1358 sebi
581 1299 685 1374 cyatho
701 1308 730 1358 et
746 1299 828 1358 lactis
844 1299 906 1376 pari
920 1313 1052 1360 mensura

66 1381 252 1459 deploratum
270 1381 441 1459 phthisicum
462 1382 643 1462 convaluisse
669 1391 765 1442 certus
794 1389 894 1441 auctor
913 1380 1051 1441 adfirmat.

64 1474 131 1524 sunt
148 1466 195 1542 qui
214 1474 243 1525 et
256 1483 337 1525 suurn
356 1465 412 1526 limi
428 1465 554 1525 cinerem
571 1465 717 1542 profuisse
738 1465 906 1542 scripserint
920 1464 949 1523 in
964 1477 1051 1540 passo

32 1559 55 1600 ¹⁶
65 1555 96 1608 et
110 1548 189 1607 cervi
210 1547 383 1625 pulmonem,
399 1565 528 1608 maxume
540 1548 699 1624 sabulonis,
717 1548 854 1610 siccatum
868 1547 896 1605 in
909 1545 987 1606 inmo
1002 1547 1051 1605 tri·

63 1640 180 1708 tumque
195 1632 223 1690 in
239 1634 316 1690 vino.

131 1713 215 1792 (68.)
236 1713 409 1793 hydropicis
431 1715 581 1775 auxiliatur
597 1715 675 1774 urina
690 1714 806 1774 vesicae
820 1714 883 1791 apri
899 1711 1032 1790 paulatim
1043 1721 1094 1775 232

62 1799 129 1858 data
147 1798 176 1855 in
196 1805 278 1875 potu,
295 1797 444 1858 efficacius
462 1815 534 1876 quae
550 1798 686 1858 inaruerit
709 1815 772 1857 curn
792 1797 891 1856 vesica
909 1813 974 1871 sua,
996 1794 1052 1853 fimi

24 1917 26 1922 ·
61 1881 167 1940 taurini
190 1885 338 1957 maxume,
365 1880 418 1940 sed
443 1889 472 1939 et
487 1879 601 1956 bubuli,
628 1880 727 1940 -de
749 1878 911 1950 armentivis
935 1879 1051 1956 loquor,

28 1963 144 2042 eoquod
167 1962 298 2022 bolbiton
319 1971 424 2023 vocant
442 1997 500 2040 --,
527 1965 598 2024 cinis
620 1964 795 2026 coclearium
816 1963 897 2020 trium
919 1963 948 2020 in
969 1960 1053 2020 rnrdsi

60 2047 188 2121 hemina,
208 2045 292 2105 bovis
307 2047 428 2106 feminae
444 2046 473 2106 in
487 2046 669 2124 mulieribus,
692 2065 732 2107 ex
752 2046 843 2105 altero
869 2063 941 2104 sexu
963 2045 992 2103 in
1011 2043 1051 2101 vi-

60 2131 115 2205 ris,
140 2129 216 2207 quod
238 2130 326 2190 veluti
351 2130 517 2205 mysterium
537 2131 715 2191 occultarunt
735 2129 829 2206 Magi,
857 2129 950 2188 limum
971 2125 1053 2187 vituli

61 2212 185 2272 masculi
205 2212 328 2289 inlitum,
359 2214 414 2272 limi
439 2214 548 2273 vitulini
571 2215 642 2274 cinis
668 2231 737 2276 cum
756 2214 864 2272 semine
887 2210 1051 2288 staphylini,

68 2313 164 2372 aequa
181 2298 314 2374 portione
332 2314 370 2355 ex
382 2296 460 2371 vino,
476 2299 592 2372 sanguis
610 2299 742 2375 caprinus
758 2313 820 2356 curn
834 2293 968 2354 medulla.
989 2293 1051 2354 eill-

23 2380 211 2440 robustiorem
229 2386 325 2456 putant
339 2378 411 2437 hirci
426 2379 523 2456 utique
538 2380 562 2438 si
578 2379 701 2440 lentisco
716 2387 879 2456 pascantur.

128 2462 211 2540 (69.)
235 2463 301 2538 Igni
322 2478 407 2522 sacro
430 2462 542 2521 ursinus
563 2462 644 2540 adips
665 2463 807 2538 inlinitur,
831 2477 962 2520 maxume
978 2459 1090 2538 quiusa

59 2553 108 2604 est
132 2546 168 2604 ad
189 2547 284 2622 mnis,
306 2543 452 2604 vitulinum
474 2545 566 2604 limum
588 2562 693 2604 recens
714 2544 763 2604 vel
777 2543 928 2618 bubulum,
949 2559 1052 2602 caseus

59 2629 201 2706 caprinus
213 2630 309 2688 siccus
330 2645 393 2687 cum
411 2643 515 2706 porro,
536 2637 664 2687 ramenta
679 2629 764 2705 pellis
785 2628 919 2686 cervinae
939 2625 1052 2686 deiecta
1130 2656 1134 2661 ·

55 2712 179 2790 pumice
201 2721 336 2772 err-aceto
352 2711 432 2786 trita,
454 2709 551 2772 rubori
565 2729 628 2770 cnm
642 2711 787 2789 prurigine
809 2708 873 2786 equi
889 2726 989 2786 spuma
1005 2716 1052 2768 aut

20 2794 191 2872 mergulae
213 2795 300 2870 cinis,
328 2793 522 2872 eruptionibus
544 2795 662 2870 pituitae
688 2793 789 2854 asinini
811 2793 868 2852 fimi
890 2793 962 2850 cinis
988 2810 1051 2852 curn

55 2877 189 2952 butyro,
211 2879 324 2955 papulis
344 2879 435 2953 nigris
454 2877 587 2955 caprinus
610 2895 713 2936 caseus
734 2877 829 2935 siccus
852 2893 890 2936 ex
911 2875 998 2936 melle
1022 2885 1051 2934 et
1087 2935 1092 2942 ,

55 2971 149 3022 aceto
166 2963 196 3020 in
211 2960 341 3038 balineis,
356 2960 423 3020 oleo
439 2969 567 3038 remoto,
590 2960 699 3038 pusulis
722 2959 798 3018 suilli
819 2959 876 3018 limi
891 2960 961 3018 cinis
977 2977 1050 3038 aqua

53 3045 161 3104 inlitus
177 3043 225 3104 vel
243 3061 348 3103 cornus
370 3044 478 3103 cervini
493 3043 574 3103 cinis.
598 3043 680 3122 (70.)
701 3042 805 3102 luxatis
820 3059 924 3102 recens
939 3043 1092 3108 limum234

53 3145 206 3208 aprunum.
219 3127 268 3186 vel
283 3127 412 3201 suillum,
437 3129 504 3186 item
524 3127 687 3204 vitulinum,
709 3126 803 3185 verris
826 3143 925 3203 spuma
946 3143 1051 3186 recens

17 3227 44 3268 ss
54 3228 125 3270 curn
142 3219 238 3286 aceto,
256 3211 349 3270 limum
361 3210 506 3286 caprinum
521 3209 695 3285 cummelle,
712 3207 816 3268 bubula
830 3226 898 3270 caro
914 3210 1047 3286 inposita.

53 3294 94 3354 ad
119 3302 252 3356 tumores
271 3295 365 3353 dmum
392 3293 503 3352 suillum
529 3292 582 3352 snb
603 3300 678 3352 testo
703 3292 872 3352 calefactum
898 3291 1050 3368 tritumque

53 3395 125 3436 cum
141 3377 223 3437 oleo.
257 3376 372 3436 duritias
396 3393 550 3454 corporum
568 3377 659 3435 omnis
678 3374 770 3434 mollit
792 3384 906 3453 optume
928 3374 1009 3452 adips
1032 3394 1049 3434 e

50 3461 136 3540 lupis
153 3459 261 3522 inlitus.
286 3539 288 3542 Ι
302 3461 337 3520 In
351 3459 394 3518 bis
409 3475 481 3536 quae
496 3475 632 3538 rumpere
648 3475 721 3536 opus
737 3467 783 3520 est
803 3459 960 3536 plurumum
981 3475 1048 3538 pro·
