2458 3906
144 247 206 308 210
494 255 799 306 c.ru1ursreouuu1

142 415 322 493 laterumque
338 421 368 474 et
383 411 560 490 lumborum,
583 413 691 488 tussis,
715 412 857 491 suspiria,
877 411 1061 491 pulmonum,
1078 412 1152 472 ioci·

142 517 258 574 nerum,
283 499 393 559 renium
413 499 498 574 vitia,
521 497 661 559 horrores
677 496 810 575 frigidos.
837 494 874 556 ad
888 495 1026 575 crapulae
1042 513 1152 573 grava·

144 584 226 645 dines
244 583 424 644 decocuntur
439 582 510 643 iolia
531 582 651 662 poturis.
685 590 713 641 et
733 583 761 640 iu
782 579 849 641 cibo
863 580 912 642 vel
928 579 1016 641 cruda
1030 579 1080 640 vel
1097 579 1150 639 de·

143 676 228 729 cocta
249 666 401 728 conditave
418 667 557 746 prodest,
578 667 646 727 item
660 664 829 726 torminibus
846 667 875 725 in
891 665 1009 745 hysopo
1024 664 1153 725 decocta

103 761 151 818 137
165 761 194 812 et
216 770 280 812 oum
299 751 377 814 vino.
411 752 454 810 sic
469 759 498 810 et
518 751 687 827 sauguinem
704 751 778 811 sistit
800 751 966 810 interiorem
987 759 1017 809 et
1038 750 1181 810 narinms

144 835 249 912 indita,
272 837 316 896 sio
343 845 373 896 et
394 835 518 896 conlutis
537 834 670 896 dentibus
694 834 825 914 prodest.
857 834 972 896 auribus
988 850 1108 913 quoque
1122 832 1153 892 iu

102 940 135 975 rar
148 919 252 984 dolore
268 938 356 982 sucus
372 919 545 999 infunditur,
561 919 724 996 custodito,
740 929 770 980 ut
788 919 926 997 diximus,
943 917 1031 978 modo
1050 919 1079 977 in
1100 916 1152 976 sil·

143 1007 251 1081 vestri,
278 1013 379 1065 contra
400 1005 561 1067 tarditatem
581 1021 655 1066 vero
677 1004 846 1083 sonitusque
868 1021 933 1064 oum
952 1019 1078 1063 rosaceo
1102 998 1153 1060 vel

104 1098 155 1154 138
167 1107 231 1150 cum
249 1090 350 1149 laureo
367 1087 436 1148 oleo
452 1097 500 1148 aut
515 1089 629 1149 cumino
647 1097 677 1148 et
690 1089 789 1150 melle.
821 1107 908 1148 sucus
926 1097 956 1148 et
970 1085 1152 1167 phreneticis

145 1193 183 1233 ex
198 1182 284 1234 aceto
299 1173 384 1234 tritae
399 1172 553 1234 instillatur
566 1175 595 1233 in
609 1181 741 1252 tempora
754 1182 783 1234 et
796 1171 959 1236 cerebrum.
981 1172 1154 1233 adiecerunt
1164 1190 1189 1232 rt

145 1257 233 1337 aliqui
249 1267 279 1318 et
294 1256 455 1335 serpyllum
470 1265 501 1317 et
520 1258 632 1318 laurum
647 1257 801 1318 inlinentes
816 1259 913 1337 capita
930 1266 959 1317 et
978 1256 1066 1317 colla.
1099 1254 1152 1316 de·

146 1342 249 1402 derunt
270 1351 300 1402 et
319 1341 490 1419 lethargicis
511 1360 551 1402 ex
567 1351 653 1402 aceto
669 1341 880 1419 olfaciendum,
897 1341 1039 1403 dederuut
1055 1349 1085 1401 et
1100 1356 1152 1400 co·

145 1425 300 1487 mitialibns
316 1425 471 1487 bibendum
486 1426 629 1487 decoctae
644 1444 744 1487 sucum
759 1428 788 1487 in
806 1427 917 1504 cyathis
931 1435 1068 1506 quattuor
1084 1431 1153 1485 ante

145 1510 334 1572 accessiones
355 1528 475 1589 quarum
495 1512 588 1590 frigus
610 1511 794 1573 intolerabile
810 1520 872 1588 est,
893 1511 1068 1589 alsiosisque
1086 1526 1152 1569 cru·

104 1604 155 1660 139
167 1594 232 1656 dam
247 1596 276 1656 iu
298 1594 375 1656 cibo.
412 1597 522 1656 urinam
537 1614 655 1676 quoquo
669 1597 718 1658 vel
737 1605 883 1657 cruentam
904 1596 1005 1675 pellit,
1030 1595 1151 1656 iemina·
1164 1616 1188 1656 rs

145 1698 208 1741 rum
222 1682 309 1756 etiarn
323 1681 514 1759 purgationes
528 1681 749 1760 secundasque,
770 1683 856 1743 etiam
875 1690 1022 1741 emortuos
1039 1687 1152 1759 partus,

145 1773 175 1825 ut
189 1765 360 1845 llippocrati
377 1764 507 1843 videtur,
523 1783 562 1826 ex
576 1767 643 1826 vino
659 1765 736 1826 dulci
750 1769 835 1846 nigro
851 1774 921 1845 pota
937 1767 1036 1843 itaque
1058 1763 1151 1824 inlita.

147 1857 176 1909 et
187 1849 338 1910 volvarum
350 1866 437 1910 causa
450 1858 479 1909 et
488 1849 589 1910 suibus
602 1850 691 1911 iubet.
710 1850 832 1912 Diocles
845 1859 874 1910 et
886 1850 1029 1910 cardiacis
1040 1847 1155 1928 inponit

147 1951 185 1993 ex
200 1941 284 1993 aceto
300 1941 330 1992 et
345 1932 434 1994 melle
449 1952 512 1994 cum
525 1934 618 1996 iarina
634 1935 817 2011 hordeacea,
836 1944 866 1995 et
883 1943 984 1995 contra
997 1933 1087 1994 ileum
1101 1932 1152 1992 de·

147 2025 234 2077 cocta
248 2017 339 2077 iariua
355 2018 383 2076 iu
398 2018 466 2077 oleo
481 2018 643 2080 velleribus
659 2019 795 2082 collecta.
823 2020 902 2080 multi
920 2035 991 2080 vero
1006 2027 1037 2080 et
1051 2027 1152 2080 contra
1162 2038 1187 2078 ao

146 2099 314 2180 purulentas
343 2103 566 2166 exscreationes
598 2105 695 2165 sienae
723 2104 873 2168 drachmas
901 2105 990 2181 duas,
1022 2102 1153 2182 sulpuris

146 2201 230 2244 unam
249 2193 278 2244 et
300 2185 444 2247 dimidiam
467 2188 539 2249 sumi
562 2198 698 2266 censent,
725 2198 755 2249 et
775 2197 876 2250 contra
898 2197 1033 2250 cruentas
1055 2203 1153 2248 ramos

108 2279 157 2334 140
168 2269 220 2328 tris
243 2268 386 2331 decoctos
408 2273 437 2332 iu
458 2274 536 2332 vino.
571 2273 654 2336 datur
676 2282 705 2334 et
725 2273 909 2350 dysintericis
929 2291 993 2334 oum
1016 2288 1106 2334 caseo
1124 2273 1154 2331 in

146 2354 214 2413 vino
238 2356 370 2416 contrita.
406 2356 549 2418 dederuut
571 2368 600 2419 et
625 2377 689 2420 cum
716 2357 854 2419 bitumine
875 2359 1017 2419 infriatam
1041 2357 1154 2437 potioni

147 2447 268 2519 propter
289 2439 460 2521 anhelitum,
483 2461 522 2502 ex
542 2443 600 2504 alto
620 2442 712 2524 lapsis
734 2444 851 2504 seminis
872 2445 924 2506 tris
943 2443 1055 2504 uncias.
1091 2441 1187 2502 oleion

147 2522 220 2584 libra
235 2525 350 2604 vinique
367 2528 496 2587 sextario
513 2526 641 2588 inlinitur
655 2546 717 2587 curu
735 2529 804 2590 oleo
820 2529 913 2590 coetis
926 2527 1005 2588 loliis
1020 2525 1154 2605 partibus

147 2625 218 2687 quas
234 2608 326 2686 frigus
344 2609 498 2671 adusserit.
537 2612 561 2671 si
575 2615 684 2674 urinam
704 2623 820 2691 movet,
835 2622 867 2673 ut
885 2611 1056 2691 Hippocrati
1071 2611 1154 2671 vide·

147 2701 209 2768 tur,
225 2693 326 2754 mirum
342 2705 387 2755 est
403 2695 627 2775 quosdamdare
644 2698 725 2759 velut
740 2697 916 2759 inhibentem
934 2697 1032 2776 potui,
1051 2703 1154 2756 contra

106 2786 155 2841 141
167 2778 402 2840 incontinentiam
422 2781 531 2841 urinae.
565 2799 670 2861 psoras
691 2792 720 2843 et
742 2784 841 2862 lepras
864 2799 928 2843 cum
943 2780 1031 2842 melle
1047 2789 1077 2840 et
1093 2779 1153 2840 alu·

146 2861 222 2922 mine
243 2862 323 2924 inlita
344 2865 491 2942 emendat,
517 2867 585 2926 item
605 2866 779 2945 vitiligines,
802 2885 960 2943 verrucas,
981 2874 1107 2926 strumas
1125 2872 1186 2926 etoo

148 2945 250 3006 similia
271 2964 335 3006 oum
355 2949 478 3024 trychno
500 2959 529 3010 et
550 2951 635 3030 adipe
656 2952 742 3012 suillo
765 2970 799 3013 ac
813 2954 925 3013 taurino
942 2951 1032 3026 sebo,
1057 2950 1154 3028 iguem

148 3046 262 3090 sacrum
278 3049 316 3092 ex
326 3042 411 3094 aceto
423 3043 453 3094 et
464 3033 532 3096 oleo
546 3036 594 3096 vel
607 3035 768 3115 psimithio,
784 3035 990 3098 carbunculum
1003 3053 1041 3095 ex
1054 3042 1152 3095 aceto.
1212 3103 1214 3114 ,

91 3141 93 3144 ·
148 3114 277 3177 nonnulli
291 3116 477 3198 laserpicium
497 3138 553 3181 una
575 3120 655 3181 inlini
675 3121 790 3197 iubent,
814 3122 877 3182 sine
894 3138 952 3201 quo
970 3117 1153 3200 epinyctidas
1212 3117 1214 3180 l

149 3199 267 3276 pusulas
284 3212 393 3264 curant.
416 3205 555 3283 inponunt
571 3214 600 3265 et
615 3207 742 3266 mammis
754 3205 935 3284 turgentibus
952 3206 1106 3266 decoctam
1124 3211 1154 3262 et

107 3293 157 3346 142
169 3284 289 3362 pituitae
305 3288 504 3367 eruptionibus
522 3308 585 3350 cum
601 3308 681 3367 cera,
697 3293 812 3351 testium
830 3309 902 3351 vero
920 3289 1073 3371 epiphoris
1089 3305 1184 3348 curuos

43 3450 45 3453 v
148 3369 235 3428 ramis
253 3368 326 3430 lauri
350 3374 476 3449 teneris,
498 3374 572 3434 adeo
591 3376 733 3454 peculiari
754 3376 783 3436 in
801 3375 965 3436 visceribus
980 3374 1025 3435 his
1043 3374 1152 3434 ellectu

149 3459 180 3509 ut
205 3452 333 3514 silvestri
357 3465 423 3516 ruta
447 3475 510 3517 cum
528 3461 651 3537 axungia
672 3463 767 3522 veteri
790 3460 889 3523 inlitos
910 3460 1034 3521 ramices
1057 3456 1152 3520 sanari

149 3534 282 3608 prodant.
312 3538 403 3601 inacta
424 3558 541 3623 quoque
563 3543 691 3608 membra
709 3546 817 3606 semiue
840 3547 907 3607 trito
931 3564 994 3606 cum
1020 3562 1090 3606 cera
1111 3542 1151 3602 in·
1195 3621 1196 3624 Ἴ
