2430 3896
240 220 323 268 uun.
342 220 434 270 mar.
451 223 521 270 xv1.
538 218 660 274 tto—ta.
678 211 832 298 (carco.)
1002 213 1042 276 at

12 405 13 456 1
56 375 148 437 lirsuta
159 385 187 436 et
204 374 287 436 abies
299 375 469 457 multaeque
481 376 659 440 silvestrium
675 399 691 440 e
705 379 809 458 quibus
823 381 948 442 montani
960 399 1043 460 prae·

12 463 14 502 ²
55 461 136 520 bunia
150 461 196 521 iila
218 460 419 540 decerpentes
439 462 611 542 spectabilis
626 464 749 543 lagonas
770 475 799 525 et
822 465 878 526 alia
898 484 969 528 vasa
994 485 1043 528 ne·

12 605 14 624 ,
54 554 126 605 cnut.
141 545 263 618 Quidam
274 563 335 605 non
347 546 432 607 altius
443 546 624 608 descendere
637 550 753 610 radices
766 567 850 628 quam
862 550 933 610 solis
947 550 1027 611 calor
1037 560 1087 616 12⁹

12 647 13 652 ¹
54 630 195 707 tepefaciat
216 631 306 708 idque
324 640 426 692 natura
443 630 502 692 loci
517 633 657 694 tenuioris
674 635 804 694 crassive
825 634 942 711 dixere,
967 637 1045 714 quod

35 712 139 774 tialsum
153 714 292 774 arbitror.
326 715 403 794 apud
415 725 550 778 auctores
563 726 645 777 certe
661 719 815 794 invenitur,
831 719 935 781 abietis
948 720 1046 800 planta

51 815 102 856 cum
124 800 350 876 transferretur,
367 813 432 862 v111
455 799 616 862 cubitorum
643 804 671 864 in
698 803 847 865 altitudine
873 823 930 866 nec
955 813 1044 866 totam

50 881 189 959 refossam,
207 883 262 942 sed
276 883 438 963 abruptam.
469 903 601 946 maxuma
615 888 710 966 spatio
723 897 810 967 atque
825 888 1004 966 plenitudiue
1016 901 1045 950 et

50 967 101 1026 citri
113 977 168 1046 est,
183 967 221 1027 ab
231 985 267 1030 ea
278 969 400 1047 platani,
411 970 528 1030 roboris
541 979 571 1030 et
581 970 817 1048 glandiferarum.
845 972 1028 1046 Quarundam
1037 985 1088 1039 130

49 1051 116 1110 radix
130 1053 266 1113 vivacior
281 1053 450 1132 superficie,
464 1062 496 1113 ut
507 1053 590 1117 larrri.
617 1057 716 1134 itaque
734 1074 796 1116 oum
814 1065 915 1122 trunco
932 1059 1044 1135 inaruit,

26 1137 128 1200 rarecisa
144 1138 236 1198 etiam
255 1136 360 1198 laetius
375 1139 500 1198 irutioat.
526 1138 648 1212 Quidam
665 1139 808 1202 brevitate
824 1141 951 1202 radicum
967 1143 1044 1202 cele·

12 1295 13 1298 ¹
49 1221 95 1279 rius
109 1239 276 1282 senescere
292 1221 416 1284 arbores
431 1231 549 1301 putant,
569 1225 646 1303 quod
664 1234 825 1303 coarguunt
842 1225 904 1301 lici,
926 1244 1045 1304 quarum

12 1337 13 1340 =
49 1304 148 1364 radices
163 1306 359 1384 longissimae
377 1317 406 1368 et
417 1317 555 1368 senectus
571 1309 716 1370 ocissima.
747 1304 863 1370 Falsum
878 1309 1004 1371 arbitror
1016 1319 1045 1370 et

49 1389 111 1466 quod
126 1390 220 1470 aliqui
234 1391 405 1470 prodidere,
421 1391 538 1452 radices
554 1391 690 1454 arborum
701 1402 846 1455 vetustate
857 1394 954 1454 minui.
983 1395 1046 1456 visa

49 1475 109 1533 edm
130 1482 180 1534 est
202 1493 312 1536 annosa
333 1494 461 1555 quercus
483 1495 588 1538 eversa
612 1479 794 1556 tempestatis
816 1479 845 1537 vi
866 1487 895 1538 et
915 1481 1046 1556 iugerum

25 1558 90 1618 stoli
105 1559 256 1638 amplexa.

98 1645 185 1723 (57.)
217 1643 384 1706 Prostratas
404 1647 516 1706 restitui
540 1645 713 1725 plerumque
735 1655 764 1706 et
784 1647 908 1726 quadam
928 1655 1024 1705 terrae
1036 1653 1087 1710 131

12 1791 14 1802 2
48 1728 174 1787 cicatrice
192 1728 348 1789 vivescere
368 1729 489 1807 volgare
515 1739 570 1790 est.
607 1730 859 1791 familiarissimum
881 1729 938 1789 boo
954 1730 1044 1808 plata·

12 1803 13 1812 ’
47 1813 91 1888 nis,
106 1829 183 1890 quae
201 1812 364 1892 plurumum
380 1823 530 1875 ventorum
549 1815 715 1893 concipiunt
737 1823 858 1893 propter
877 1815 1046 1874 densitatem

12 1897 13 1906 ³
47 1913 192 1974 ramorum,
210 1897 316 1976 quibus
335 1900 486 1976 amputatis
503 1900 601 1960 levato
618 1916 710 1958 onere
723 1899 750 1958 in
766 1916 818 1958 sua
836 1899 943 1959 scrobe
959 1915 1045 1976 repo-

24 1989 148 2041 auuntur.
180 1981 350 2061 iactrrmque
367 1983 423 2042 iam
445 1991 491 2043 est
504 1980 562 2044 iroc
578 1992 608 2043 et
623 1985 651 2042 in
664 1983 846 2059 iuglandibus
862 1982 996 2061 oleisque
1011 2000 1045 2042 ac

48 2065 131 2126 uultis
146 2066 225 2130 aliis.
258 2065 308 2127 32.
325 2065 380 2126 Est
400 2068 429 2126 in
449 2067 593 2146 exemplis
611 2076 641 2127 et
658 2069 721 2126 siue
736 2076 911 2146 tempestate
927 2066 1025 2126 ullave
1036 2073 1086 2129 132

49 2167 125 2210 rausa
139 2151 198 2212 alia
213 2167 301 2230 quarn
317 2151 433 2230 prodigi
458 2152 602 2212 cecidisse
618 2151 721 2214 multas
744 2170 779 2212 ao
800 2169 851 2212 sua
873 2159 977 2230 sponte
999 2168 1044 2210 re·

49 2236 214 2295 surrexisse.
246 2235 354 2296 lactum
377 2236 435 2296 boc
456 2236 557 2315 populi
579 2235 701 2297 Romani
721 2235 881 2309 Quiritibus
902 2243 1045 2295 ostentum

12 2327 13 2330 ’
49 2309 191 2379 cimbricis
211 2318 301 2381 bellis
320 2319 466 2397 Nuceriae
494 2321 522 2380 iu
548 2320 615 2381 luco
640 2320 756 2381 lunonis
777 2321 872 2394 ulmo,
894 2328 1047 2398 postquam

12 2404 124 2464 aetiam
139 2412 284 2464 cacumen
298 2413 475 2484 amputatum
494 2415 566 2482 erat,
583 2406 718 2485 quoniam
733 2405 761 2463 in
779 2421 856 2464 aram
874 2404 966 2480 ipsam
978 2419 1045 2480 pro·

50 2487 209 2564 nubebat,
237 2490 370 2551 restituta
391 2499 497 2569 sponte
518 2490 556 2550 ita
578 2499 608 2549 ut
632 2491 763 2568 protinus
789 2488 924 2564 floreret,
951 2503 1045 2563 aquo

50 2569 142 2632 deiude
157 2582 294 2652 tempore
308 2575 446 2635 maiestas
462 2575 564 2653 populi
580 2573 700 2635 Romani
716 2573 877 2632 resurrexit
889 2589 964 2650 quae
981 2577 1047 2631 aute

12 2677 13 2680 ¹
48 2665 148 2718 rotata
165 2658 299 2720 cladibus
316 2657 421 2720 iuerat.
452 2668 628 2720 memoratur
639 2659 696 2718 boc
707 2657 783 2718 idem
798 2657 904 2718 iactum
921 2657 950 2715 iu
965 2654 1090 2718 Pht-133

50 2739 126 2820 lippis
144 2742 239 2804 salice
254 2745 397 2822 procidua
413 2753 499 2823 atque
516 2745 697 2819 detruncata,
714 2750 744 2802 et
762 2741 885 2818 Stagiris
902 2742 931 2801 iu
945 2754 1046 2799 museo

25 2826 150 2904 amputo
167 2827 254 2902 alba,
272 2829 367 2888 omnia
383 2827 471 2888 fausti
488 2829 601 2888 ominis.
634 2827 687 2886 sed
708 2844 839 2887 maxume
857 2826 973 2901 mirum,
989 2822 1047 2882 An·

49 2909 130 2970 taudri
145 2912 282 2990 platanus
299 2913 384 2973 etiam
400 2913 617 2973 circumdolatis
632 2910 773 2971 lateribus
788 2909 927 2970 restibilis
943 2916 1047 2988 sponte

50 2991 116 3055 iacta
132 2996 273 3076 vitaeque
288 2996 400 3058 reddita
412 2997 591 3075 longitudine
607 2996 771 3075 quindecim
784 2993 956 3068 cubitorum,
970 3009 1048 3052 oras-

51 3077 163 3140 situdine
177 3090 317 3161 quattuor
334 3082 473 3143 ulnarum.

101 3162 185 3246 (58.)
206 3164 344 3226 Arbores
359 3184 431 3245 quas
444 3174 565 3226 naturae
577 3164 735 3225 debeamus
755 3163 847 3223 tribus
864 3161 956 3221 modis
977 3163 1092 3256 nar-134

26 3257 172 3327 ascuutur,
194 3259 302 3330 sponte
325 3260 373 3310 aut
387 3253 497 3310 semine
514 3258 563 3312 aut
584 3249 620 3310 ab
642 3249 750 3311 radice.
784 3265 852 3308 cura
867 3259 1050 3306 numerosior

52 3333 209 3410 exsistit,de
218 3353 275 3414 qua
287 3351 342 3394 suo
356 3335 484 3396 dicemus
494 3334 652 3395 volumine.
670 3352 746 3394 nunc
758 3334 832 3392 enim
845 3341 922 3391 totus
934 3342 1030 3386 sermo
1038 3348 1091 3390 rasa

52 3412 82 3472 de
96 3427 191 3481 natura
202 3429 255 3480 -est
266 3418 365 3480 multis
376 3419 469 3480 modis
484 3420 623 3498 mirisque
633 3417 825 3478 memorabili.
855 3430 978 3490 namque
993 3427 1051 3469 nou

12 3499 13 3510 *
51 3503 133 3564 omnia
146 3504 175 3566 in
190 3504 328 3566 omnibus
344 3504 419 3565 locis
435 3505 516 3564 nasci
529 3504 691 3582 docuimus,
700 3521 757 3563 uec
770 3499 906 3562 translata
917 3498 1028 3564 vivere.
1041 3513 1091 3559 oss
1201 3521 1202 3528 .
