<?xml version="1.0" encoding="UTF-8"?>
<!DOCTYPE html PUBLIC "-//W3C//DTD XHTML 1.0 Transitional//EN"
    "http://www.w3.org/TR/xhtml1/DTD/xhtml1-transitional.dtd">
<html xmlns="http://www.w3.org/1999/xhtml" xml:lang="en" lang="en">
 <head>
  <title>
</title>
<meta http-equiv="Content-Type" content="text/html;charset=utf-8" />
  <meta name='ocr-system' content='tesseract 3.04.00' />
  <meta name='ocr-capabilities' content='ocr_page ocr_carea ocr_par ocr_line ocrx_word'/>
</head>
<body>
  <div class='ocr_page' id='page_1' title='image "./naturalishistor00plingoog_0145.png"; bbox 0 0 2396 3900; ppageno 0'>
   <div class='ocr_carea' id='block_1_1' title="bbox 242 207 1035 288">
    <p class='ocr_par' dir='ltr' id='par_1_1' title="bbox 242 207 1035 288">
     <span class='ocr_line' id='line_1_1' title="bbox 242 207 1035 288; baseline 0.005 -20"><span class='ocrx_word' id='word_1_1' title='bbox 242 218 323 268; x_wconf 75' lang='lat' dir='ltr'>unu.</span> <span class='ocrx_word' id='word_1_2' title='bbox 340 219 433 268; x_wconf 79' lang='lat' dir='ltr'>ursa.</span> <span class='ocrx_word' id='word_1_3' title='bbox 449 221 533 268; x_wconf 75' lang='lat' dir='ltr'>svn.</span> <span class='ocrx_word' id='word_1_4' title='bbox 547 217 667 274; x_wconf 76' lang='grc'>24-96.</span> <span class='ocrx_word' id='word_1_5' title='bbox 687 210 840 288; x_wconf 74' lang='lat' dir='ltr'>(av-eo.)</span> <span class='ocrx_word' id='word_1_6' title='bbox 996 207 1035 272; x_wconf 91' lang='grc'>89</span> 
     </span>
    </p>
   </div>
   <div class='ocr_carea' id='block_1_2' title="bbox 9 373 1082 3586">
    <p class='ocr_par' dir='ltr' id='par_1_2' title="bbox 27 373 1080 1632">
     <span class='ocr_line' id='line_1_2' title="bbox 49 373 1036 452; baseline 0.005 -21"><span class='ocrx_word' id='word_1_7' title='bbox 49 373 131 432; x_wconf 85' lang='lat' dir='ltr'>civilia</span> <span class='ocrx_word' id='word_1_8' title='bbox 150 375 254 452; x_wconf 78' lang='lat' dir='ltr'><strong>paucis</strong></span> <span class='ocrx_word' id='word_1_9' title='bbox 277 376 364 434; x_wconf 88' lang='lat' dir='ltr'>ramis</span> <span class='ocrx_word' id='word_1_10' title='bbox 382 375 579 435; x_wconf 73' lang='lat' dir='ltr'><strong>eminentibus.</strong></span> <span class='ocrx_word' id='word_1_11' title='bbox 620 377 764 436; x_wconf 89' lang='lat' dir='ltr'>inventurn</span> <span class='ocrx_word' id='word_1_12' title='bbox 785 377 934 452; x_wconf 76' lang='lat' dir='ltr'>Sibyllinis</span> <span class='ocrx_word' id='word_1_13' title='bbox 955 377 1036 437; x_wconf 91' lang='lat' dir='ltr'>libris</span> 
     </span>
     <span class='ocr_line' id='line_1_3' title="bbox 48 457 1033 542; baseline 0.005 -26"><span class='ocrx_word' id='word_1_14' title='bbox 48 459 254 518; x_wconf 77' lang='lat' dir='ltr'>internicionem</span> <span class='ocrx_word' id='word_1_15' title='bbox 268 457 413 518; x_wconf 90' lang='lat' dir='ltr'>hominum</span> <span class='ocrx_word' id='word_1_16' title='bbox 429 459 492 518; x_wconf 88' lang='lat' dir='ltr'>lore</span> <span class='ocrx_word' id='word_1_17' title='bbox 501 469 663 538; x_wconf 90' lang='lat' dir='ltr'>,tantoque</span> <span class='ocrx_word' id='word_1_18' title='bbox 685 479 747 520; x_wconf 91' lang='lat' dir='ltr'>eam</span> <span class='ocrx_word' id='word_1_19' title='bbox 768 463 907 522; x_wconf 92' lang='lat' dir='ltr'>malorem</span> <span class='ocrx_word' id='word_1_20' title='bbox 928 471 1033 542; x_wconf 89' lang='lat' dir='ltr'>quanto</span> 
     </span>
     <span class='ocr_line' id='line_1_4' title="bbox 49 541 1080 624; baseline 0.009 -24"><span class='ocrx_word' id='word_1_21' title='bbox 49 544 155 621; x_wconf 89' lang='lat' dir='ltr'>propius</span> <span class='ocrx_word' id='word_1_22' title='bbox 173 542 209 602; x_wconf 87' lang='lat' dir='ltr'>ab</span> <span class='ocrx_word' id='word_1_23' title='bbox 227 541 300 602; x_wconf 92' lang='lat' dir='ltr'>urbe</span> <span class='ocrx_word' id='word_1_24' title='bbox 316 544 412 621; x_wconf 91' lang='lat' dir='ltr'>posita</span> <span class='ocrx_word' id='word_1_25' title='bbox 424 543 530 603; x_wconf 88' lang='lat' dir='ltr'>lactum</span> <span class='ocrx_word' id='word_1_26' title='bbox 546 553 635 603; x_wconf 90' lang='lat' dir='ltr'>esset.</span> <span class='ocrx_word' id='word_1_27' title='bbox 668 546 738 605; x_wconf 89' lang='lat' dir='ltr'>Sunt</span> <span class='ocrx_word' id='word_1_28' title='bbox 753 544 885 624; x_wconf 81' lang='lat' dir='ltr'>prodigia</span> <span class='ocrx_word' id='word_1_29' title='bbox 907 557 935 606; x_wconf 90' lang='lat' dir='ltr'>et</span> <span class='ocrx_word' id='word_1_30' title='bbox 952 554 1080 608; x_wconf 77' lang='grc'>9999244</span> 
     </span>
     <span class='ocr_line' id='line_1_5' title="bbox 49 625 1035 728; baseline 0.002 -42"><span class='ocrx_word' id='word_1_31' title='bbox 49 625 136 686; x_wconf 87' lang='lat' dir='ltr'>alienis</span> <span class='ocrx_word' id='word_1_32' title='bbox 152 627 230 687; x_wconf 91' lang='lat' dir='ltr'>locis</span> <span class='ocrx_word' id='word_1_33' title='bbox 247 636 430 702; x_wconf 92' lang='lat' dir='ltr'>enascuntur,</span> <span class='ocrx_word' id='word_1_34' title='bbox 446 637 475 686; x_wconf 88' lang='lat' dir='ltr'>ut</span> <span class='ocrx_word' id='word_1_35' title='bbox 490 629 518 686; x_wconf 91' lang='lat' dir='ltr'>iu</span> <span class='ocrx_word' id='word_1_36' title='bbox 535 628 677 728; x_wconf 81' lang='lat' dir='ltr'>capitibus</span> <span class='ocrx_word' id='word_1_37' title='bbox 694 637 848 689; x_wconf 91' lang='lat' dir='ltr'>statuarum</span> <span class='ocrx_word' id='word_1_38' title='bbox 860 628 909 689; x_wconf 92' lang='lat' dir='ltr'>vel</span> <span class='ocrx_word' id='word_1_39' title='bbox 924 631 991 706; x_wconf 87' lang='lat' dir='ltr'>aris,</span> <span class='ocrx_word' id='word_1_40' title='bbox 1006 638 1035 688; x_wconf 92' lang='lat' dir='ltr'>et</span> 
     </span>
     <span class='ocr_line' id='line_1_6' title="bbox 33 710 1035 790; baseline 0.002 -20"><span class='ocrx_word' id='word_1_41' title='bbox 33 727 102 776; x_wconf 70' lang='lat' dir='ltr'>scum</span> <span class='ocrx_word' id='word_1_42' title='bbox 115 712 142 770; x_wconf 92' lang='lat' dir='ltr'>in</span> <span class='ocrx_word' id='word_1_43' title='bbox 158 710 337 771; x_wconf 82' lang='lat' dir='ltr'>arboribus</span> <span class='ocrx_word' id='word_1_44' title='bbox 328 713 400 790; x_wconf 79' lang='lat' dir='ltr'>ipsis</span> <span class='ocrx_word' id='word_1_45' title='bbox 413 711 534 774; x_wconf 89' lang='lat' dir='ltr'>alienae.</span> <span class='ocrx_word' id='word_1_46' title='bbox 565 711 661 772; x_wconf 79' lang='lat' dir='ltr'>fieus</span> <span class='ocrx_word' id='word_1_47' title='bbox 653 731 681 772; x_wconf 90' lang='grc' dir='ltr'>ιιι</span> <span class='ocrx_word' id='word_1_48' title='bbox 696 713 777 774; x_wconf 92' lang='lat' dir='ltr'>lauro</span> <span class='ocrx_word' id='word_1_49' title='bbox 793 723 858 774; x_wconf 90' lang='lat' dir='ltr'>nata</span> <span class='ocrx_word' id='word_1_50' title='bbox 876 723 921 773; x_wconf 92' lang='lat' dir='ltr'>est</span> <span class='ocrx_word' id='word_1_51' title='bbox 936 711 1035 790; x_wconf 79' lang='lat' dir='ltr'>Cyzici</span> 
     </span>
     <span class='ocr_line' id='line_1_7' title="bbox 50 794 1034 875; baseline 0.002 -22"><span class='ocrx_word' id='word_1_52' title='bbox 50 803 102 854; x_wconf 88' lang='lat' dir='ltr'>ante</span> <span class='ocrx_word' id='word_1_53' title='bbox 116 795 312 856; x_wconf 89' lang='lat' dir='ltr'>obsidionem.</span> <span class='ocrx_word' id='word_1_54' title='bbox 346 795 430 854; x_wconf 87' lang='lat' dir='ltr'>simili</span> <span class='ocrx_word' id='word_1_55' title='bbox 449 795 535 856; x_wconf 94' lang='lat' dir='ltr'>modo</span> <span class='ocrx_word' id='word_1_56' title='bbox 557 794 703 857; x_wconf 78' lang='lat' dir='ltr'>Trallibus</span> <span class='ocrx_word' id='word_1_57' title='bbox 724 797 818 875; x_wconf 90' lang='lat' dir='ltr'>palma</span> <span class='ocrx_word' id='word_1_58' title='bbox 838 799 866 856; x_wconf 92' lang='lat' dir='ltr'>ln</span> <span class='ocrx_word' id='word_1_59' title='bbox 882 797 944 858; x_wconf 90' lang='lat' dir='ltr'>basi</span> <span class='ocrx_word' id='word_1_60' title='bbox 962 796 1034 856; x_wconf 82' lang='lat' dir='ltr'>Gae-</span> 
     </span>
     <span class='ocr_line' id='line_1_8' title="bbox 50 878 1033 941; baseline 0.003 -3"><span class='ocrx_word' id='word_1_61' title='bbox 50 881 109 938; x_wconf 85' lang='lat' dir='ltr'>saris</span> <span class='ocrx_word' id='word_1_62' title='bbox 132 880 285 940; x_wconf 87' lang='lat' dir='ltr'>dictatoris</span> <span class='ocrx_word' id='word_1_63' title='bbox 307 880 385 940; x_wconf 90' lang='lat' dir='ltr'>circa</span> <span class='ocrx_word' id='word_1_64' title='bbox 406 878 484 940; x_wconf 91' lang='lat' dir='ltr'>bella</span> <span class='ocrx_word' id='word_1_65' title='bbox 506 879 600 940; x_wconf 88' lang='lat' dir='ltr'>civilia</span> <span class='ocrx_word' id='word_1_66' title='bbox 621 883 692 940; x_wconf 90' lang='lat' dir='ltr'>eius.</span> <span class='ocrx_word' id='word_1_67' title='bbox 727 899 782 940; x_wconf 89' lang='lat' dir='ltr'>nec</span> <span class='ocrx_word' id='word_1_68' title='bbox 803 899 861 941; x_wconf 89' lang='lat' dir='ltr'>non</span> <span class='ocrx_word' id='word_1_69' title='bbox 881 891 909 940; x_wconf 90' lang='lat' dir='ltr'>et</span> <span class='ocrx_word' id='word_1_70' title='bbox 924 881 1033 941; x_wconf 86' lang='lat' dir='ltr'>Rornae</span> 
     </span>
     <span class='ocr_line' id='line_1_9' title="bbox 50 961 1034 1043; baseline 0.003 -21"><span class='ocrx_word' id='word_1_71' title='bbox 50 965 72 1022; x_wconf 93' lang='lat' dir='ltr'>in</span> <span class='ocrx_word' id='word_1_72' title='bbox 84 961 224 1042; x_wconf 79' lang='lat' dir='ltr'>Capitolio</span> <span class='ocrx_word' id='word_1_73' title='bbox 240 963 269 1023; x_wconf 92' lang='lat' dir='ltr'>in</span> <span class='ocrx_word' id='word_1_74' title='bbox 292 964 388 1042; x_wconf 90' lang='lat' dir='ltr'>capite</span> <span class='ocrx_word' id='word_1_75' title='bbox 403 961 480 1024; x_wconf 89' lang='lat' dir='ltr'>Iovis</span> <span class='ocrx_word' id='word_1_76' title='bbox 501 963 582 1024; x_wconf 90' lang='lat' dir='ltr'>bello</span> <span class='ocrx_word' id='word_1_77' title='bbox 603 965 704 1025; x_wconf 89' lang='lat' dir='ltr'>Persei</span> <span class='ocrx_word' id='word_1_78' title='bbox 724 974 807 1024; x_wconf 87' lang='lat' dir='ltr'>enata</span> <span class='ocrx_word' id='word_1_79' title='bbox 828 965 922 1043; x_wconf 90' lang='lat' dir='ltr'>palma</span> <span class='ocrx_word' id='word_1_80' title='bbox 943 967 1034 1025; x_wconf 92' lang='lat' dir='ltr'>victo·</span> 
     </span>
     <span class='ocr_line' id='line_1_10' title="bbox 50 1047 1035 1128; baseline 0.003 -22"><span class='ocrx_word' id='word_1_81' title='bbox 50 1049 108 1108; x_wconf 88' lang='lat' dir='ltr'>riam</span> <span class='ocrx_word' id='word_1_82' title='bbox 129 1048 353 1128; x_wconf 89' lang='lat' dir='ltr'>triumphosque</span> <span class='ocrx_word' id='word_1_83' title='bbox 379 1047 533 1126; x_wconf 89' lang='lat' dir='ltr'>portendit.</span> <span class='ocrx_word' id='word_1_84' title='bbox 573 1049 628 1108; x_wconf 90' lang='lat' dir='ltr'>hac</span> <span class='ocrx_word' id='word_1_85' title='bbox 647 1049 865 1127; x_wconf 71' lang='lat' dir='ltr'>tempestatibus</span> <span class='ocrx_word' id='word_1_86' title='bbox 891 1058 1035 1128; x_wconf 89' lang='lat' dir='ltr'>prostrata</span> 
     </span>
     <span class='ocr_line' id='line_1_11' title="bbox 27 1130 1035 1195; baseline -0.003 0"><span class='ocrx_word' id='word_1_87' title='bbox 27 1133 140 1195; x_wconf 84' lang='lat' dir='ltr'>neodem</span> <span class='ocrx_word' id='word_1_88' title='bbox 162 1133 231 1193; x_wconf 94' lang='lat' dir='ltr'>loco</span> <span class='ocrx_word' id='word_1_89' title='bbox 255 1133 327 1192; x_wconf 88' lang='lat' dir='ltr'>licus</span> <span class='ocrx_word' id='word_1_90' title='bbox 345 1141 428 1192; x_wconf 88' lang='lat' dir='ltr'>enata</span> <span class='ocrx_word' id='word_1_91' title='bbox 450 1141 495 1192; x_wconf 91' lang='lat' dir='ltr'>est</span> <span class='ocrx_word' id='word_1_92' title='bbox 512 1130 550 1191; x_wconf 87' lang='lat' dir='ltr'>M.</span> <span class='ocrx_word' id='word_1_93' title='bbox 567 1131 711 1193; x_wconf 85' lang='lat' dir='ltr'>Messalae</span> <span class='ocrx_word' id='word_1_94' title='bbox 729 1131 760 1192; x_wconf 88' lang='lat' dir='ltr'>G.</span> <span class='ocrx_word' id='word_1_95' title='bbox 777 1131 860 1193; x_wconf 81' lang='lat' dir='ltr'>Cassi</span> <span class='ocrx_word' id='word_1_96' title='bbox 882 1151 1035 1193; x_wconf 91' lang='lat' dir='ltr'>censorum</span> 
     </span>
     <span class='ocr_line' id='line_1_12' title="bbox 52 1216 1034 1296; baseline 0.001 -20"><span class='ocrx_word' id='word_1_97' title='bbox 52 1217 143 1294; x_wconf 90' lang='lat' dir='ltr'>lustro,</span> <span class='ocrx_word' id='word_1_98' title='bbox 165 1233 257 1296; x_wconf 92' lang='lat' dir='ltr'>aquo</span> <span class='ocrx_word' id='word_1_99' title='bbox 276 1225 410 1295; x_wconf 89' lang='lat' dir='ltr'>ternpore</span> <span class='ocrx_word' id='word_1_100' title='bbox 423 1216 586 1295; x_wconf 85' lang='lat' dir='ltr'>pudicitiam</span> <span class='ocrx_word' id='word_1_101' title='bbox 602 1217 769 1278; x_wconf 83' lang='lat' dir='ltr'>subversam</span> <span class='ocrx_word' id='word_1_102' title='bbox 790 1217 856 1278; x_wconf 89' lang='lat' dir='ltr'>Piso</span> <span class='ocrx_word' id='word_1_103' title='bbox 874 1219 971 1295; x_wconf 80' lang='lat' dir='ltr'>gravis</span> <span class='ocrx_word' id='word_1_104' title='bbox 986 1236 1034 1277; x_wconf 92' lang='lat' dir='ltr'>au·</span> 
     </span>
     <span class='ocr_line' id='line_1_13' title="bbox 52 1301 1079 1380; baseline 0.003 -19"><span class='ocrx_word' id='word_1_105' title='bbox 52 1311 103 1361; x_wconf 89' lang='lat' dir='ltr'>ctor</span> <span class='ocrx_word' id='word_1_106' title='bbox 115 1301 252 1380; x_wconf 90' lang='lat' dir='ltr'>prodidit.</span> <span class='ocrx_word' id='word_1_107' title='bbox 282 1302 379 1378; x_wconf 89' lang='lat' dir='ltr'>Super</span> <span class='ocrx_word' id='word_1_108' title='bbox 397 1303 489 1360; x_wconf 89' lang='lat' dir='ltr'>omnia</span> <span class='ocrx_word' id='word_1_109' title='bbox 507 1318 581 1379; x_wconf 91' lang='lat' dir='ltr'>quae</span> <span class='ocrx_word' id='word_1_110' title='bbox 604 1319 733 1380; x_wconf 89' lang='lat' dir='ltr'>umquam</span> <span class='ocrx_word' id='word_1_111' title='bbox 757 1302 852 1362; x_wconf 90' lang='lat' dir='ltr'>audita</span> <span class='ocrx_word' id='word_1_112' title='bbox 874 1312 937 1361; x_wconf 93' lang='lat' dir='ltr'>sunt</span> <span class='ocrx_word' id='word_1_113' title='bbox 961 1303 1079 1364; x_wconf 72' lang='lat' dir='ltr'>enituit</span> 
     </span>
     <span class='ocr_line' id='line_1_14' title="bbox 54 1383 1035 1464; baseline 0.002 -20"><span class='ocrx_word' id='word_1_114' title='bbox 54 1385 199 1464; x_wconf 82' lang='lat' dir='ltr'>prodigium</span> <span class='ocrx_word' id='word_1_115' title='bbox 216 1387 362 1462; x_wconf 86' lang='lat' dir='ltr'>innostro</span> <span class='ocrx_word' id='word_1_116' title='bbox 382 1403 456 1447; x_wconf 91' lang='lat' dir='ltr'>aevo</span> <span class='ocrx_word' id='word_1_117' title='bbox 476 1383 600 1444; x_wconf 88' lang='lat' dir='ltr'>Neronis</span> <span class='ocrx_word' id='word_1_118' title='bbox 621 1387 760 1464; x_wconf 90' lang='lat' dir='ltr'>principis</span> <span class='ocrx_word' id='word_1_119' title='bbox 779 1387 859 1445; x_wconf 91' lang='lat' dir='ltr'>ruina</span> <span class='ocrx_word' id='word_1_120' title='bbox 879 1386 985 1446; x_wconf 85' lang='lat' dir='ltr'>facturn</span> <span class='ocrx_word' id='word_1_121' title='bbox 1007 1389 1035 1446; x_wconf 95' lang='lat' dir='ltr'>in</span> 
     </span>
     <span class='ocr_line' id='line_1_15' title="bbox 54 1467 1035 1550; baseline -0.001 -19"><span class='ocrx_word' id='word_1_122' title='bbox 54 1487 109 1546; x_wconf 82' lang='lat' dir='ltr'>agro</span> <span class='ocrx_word' id='word_1_123' title='bbox 130 1469 315 1545; x_wconf 80' lang='lat' dir='ltr'>Marrucino,</span> <span class='ocrx_word' id='word_1_124' title='bbox 337 1468 421 1528; x_wconf 86' lang='lat' dir='ltr'>Vecti</span> <span class='ocrx_word' id='word_1_125' title='bbox 445 1467 579 1529; x_wconf 84' lang='lat' dir='ltr'>Marcelli</span> <span class='ocrx_word' id='word_1_126' title='bbox 600 1487 617 1528; x_wconf 90' lang='lat' dir='ltr'>e</span> <span class='ocrx_word' id='word_1_127' title='bbox 640 1471 738 1548; x_wconf 92' lang='lat' dir='ltr'>primis</span> <span class='ocrx_word' id='word_1_128' title='bbox 761 1471 906 1550; x_wconf 88' lang='lat' dir='ltr'>equestris</span> <span class='ocrx_word' id='word_1_129' title='bbox 928 1471 1035 1531; x_wconf 87' lang='lat' dir='ltr'>ordinis</span> 
     </span>
     <span class='ocr_line' id='line_1_16' title="bbox 31 1552 1034 1632; baseline 0.001 -20"><span class='ocrx_word' id='word_1_130' title='bbox 31 1553 147 1613; x_wconf 79' lang='lat' dir='ltr'>collecto</span> <span class='ocrx_word' id='word_1_131' title='bbox 163 1555 303 1614; x_wconf 90' lang='lat' dir='ltr'>universo</span> <span class='ocrx_word' id='word_1_132' title='bbox 322 1554 397 1612; x_wconf 89' lang='lat' dir='ltr'>viam</span> <span class='ocrx_word' id='word_1_133' title='bbox 416 1552 560 1631; x_wconf 88' lang='lat' dir='ltr'>publicam</span> <span class='ocrx_word' id='word_1_134' title='bbox 580 1562 764 1630; x_wconf 84' lang='lat' dir='ltr'>transgresso</span> <span class='ocrx_word' id='word_1_135' title='bbox 780 1555 915 1632; x_wconf 84' lang='lat' dir='ltr'>arvisque</span> <span class='ocrx_word' id='word_1_136' title='bbox 935 1555 1034 1615; x_wconf 90' lang='lat' dir='ltr'>indee</span> 
     </span>
    </p>

    <p class='ocr_par' dir='ltr' id='par_1_3' title="bbox 9 1637 628 1715">
     <span class='ocr_line' id='line_1_17' title="bbox 9 1637 628 1715; baseline -0.002 -19"><span class='ocrx_word' id='word_1_137' title='bbox 9 1641 11 1680; x_wconf 75' lang='lat' dir='ltr'>l</span> <span class='ocrx_word' id='word_1_138' title='bbox 54 1639 184 1698; x_wconf 79' lang='lat' dir='ltr'>corbario</span> <span class='ocrx_word' id='word_1_139' title='bbox 200 1637 341 1697; x_wconf 93' lang='lat' dir='ltr'>inlocum</span> <span class='ocrx_word' id='word_1_140' title='bbox 358 1637 457 1697; x_wconf 91' lang='lat' dir='ltr'>oliveti</span> <span class='ocrx_word' id='word_1_141' title='bbox 478 1637 628 1715; x_wconf 89' lang='lat' dir='ltr'>profectis.</span> 
     </span>
    </p>

    <p class='ocr_par' dir='ltr' id='par_1_4' title="bbox 9 1683 1080 1800">
     <span class='ocr_line' id='line_1_18' title="bbox 9 1683 1080 1800; baseline 0.004 -20"><span class='ocrx_word' id='word_1_142' title='bbox 9 1683 11 1760; x_wconf 95' lang='grc' dir='ltr'>Ρ</span> <span class='ocrx_word' id='word_1_143' title='bbox 103 1721 148 1784; x_wconf 88' lang='grc'>26</span> <span class='ocrx_word' id='word_1_144' title='bbox 167 1722 253 1800; x_wconf 82' lang='lat'>(39)</span> <span class='ocrx_word' id='word_1_145' title='bbox 268 1720 352 1781; x_wconf 89' lang='lat' dir='ltr'>Nunc</span> <span class='ocrx_word' id='word_1_146' title='bbox 366 1723 508 1800; x_wconf 90' lang='lat' dir='ltr'>expositis</span> <span class='ocrx_word' id='word_1_147' title='bbox 521 1721 654 1781; x_wconf 86' lang='lat' dir='ltr'>arborum</span> <span class='ocrx_word' id='word_1_148' title='bbox 667 1720 776 1781; x_wconf 87' lang='lat' dir='ltr'>morbis</span> <span class='ocrx_word' id='word_1_149' title='bbox 789 1728 1012 1780; x_wconf 89' lang='lat' dir='ltr'>consentaneam</span> <span class='ocrx_word' id='word_1_150' title='bbox 1026 1731 1080 1786; x_wconf 80' lang='grc'>246</span> 
     </span>
    </p>

    <p class='ocr_par' dir='ltr' id='par_1_5' title="bbox 9 1761 1036 2052">
     <span class='ocr_line' id='line_1_19' title="bbox 9 1761 1035 1944; baseline 0 -80"><span class='ocrx_word' id='word_1_151' title='bbox 9 1761 12 1944; x_wconf 90' lang='grc' dir='ltr'><strong><em>Ρ</em></strong></span> <span class='ocrx_word' id='word_1_152' title='bbox 53 1814 88 1865; x_wconf 90' lang='lat' dir='ltr'>est</span> <span class='ocrx_word' id='word_1_153' title='bbox 109 1806 207 1867; x_wconf 87' lang='lat' dir='ltr'>dicere</span> <span class='ocrx_word' id='word_1_154' title='bbox 236 1815 267 1865; x_wconf 88' lang='lat' dir='ltr'>et</span> <span class='ocrx_word' id='word_1_155' title='bbox 295 1805 433 1866; x_wconf 91' lang='lat' dir='ltr'>remedia.</span> <span class='ocrx_word' id='word_1_156' title='bbox 480 1803 526 1864; x_wconf 84' lang='lat' dir='ltr'>Ex</span> <span class='ocrx_word' id='word_1_157' title='bbox 551 1805 595 1864; x_wconf 92' lang='lat' dir='ltr'>his</span> <span class='ocrx_word' id='word_1_158' title='bbox 621 1805 761 1885; x_wconf 89' lang='lat' dir='ltr'>quaedam</span> <span class='ocrx_word' id='word_1_159' title='bbox 788 1814 852 1865; x_wconf 89' lang='lat' dir='ltr'>sant</span> <span class='ocrx_word' id='word_1_160' title='bbox 877 1805 1035 1864; x_wconf 92' lang='lat' dir='ltr'>communia</span> 
     </span>
     <span class='ocr_line' id='line_1_20' title="bbox 9 1889 1034 1980; baseline -0.002 -30.909"><span class='ocrx_word' id='word_1_161' title='bbox 9 1891 170 1980; x_wconf 85' lang='lat' dir='ltr'>omnium,</span> <span class='ocrx_word' id='word_1_162' title='bbox 189 1889 332 1970; x_wconf 88' lang='lat' dir='ltr'>quaedam</span> <span class='ocrx_word' id='word_1_163' title='bbox 348 1890 466 1969; x_wconf 90' lang='lat' dir='ltr'>propria</span> <span class='ocrx_word' id='word_1_164' title='bbox 487 1889 670 1967; x_wconf 86' lang='lat' dir='ltr'>quarundam</span> <span class='ocrx_word' id='word_1_165' title='bbox 703 1892 860 1950; x_wconf 90' lang='lat' dir='ltr'>communia</span> <span class='ocrx_word' id='word_1_166' title='bbox 881 1889 1034 1968; x_wconf 88' lang='lat' dir='ltr'>ablaquea-</span> 
     </span>
     <span class='ocr_line' id='line_1_21' title="bbox 9 1951 1036 2054; baseline 0 -22"><span class='ocrx_word' id='word_1_167' title='bbox 9 1951 100 2054; x_wconf 64' lang='lat' dir='ltr'>latio,</span> <span class='ocrx_word' id='word_1_168' title='bbox 114 1974 324 2050; x_wconf 89' lang='lat' dir='ltr'>adcumulatio,</span> <span class='ocrx_word' id='word_1_169' title='bbox 341 1972 440 2033; x_wconf 87' lang='lat' dir='ltr'>adflari</span> <span class='ocrx_word' id='word_1_170' title='bbox 462 1973 577 2033; x_wconf 87' lang='lat' dir='ltr'>radices</span> <span class='ocrx_word' id='word_1_171' title='bbox 599 1983 646 2033; x_wconf 92' lang='lat' dir='ltr'>aut</span> <span class='ocrx_word' id='word_1_172' title='bbox 666 1975 826 2052; x_wconf 85' lang='lat' dir='ltr'>cooperiri,</span> <span class='ocrx_word' id='word_1_173' title='bbox 847 1975 946 2050; x_wconf 84' lang='lat' dir='ltr'>riguus</span> <span class='ocrx_word' id='word_1_174' title='bbox 968 1973 1036 2033; x_wconf 89' lang='lat' dir='ltr'>dato</span> 
     </span>
    </p>

    <p class='ocr_par' dir='ltr' id='par_1_6' title="bbox 9 2021 1037 2306">
     <span class='ocr_line' id='line_1_22' title="bbox 9 2021 1037 2138; baseline -0.003 -18"><span class='ocrx_word' id='word_1_175' title='bbox 9 2021 11 2120; x_wconf 90' lang='lat' dir='ltr'>l</span> <span class='ocrx_word' id='word_1_176' title='bbox 52 2066 109 2136; x_wconf 88' lang='lat' dir='ltr'>pota</span> <span class='ocrx_word' id='word_1_177' title='bbox 124 2059 173 2118; x_wconf 92' lang='lat' dir='ltr'>vel</span> <span class='ocrx_word' id='word_1_178' title='bbox 189 2059 305 2134; x_wconf 90' lang='lat' dir='ltr'>ablato</span> <span class='ocrx_word' id='word_1_179' title='bbox 331 2059 423 2118; x_wconf 90' lang='lat' dir='ltr'>limum</span> <span class='ocrx_word' id='word_1_180' title='bbox 439 2075 509 2116; x_wconf 87' lang='lat' dir='ltr'>suco</span> <span class='ocrx_word' id='word_1_181' title='bbox 525 2057 660 2134; x_wconf 79' lang='lat' dir='ltr'>reiectus</span> <span class='ocrx_word' id='word_1_182' title='bbox 682 2059 792 2138; x_wconf 89' lang='lat' dir='ltr'>putatio</span> <span class='ocrx_word' id='word_1_183' title='bbox 810 2059 912 2118; x_wconf 90' lang='lat' dir='ltr'>levatis</span> <span class='ocrx_word' id='word_1_184' title='bbox 934 2076 1037 2118; x_wconf 87' lang='lat' dir='ltr'>onere.</span> 
     </span>
     <span class='ocr_line' id='line_1_23' title="bbox 53 2141 1036 2221; baseline 0 -21"><span class='ocrx_word' id='word_1_185' title='bbox 53 2144 108 2201; x_wconf 91' lang='lat' dir='ltr'>item</span> <span class='ocrx_word' id='word_1_186' title='bbox 119 2161 190 2202; x_wconf 92' lang='lat' dir='ltr'>suco</span> <span class='ocrx_word' id='word_1_187' title='bbox 204 2145 313 2203; x_wconf 90' lang='lat' dir='ltr'>emisso</span> <span class='ocrx_word' id='word_1_188' title='bbox 326 2141 467 2221; x_wconf 88' lang='lat' dir='ltr'>quaedam</span> <span class='ocrx_word' id='word_1_189' title='bbox 483 2141 572 2202; x_wconf 90' lang='lat' dir='ltr'>velati</span> <span class='ocrx_word' id='word_1_190' title='bbox 588 2142 728 2203; x_wconf 85' lang='lat' dir='ltr'>detractio</span> <span class='ocrx_word' id='word_1_191' title='bbox 745 2143 902 2219; x_wconf 82' lang='lat' dir='ltr'>sanguinis,</span> <span class='ocrx_word' id='word_1_192' title='bbox 916 2142 1036 2201; x_wconf 91' lang='lat' dir='ltr'>circum·</span> 
     </span>
     <span class='ocr_line' id='line_1_24' title="bbox 52 2225 1037 2306; baseline 0.001 -22"><span class='ocrx_word' id='word_1_193' title='bbox 52 2225 116 2286; x_wconf 84' lang='lat' dir='ltr'>rasio</span> <span class='ocrx_word' id='word_1_194' title='bbox 129 2228 264 2301; x_wconf 73' lang='lat' dir='ltr'>corticis,</span> <span class='ocrx_word' id='word_1_195' title='bbox 284 2228 383 2286; x_wconf 90' lang='lat' dir='ltr'>vitium</span> <span class='ocrx_word' id='word_1_196' title='bbox 395 2227 560 2288; x_wconf 88' lang='lat' dir='ltr'>extenuatio</span> <span class='ocrx_word' id='word_1_197' title='bbox 582 2236 610 2286; x_wconf 92' lang='lat' dir='ltr'>et</span> <span class='ocrx_word' id='word_1_198' title='bbox 622 2226 763 2287; x_wconf 91' lang='lat' dir='ltr'>domitura</span> <span class='ocrx_word' id='word_1_199' title='bbox 776 2227 936 2306; x_wconf 91' lang='lat' dir='ltr'>palmitum,</span> <span class='ocrx_word' id='word_1_200' title='bbox 957 2244 1037 2302; x_wconf 84' lang='lat' dir='ltr'>gem·</span> 
     </span>
    </p>

    <p class='ocr_par' dir='ltr' id='par_1_7' title="bbox 9 2261 1038 2418">
     <span class='ocr_line' id='line_1_25' title="bbox 9 2261 1038 2418; baseline 0.001 -50"><span class='ocrx_word' id='word_1_201' title='bbox 9 2261 11 2418; x_wconf 90' lang='grc' dir='ltr'>Ρ</span> <span class='ocrx_word' id='word_1_202' title='bbox 51 2327 159 2388; x_wconf 83' lang='grc' dir='ltr'>ιιιιιιιιιι,</span> <span class='ocrx_word' id='word_1_203' title='bbox 180 2313 206 2371; x_wconf 87' lang='lat' dir='ltr'>si</span> <span class='ocrx_word' id='word_1_204' title='bbox 218 2311 311 2388; x_wconf 82' lang='lat' dir='ltr'>frigus</span> <span class='ocrx_word' id='word_1_205' title='bbox 330 2310 488 2370; x_wconf 90' lang='lat' dir='ltr'>retorridas</span> <span class='ocrx_word' id='word_1_206' title='bbox 500 2309 648 2390; x_wconf 87' lang='lat' dir='ltr'>hirtasque</span> <span class='ocrx_word' id='word_1_207' title='bbox 665 2311 784 2387; x_wconf 88' lang='lat' dir='ltr'>lecerit,</span> <span class='ocrx_word' id='word_1_208' title='bbox 804 2312 992 2390; x_wconf 90' lang='lat' dir='ltr'>repumicatio</span> <span class='ocrx_word' id='word_1_209' title='bbox 1008 2319 1038 2370; x_wconf 91' lang='lat' dir='ltr'>et</span> 
     </span>
    </p>

    <p class='ocr_par' dir='ltr' id='par_1_8' title="bbox 9 2394 1077 2474">
     <span class='ocr_line' id='line_1_26' title="bbox 9 2394 1077 2474; baseline 0.007 -22"><span class='ocrx_word' id='word_1_210' title='bbox 9 2421 11 2468; x_wconf 70' lang='grc' dir='ltr'>Ρ</span> <span class='ocrx_word' id='word_1_211' title='bbox 27 2395 181 2472; x_wconf 80' lang='lat' dir='ltr'>squaedam</span> <span class='ocrx_word' id='word_1_212' title='bbox 194 2395 332 2474; x_wconf 89' lang='lat' dir='ltr'>politura.</span> <span class='ocrx_word' id='word_1_213' title='bbox 354 2394 498 2454; x_wconf 82' lang='lat' dir='ltr'>Arborum</span> <span class='ocrx_word' id='word_1_214' title='bbox 511 2395 555 2455; x_wconf 89' lang='lat' dir='ltr'>his</span> <span class='ocrx_word' id='word_1_215' title='bbox 569 2395 642 2454; x_wconf 91' lang='lat' dir='ltr'>aliae</span> <span class='ocrx_word' id='word_1_216' title='bbox 655 2397 747 2472; x_wconf 83' lang='lat' dir='ltr'>magis</span> <span class='ocrx_word' id='word_1_217' title='bbox 760 2395 833 2456; x_wconf 90' lang='lat' dir='ltr'>aliae</span> <span class='ocrx_word' id='word_1_218' title='bbox 845 2397 936 2455; x_wconf 91' lang='lat' dir='ltr'>minus</span> <span class='ocrx_word' id='word_1_219' title='bbox 947 2412 1015 2472; x_wconf 80' lang='lat' dir='ltr'>gau·</span> <span class='ocrx_word' id='word_1_220' title='bbox 1027 2404 1077 2458; x_wconf 83' lang='grc'>247</span> 
     </span>
    </p>

    <p class='ocr_par' dir='ltr' id='par_1_9' title="bbox 9 2477 1073 2728">
     <span class='ocr_line' id='line_1_27' title="bbox 9 2477 1073 2557; baseline 0 -21"><span class='ocrx_word' id='word_1_221' title='bbox 9 2479 11 2530; x_wconf 74' lang='grc' dir='ltr'>ἓ</span> <span class='ocrx_word' id='word_1_222' title='bbox 51 2477 123 2554; x_wconf 91' lang='lat' dir='ltr'>deut,</span> <span class='ocrx_word' id='word_1_223' title='bbox 135 2479 227 2540; x_wconf 89' lang='lat' dir='ltr'>veluti</span> <span class='ocrx_word' id='word_1_224' title='bbox 247 2497 406 2557; x_wconf 89' lang='lat' dir='ltr'>cupressus</span> <span class='ocrx_word' id='word_1_225' title='bbox 420 2487 449 2538; x_wconf 93' lang='lat' dir='ltr'>et</span> <span class='ocrx_word' id='word_1_226' title='bbox 461 2496 563 2557; x_wconf 90' lang='lat' dir='ltr'>aquam</span> <span class='ocrx_word' id='word_1_227' title='bbox 576 2479 765 2557; x_wconf 89' lang='lat' dir='ltr'>adspernatur</span> <span class='ocrx_word' id='word_1_228' title='bbox 783 2489 812 2538; x_wconf 92' lang='lat' dir='ltr'>et</span> <span class='ocrx_word' id='word_1_229' title='bbox 829 2479 921 2540; x_wconf 86' lang='lat' dir='ltr'>limum</span> <span class='ocrx_word' id='word_1_230' title='bbox 940 2487 968 2536; x_wconf 87' lang='lat' dir='ltr'>et</span> <span class='ocrx_word' id='word_1_231' title='bbox 982 2479 1039 2536; x_wconf 88' lang='lat' dir='ltr'>cir·</span> <span class='ocrx_word' id='word_1_232' title='bbox 1068 2549 1073 2556; x_wconf 37' lang='grc' dir='ltr'><strong><em>Ρ</em></strong></span> 
     </span>
     <span class='ocr_line' id='line_1_28' title="bbox 51 2563 1038 2643; baseline -0.002 -22"><span class='ocrx_word' id='word_1_233' title='bbox 51 2563 249 2624; x_wconf 88' lang='lat' dir='ltr'>cumiossuram</span> <span class='ocrx_word' id='word_1_234' title='bbox 268 2563 551 2643; x_wconf 88' lang='lat' dir='ltr'>amputationemque</span> <span class='ocrx_word' id='word_1_235' title='bbox 573 2574 600 2623; x_wconf 89' lang='lat' dir='ltr'>et</span> <span class='ocrx_word' id='word_1_236' title='bbox 620 2566 713 2624; x_wconf 86' lang='lat' dir='ltr'>omnia</span> <span class='ocrx_word' id='word_1_237' title='bbox 730 2564 858 2624; x_wconf 88' lang='lat' dir='ltr'>remedia</span> <span class='ocrx_word' id='word_1_238' title='bbox 874 2563 949 2638; x_wconf 91' lang='lat' dir='ltr'>odit,</span> <span class='ocrx_word' id='word_1_239' title='bbox 970 2563 1038 2638; x_wconf 92' lang='lat' dir='ltr'>quin</span> 
     </span>
     <span class='ocr_line' id='line_1_29' title="bbox 50 2645 1039 2728; baseline -0.001 -23"><span class='ocrx_word' id='word_1_240' title='bbox 50 2647 123 2706; x_wconf 92' lang='lat' dir='ltr'>etiam</span> <span class='ocrx_word' id='word_1_241' title='bbox 133 2659 256 2709; x_wconf 88' lang='lat' dir='ltr'>necatur</span> <span class='ocrx_word' id='word_1_242' title='bbox 268 2649 372 2726; x_wconf 83' lang='lat' dir='ltr'>riguis,</span> <span class='ocrx_word' id='word_1_243' title='bbox 384 2649 450 2707; x_wconf 91' lang='lat' dir='ltr'>vltis</span> <span class='ocrx_word' id='word_1_244' title='bbox 467 2657 496 2706; x_wconf 91' lang='lat' dir='ltr'>et</span> <span class='ocrx_word' id='word_1_245' title='bbox 510 2650 632 2728; x_wconf 85' lang='lat' dir='ltr'>punicae</span> <span class='ocrx_word' id='word_1_246' title='bbox 645 2649 803 2727; x_wconf 86' lang='lat' dir='ltr'>praecipue</span> <span class='ocrx_word' id='word_1_247' title='bbox 816 2647 936 2708; x_wconf 89' lang='lat' dir='ltr'>aluntur.</span> <span class='ocrx_word' id='word_1_248' title='bbox 966 2645 1039 2705; x_wconf 78' lang='lat' dir='ltr'>lucus</span> 
     </span>
    </p>

    <p class='ocr_par' dir='ltr' id='par_1_10' title="bbox 9 2729 1082 2982">
     <span class='ocr_line' id='line_1_30' title="bbox 9 2729 1036 2850; baseline -0.001 -60"><span class='ocrx_word' id='word_1_249' title='bbox 9 2737 11 2850; x_wconf 98' lang='grc' dir='ltr'>Ρ</span> <span class='ocrx_word' id='word_1_250' title='bbox 51 2729 145 2791; x_wconf 88' lang='lat' dir='ltr'>arbor&#39;</span> <span class='ocrx_word' id='word_1_251' title='bbox 136 2751 199 2812; x_wconf 81' lang='lat' dir='ltr'>ipsa</span> <span class='ocrx_word' id='word_1_252' title='bbox 212 2733 304 2811; x_wconf 81' lang='lat' dir='ltr'>riguis</span> <span class='ocrx_word' id='word_1_253' title='bbox 316 2731 412 2807; x_wconf 89' lang='lat' dir='ltr'>alitur,</span> <span class='ocrx_word' id='word_1_254' title='bbox 425 2749 539 2810; x_wconf 89' lang='lat' dir='ltr'>pomam</span> <span class='ocrx_word' id='word_1_255' title='bbox 551 2749 623 2792; x_wconf 92' lang='lat' dir='ltr'>vero</span> <span class='ocrx_word' id='word_1_256' title='bbox 639 2734 701 2792; x_wconf 90' lang='lat' dir='ltr'>eius</span> <span class='ocrx_word' id='word_1_257' title='bbox 716 2733 879 2792; x_wconf 89' lang='lat' dir='ltr'>marcescit</span> <span class='ocrx_word' id='word_1_258' title='bbox 903 2730 1036 2808; x_wconf 78' lang='lat' dir='ltr'>amygda-</span> 
     </span>
     <span class='ocr_line' id='line_1_31' title="bbox 26 2813 1082 2892; baseline 0.008 -22"><span class='ocrx_word' id='word_1_259' title='bbox 26 2813 121 2875; x_wconf 79' lang='lat' dir='ltr'>ulae</span> <span class='ocrx_word' id='word_1_260' title='bbox 98 2835 122 2876; x_wconf 75' lang='grc' dir='ltr'>ει</span> <span class='ocrx_word' id='word_1_261' title='bbox 135 2817 267 2878; x_wconf 90' lang='lat' dir='ltr'>colantur</span> <span class='ocrx_word' id='word_1_262' title='bbox 278 2816 421 2892; x_wconf 81' lang='lat' dir='ltr'>fossione,</span> <span class='ocrx_word' id='word_1_263' title='bbox 434 2816 535 2876; x_wconf 90' lang='lat' dir='ltr'>florem</span> <span class='ocrx_word' id='word_1_264' title='bbox 549 2818 686 2877; x_wconf 90' lang='lat' dir='ltr'>amittunt.</span> <span class='ocrx_word' id='word_1_265' title='bbox 716 2834 772 2876; x_wconf 90' lang='lat' dir='ltr'>nec</span> <span class='ocrx_word' id='word_1_266' title='bbox 785 2817 884 2877; x_wconf 88' lang='lat' dir='ltr'>insitas</span> <span class='ocrx_word' id='word_1_267' title='bbox 896 2819 1015 2876; x_wconf 79' lang='lat' dir='ltr'>obcum-</span> <span class='ocrx_word' id='word_1_268' title='bbox 1028 2823 1082 2878; x_wconf 90' lang='grc'>248</span> 
     </span>
     <span class='ocr_line' id='line_1_32' title="bbox 9 2890 1036 2982; baseline 0.003 -26.126"><span class='ocrx_word' id='word_1_269' title='bbox 9 2896 141 2964; x_wconf 81' lang='lat' dir='ltr'>fodere</span> <span class='ocrx_word' id='word_1_270' title='bbox 154 2910 273 2982; x_wconf 89' lang='lat' dir='ltr'>oportet</span> <span class='ocrx_word' id='word_1_271' title='bbox 285 2902 451 2980; x_wconf 88' lang='lat' dir='ltr'>priusquam</span> <span class='ocrx_word' id='word_1_272' title='bbox 463 2899 576 2961; x_wconf 88' lang='lat' dir='ltr'>validae</span> <span class='ocrx_word' id='word_1_273' title='bbox 589 2902 667 2961; x_wconf 87' lang='lat' dir='ltr'>lerre</span> <span class='ocrx_word' id='word_1_274' title='bbox 686 2903 836 2979; x_wconf 90' lang='lat' dir='ltr'>coeperint</span> <span class='ocrx_word' id='word_1_275' title='bbox 854 2890 949 2980; x_wconf 83' lang='lat' dir='ltr'>poma.</span> <span class='ocrx_word' id='word_1_276' title='bbox 974 2900 1036 2980; x_wconf 93' lang='lat' dir='ltr'>plu·</span> 
     </span>
    </p>

    <p class='ocr_par' dir='ltr' id='par_1_11' title="bbox 9 2983 1035 3065">
     <span class='ocr_line' id='line_1_33' title="bbox 9 2983 1035 3065; baseline 0.002 -23"><span class='ocrx_word' id='word_1_277' title='bbox 9 2983 11 3064; x_wconf 95' lang='grc' dir='ltr'>Ρ</span> <span class='ocrx_word' id='word_1_278' title='bbox 51 3000 137 3046; x_wconf 87' lang='lat' dir='ltr'>ramae</span> <span class='ocrx_word' id='word_1_279' title='bbox 158 2996 254 3047; x_wconf 89' lang='lat' dir='ltr'>autem</span> <span class='ocrx_word' id='word_1_280' title='bbox 278 2985 419 3063; x_wconf 85' lang='lat' dir='ltr'>amputari</span> <span class='ocrx_word' id='word_1_281' title='bbox 440 2984 495 3045; x_wconf 91' lang='lat' dir='ltr'>sibi</span> <span class='ocrx_word' id='word_1_282' title='bbox 513 2984 613 3045; x_wconf 88' lang='lat' dir='ltr'>volunt</span> <span class='ocrx_word' id='word_1_283' title='bbox 631 3001 757 3045; x_wconf 87' lang='lat' dir='ltr'>onerosa</span> <span class='ocrx_word' id='word_1_284' title='bbox 781 3003 815 3046; x_wconf 89' lang='lat' dir='ltr'>nc</span> <span class='ocrx_word' id='word_1_285' title='bbox 844 3001 1035 3065; x_wconf 81' lang='lat' dir='ltr'>supervacua,</span> 
     </span>
    </p>

    <p class='ocr_par' dir='ltr' id='par_1_12' title="bbox 9 3067 1080 3569">
     <span class='ocr_line' id='line_1_34' title="bbox 9 3067 1037 3148; baseline 0.002 -26"><span class='ocrx_word' id='word_1_286' title='bbox 9 3081 10 3134; x_wconf 79' lang='lat'>3</span> <span class='ocrx_word' id='word_1_287' title='bbox 52 3067 116 3128; x_wconf 85' lang='lat' dir='ltr'>sieut</span> <span class='ocrx_word' id='word_1_288' title='bbox 127 3087 179 3130; x_wconf 89' lang='lat' dir='ltr'>nos</span> <span class='ocrx_word' id='word_1_289' title='bbox 191 3068 488 3148; x_wconf 85' lang='lat' dir='ltr'>unguisetcapillum.</span> <span class='ocrx_word' id='word_1_290' title='bbox 502 3071 793 3130; x_wconf 90' lang='lat' dir='ltr'>recidunturveteres</span> <span class='ocrx_word' id='word_1_291' title='bbox 805 3078 926 3131; x_wconf 89' lang='lat' dir='ltr'>totaeac</span> <span class='ocrx_word' id='word_1_292' title='bbox 937 3085 1037 3136; x_wconf 90' lang='lat' dir='ltr'>rursus</span> 
     </span>
     <span class='ocr_line' id='line_1_35' title="bbox 9 3153 1036 3234; baseline 0 -26"><span class='ocrx_word' id='word_1_293' title='bbox 9 3153 182 3230; x_wconf 71' lang='lat' dir='ltr'>,astolone</span> <span class='ocrx_word' id='word_1_294' title='bbox 196 3155 296 3234; x_wconf 86' lang='lat' dir='ltr'>aliquo</span> <span class='ocrx_word' id='word_1_295' title='bbox 309 3162 479 3230; x_wconf 86' lang='lat' dir='ltr'>resurgunt,</span> <span class='ocrx_word' id='word_1_296' title='bbox 498 3155 550 3215; x_wconf 88' lang='lat' dir='ltr'>sed</span> <span class='ocrx_word' id='word_1_297' title='bbox 568 3172 624 3213; x_wconf 95' lang='lat' dir='ltr'>non</span> <span class='ocrx_word' id='word_1_298' title='bbox 643 3170 760 3231; x_wconf 92' lang='lat' dir='ltr'>omnes,</span> <span class='ocrx_word' id='word_1_299' title='bbox 777 3171 833 3213; x_wconf 92' lang='lat' dir='ltr'>nec</span> <span class='ocrx_word' id='word_1_300' title='bbox 850 3157 903 3214; x_wconf 89' lang='lat' dir='ltr'>nisi</span> <span class='ocrx_word' id='word_1_301' title='bbox 919 3169 1036 3234; x_wconf 87' lang='lat' dir='ltr'>quarum</span> 
     </span>
     <span class='ocr_line' id='line_1_36' title="bbox 9 3207 1079 3319; baseline 0.004 -26.061"><span class='ocrx_word' id='word_1_302' title='bbox 9 3207 167 3298; x_wconf 72' lang='lat' dir='ltr'>laetaturam</span> <span class='ocrx_word' id='word_1_303' title='bbox 181 3241 240 3319; x_wconf 89' lang='lat' dir='ltr'>pati</span> <span class='ocrx_word' id='word_1_304' title='bbox 254 3239 386 3300; x_wconf 88' lang='lat' dir='ltr'>diximus.</span> <span class='ocrx_word' id='word_1_305' title='bbox 964 3235 992 3276; x_wconf 78' lang='lat'>¹⁶</span> <span class='ocrx_word' id='word_1_306' title='bbox 988 3232 1079 3316; x_wconf 55' lang='grc' dir='ltr'><strong>6739Ρέ6</strong></span> 
     </span>
     <span class='ocr_line' id='line_1_37' title="bbox 113 3321 1080 3404; baseline -0.007 -18.777"><span class='ocrx_word' id='word_1_307' title='bbox 113 3323 192 3404; x_wconf 77' lang='lat' dir='ltr'>(to)</span> <span class='ocrx_word' id='word_1_308' title='bbox 217 3323 312 3400; x_wconf 70' lang='lat' dir='ltr'>algua</span> <span class='ocrx_word' id='word_1_309' title='bbox 335 3325 452 3383; x_wconf 86' lang='lat' dir='ltr'>aestivis</span> <span class='ocrx_word' id='word_1_310' title='bbox 475 3323 632 3402; x_wconf 88' lang='lat' dir='ltr'>vaporibus</span> <span class='ocrx_word' id='word_1_311' title='bbox 655 3323 751 3400; x_wconf 88' lang='lat' dir='ltr'>utilia,</span> <span class='ocrx_word' id='word_1_312' title='bbox 776 3322 901 3383; x_wconf 91' lang='lat' dir='ltr'>hieme&#39;</span> <span class='ocrx_word' id='word_1_313' title='bbox 893 3321 1016 3392; x_wconf 87' lang='lat' dir='ltr'>mimica,</span> <span class='ocrx_word' id='word_1_314' title='bbox 1028 3324 1080 3379; x_wconf 86' lang='grc'>249</span> 
     </span>
     <span class='ocr_line' id='line_1_38' title="bbox 9 3387 1036 3496; baseline 0 -36"><span class='ocrx_word' id='word_1_315' title='bbox 9 3475 11 3496; x_wconf 57' lang='grc' dir='ltr'><strong><em>Ρ</em></strong></span> <span class='ocrx_word' id='word_1_316' title='bbox 9 3387 171 3468; x_wconf 84' lang='lat' dir='ltr'>lautumno</span> <span class='ocrx_word' id='word_1_317' title='bbox 193 3410 274 3468; x_wconf 81' lang='lat' dir='ltr'>varia</span> <span class='ocrx_word' id='word_1_318' title='bbox 300 3416 329 3466; x_wconf 91' lang='lat' dir='ltr'>et</span> <span class='ocrx_word' id='word_1_319' title='bbox 342 3426 358 3467; x_wconf 93' lang='lat' dir='ltr'>e</span> <span class='ocrx_word' id='word_1_320' title='bbox 370 3417 470 3468; x_wconf 87' lang='lat' dir='ltr'>natura</span> <span class='ocrx_word' id='word_1_321' title='bbox 490 3407 560 3484; x_wconf 90' lang='lat' dir='ltr'>soli,</span> <span class='ocrx_word' id='word_1_322' title='bbox 586 3409 694 3486; x_wconf 92' lang='lat' dir='ltr'>quippe</span> <span class='ocrx_word' id='word_1_323' title='bbox 711 3426 773 3467; x_wconf 91' lang='lat' dir='ltr'>cum</span> <span class='ocrx_word' id='word_1_324' title='bbox 789 3405 978 3466; x_wconf 78' lang='lat' dir='ltr'>vindemiator</span> <span class='ocrx_word' id='word_1_325' title='bbox 989 3402 1036 3462; x_wconf 89' lang='lat' dir='ltr'>lb</span> 
     </span>
     <span class='ocr_line' id='line_1_39' title="bbox 9 3487 1038 3586; baseline -0.001 -40"><span class='ocrx_word' id='word_1_326' title='bbox 9 3503 11 3586; x_wconf 83' lang='grc' dir='ltr'>Ρ</span> <span class='ocrx_word' id='word_1_327' title='bbox 52 3491 200 3564; x_wconf 80' lang='lat' dir='ltr'>spaniarum</span> <span class='ocrx_word' id='word_1_328' title='bbox 219 3501 372 3569; x_wconf 78' lang='lat' dir='ltr'>stagnante</span> <span class='ocrx_word' id='word_1_329' title='bbox 389 3493 455 3552; x_wconf 89' lang='lat' dir='ltr'>solo</span> <span class='ocrx_word' id='word_1_330' title='bbox 475 3508 546 3552; x_wconf 86' lang='lat' dir='ltr'>uvas</span> <span class='ocrx_word' id='word_1_331' title='bbox 567 3492 703 3552; x_wconf 84' lang='lat' dir='ltr'>demetat.</span> <span class='ocrx_word' id='word_1_332' title='bbox 733 3501 862 3553; x_wconf 90' lang='lat' dir='ltr'>ceterum</span> <span class='ocrx_word' id='word_1_333' title='bbox 879 3489 988 3549; x_wconf 91' lang='lat' dir='ltr'>maiore</span> <span class='ocrx_word' id='word_1_334' title='bbox 1009 3487 1038 3544; x_wconf 92' lang='lat' dir='ltr'>in</span> 
     </span>
    </p>
   </div>
   <div class='ocr_carea' id='block_1_3' title="bbox 9 3553 11 3670">
    <p class='ocr_par' dir='ltr' id='par_1_13' title="bbox 9 3553 11 3670">
     <span class='ocr_line' id='line_1_40' title="bbox 9 3553 11 3670; baseline 0 0"><span class='ocrx_word' id='word_1_335' title='bbox 9 3553 11 3670; x_wconf 82' lang='lat' dir='ltr'>l</span> 
     </span>
    </p>
   </div>
   <div class='ocr_carea' id='block_1_4' title="bbox 0 0 1202 3900">
    <p class='ocr_par' dir='ltr' id='par_1_14' title="bbox 0 0 1202 3900">
     <span class='ocr_line' id='line_1_41' title="bbox 0 0 1202 3900; baseline 0 0"><span class='ocrx_word' id='word_1_336' title='bbox 0 0 1202 3900; x_wconf 95' lang='lat' dir='ltr'> </span> 
     </span>
    </p>
   </div>
  </div>
 </body>
</html>
