2396 3922
261 225 340 276 usu.
356 226 447 276 ursa.
463 170 557 276 xrivr.
573 225 615 279 14.
633 227 674 280 15.
690 219 837 292 (et—boi
971 215 1029 276 127

12 380 192 442 Paeoniae
208 381 316 442 herbae
331 399 428 441 semen
444 383 554 459 nigrum
572 401 609 441 ex
626 399 697 460 aqua
713 383 813 442 mulsa.
842 383 941 444 eadem
958 393 987 444 et
1002 385 1031 444 iu

13 465 135 525 radice
152 467 200 524 vis
212 482 328 525 meuses
345 467 411 541 ciet,
429 467 545 542 panacis
563 483 660 524 semen
679 484 742 525 cum
757 465 899 527 absinthio
914 485 1030 526 menses

12 558 47 607 et
63 549 224 625 sudores,
247 549 392 609 scordotis
414 558 483 625 potu
504 559 533 608 et
552 549 641 608 inlitu.
673 548 826 610 Vettonica
848 550 981 611 drachma
1003 551 1031 610 in

13 633 83 690 vini
103 632 229 708 cyathis
252 632 343 692 tribus
365 631 469 691 bibitur
491 643 591 692 contra
612 634 705 693 omnia
726 633 873 694 volvarum
892 636 961 694 vitia
984 644 1033 697 aut

1 733 104 794 ¹qnae
126 735 144 775 a
164 726 248 794 partu
265 717 343 776 liunt.
375 733 488 774 menses
504 718 604 775 nimios
626 718 699 776 sistit
712 716 836 776 Achillia
853 718 975 796 inposita
1002 727 1032 777 et

14 800 197 860 decoctum
219 801 280 859 eius
302 799 498 860 insidentibus.
534 801 661 862 Mammis
682 801 826 878 inponitur
844 801 1011 875 hyoscyami
1021 812 1072 865 152

16 902 136 942 semen
156 902 199 942 ex
212 885 290 959 vino,
306 883 381 943 locis
395 882 476 943 radix
492 885 520 942 in
536 884 749 961 cataplasmate,
767 893 795 942 et
809 886 933 943 mammis
948 887 1031 943 etiam

17 967 216 1027 chelidonia.
250 968 394 1026 secundas
408 970 543 1026 morantis
564 968 612 1027 vel
633 978 731 1045 partus
753 977 899 1028 emortuos
919 967 1031 1027 radices

17 1051 158 1129 panacis
167 1050 320 1128 adpositae
333 1051 493 1110 extrahunt.
512 1051 604 1129 ipsum
614 1069 738 1130 panaces
752 1051 852 1111 invino
866 1049 1031 1131 potumvol-

1 1153 76 1194 -vas
94 1143 213 1213 purgat
227 1135 447 1212 adpositumque
462 1152 526 1194 cum
538 1135 634 1194 melle.
655 1134 822 1195 Polemonia
836 1145 904 1214 pota
915 1153 952 1194 ex
964 1136 1031 1192 vino

19 1218 185 1278 secundas
210 1218 306 1296 pellit,
327 1217 429 1277 nidore
452 1219 571 1294 corrigit
589 1217 701 1278 volvas.
742 1217 876 1278 Centauri
895 1218 1074 1282 minoris153

19 1319 123 1362 sucus
139 1311 214 1380 potu
228 1301 349 1378 fotuque
365 1318 480 1360 menses
499 1303 570 1376 ciet,
595 1303 662 1360 item
682 1303 797 1361 maioris
818 1303 900 1362 radix
920 1304 949 1361 in
967 1301 1029 1361 vol·

18 1403 82 1445 vae
102 1383 262 1444 doloribus
277 1385 378 1444 iisdem
393 1384 485 1443 modis
499 1384 632 1462 prodest,
649 1384 750 1444 derasa
766 1403 837 1444 vero
855 1395 883 1444 et
901 1384 1032 1463 adposita

20 1467 165 1528 extrahit
184 1477 283 1545 partus
298 1477 455 1528 emortuos.
489 1467 623 1545 plantago
642 1467 795 1544 adponitur
810 1469 837 1526 in
859 1469 923 1528 lana
937 1470 965 1526 in
981 1467 1031 1526 do·

23 1551 99 1612 lore
127 1550 247 1626 volvae,
264 1552 292 1609 in
308 1551 484 1626 strangulatu
500 1550 620 1625 bibitur,
644 1551 695 1610 sed
719 1553 875 1629 praecipua
890 1551 1031 1610 dictamno

20 1637 71 1694 vis
89 1644 151 1694 est.
190 1651 307 1693 menses
330 1636 404 1710 ciet,
432 1643 532 1712 partus
552 1643 696 1692 emortuos
717 1634 767 1693 vel
786 1642 933 1694 traversos
954 1634 1032 1692 eicit

21 1718 146 1778 bibitur
163 1735 201 1776 ex
224 1735 297 1796 aqua
312 1717 446 1777 foliorum
461 1715 567 1792 obolo,
591 1716 664 1776 adeo
686 1717 720 1776 ad
736 1716 809 1776 haec
825 1717 930 1776 eilicax
949 1727 980 1777 ut
995 1733 1032 1774 ne

23 1804 55 1861 in
83 1800 256 1860 cubiculum
272 1801 386 1879 quidem
406 1802 603 1878 praegnatium
623 1800 770 1860 inferatur.
806 1819 862 1860 nec
884 1809 952 1878 potu
972 1795 1032 1859 tan·

24 1896 92 1946 tum
119 1883 175 1944 sed
203 1893 231 1944 et
255 1885 334 1944 inlitu
358 1894 387 1943 et
409 1884 504 1943 suilrtu
527 1882 613 1943 valet.
649 1901 789 1962 proxume
811 1883 1011 1963 pseudodicta·
1024 1892 1074 1945 154

0 1984 1 1989 ’
24 1987 141 2045 mnum‚
160 1967 214 2028 sed
232 1984 347 2028 meuses
363 1969 420 2027 ciet
433 1985 496 2028 curn
516 1983 596 2026 mero
615 1967 765 2028 decoctum
778 1967 875 2028 denari
891 1967 1032 2045 pondere.

25 2051 172 2132 pluribus
187 2059 283 2111 tamen
297 2051 390 2110 modis
413 2049 598 2112 aristolochia
622 2051 757 2129 prodest,
778 2069 843 2111 nam
868 2060 897 2111 et
918 2066 1033 2110 menses

26 2146 58 2196 et
79 2135 232 2195 secundas
250 2135 308 2194 ciet
331 2143 360 2194 et
379 2145 524 2195 emortuos
543 2143 641 2212 partus
662 2135 800 2211 extrahit,
822 2151 917 2194 murra
940 2142 969 2192 et
990 2132 1032 2212 pi-

27 2237 112 2298 pere
124 2218 231 2278 additis
246 2228 315 2297 pota
330 2217 378 2277 vel
396 2217 519 2278 subdita.
548 2217 652 2277 volvas
666 2235 781 2295 quoque
797 2218 975 2298 procidentis
991 2218 1032 2276 in·

27 2302 119 2363 hibet
134 2303 198 2361 fotu
215 2301 264 2362 vel
279 2302 374 2362 sullitu
387 2302 434 2361 vel
447 2301 587 2374 subiectu‚
603 2319 734 2360 maxume
745 2302 846 2360 tenuis.
872 2303 1010 2376 strangu·
1024 2309 1074 2364 155

0 2421 11 2434 κ»
29 2387 128 2447 latum
145 2384 182 2444 ab
197 2386 242 2445 his
257 2402 444 2463 mensumque
461 2383 659 2444 difficultatem
669 2385 814 2461 agaricum
831 2384 925 2444 obolis
943 2383 1034 2444 tribus

28 2472 62 2530 in
77 2470 141 2528 vini
158 2471 268 2529 veteris
291 2469 395 2543 cyatho
413 2476 511 2546 potum
534 2467 681 2543 emendat,
704 2469 883 2544 peristereos
901 2467 1033 2544 adposita

28 2556 62 2613 in
86 2553 176 2630 adipe
196 2551 282 2613 suillo
305 2554 431 2628 recenti,
454 2550 628 2611 antirrhinon
652 2568 715 2609 cum
738 2568 863 2611 rosaceo
886 2559 915 2610 et
933 2549 1032 2624 melle,
1114 2589 1117 2596 -

30 2638 109 2696 item
130 2636 263 2715 adposita
284 2635 461 2714 nymphaeae
485 2632 643 2694 Thessalae
664 2633 747 2694 radix
769 2634 862 2694 dolori
891 2633 1033 2707 medetur,

31 2721 64 2779 in
87 2721 157 2778 virro
180 2722 265 2796 nigro
280 2728 349 2797 pota
370 2718 511 2797 profluvia
532 2716 649 2776 inhibet.
681 2736 699 2777 e
720 2717 835 2777 diverso
860 2719 917 2776 ciet
937 2715 1032 2790 cycla-

1 2803 108 2869 emini
123 2803 207 2862 radix
222 2811 290 2881 pota
313 2811 342 2862 et
355 2801 505 2881 adposita,¹
528 2809 557 2860 et
579 2801 696 2860 vesicae
715 2800 893 2860 insidentium
909 2800 1032 2860 decocto

33 2885 182 2946 medetur.
205 2886 352 2946 Secundae
367 2894 435 2964 pota
451 2884 661 2945 cissanthemos
677 2884 775 2962 pellit,
792 2884 904 2944 volvam
920 2889 1010 2944 sanat.
1022 2893 1073 2946 156

37 2988 55 3028 e
72 2969 176 3048 xiphio
190 2969 272 3029 radix
291 2971 425 3048 superior
439 2987 555 3028 menses
573 2969 630 3027 ciet
645 2967 779 3028 drachma
800 2986 837 3027 ex
853 2977 937 3028 aceto
952 2975 1031 3046 pota.

38 3053 242 3131 peucedanum
254 3053 446 3129 strangulatus
454 3053 558 3114 volvae
569 3051 670 3112 nidore
683 3061 773 3111 ustum
782 3060 905 3128 recreat,
916 3067 1031 3108 menses

38 3135 126 3196 albos
149 3137 308 3214 praecipue
331 3134 464 3214 psyllium
478 3135 612 3195 drachma
634 3137 663 3196 in
684 3136 794 3211 cyathis
814 3134 905 3195 tribus
928 3151 1030 3212 aquae,

4 3237 143 3284 sesemen
156 3221 366 3296 mandragorae
381 3228 479 3297 potum
493 3219 608 3279 volvam
621 3228 734 3298 purgat.
756 3238 870 3280 menses
889 3219 945 3278 ciet
966 3236 1010 3277 su·
1023 3227 1072 3283 157

43 3320 94 3361 cns
119 3302 269 3380 adpositus
298 3311 326 3362 et
354 3312 499 3362 emortuos
521 3311 640 3381 partus..
664 3304 748 3363 nimia
770 3322 867 3363 rursus
889 3300 1031 3381 profluvia

44 3387 117 3445 sistit
133 3403 234 3445 semen
250 3405 312 3446 cum
322 3387 388 3446 vivo
402 3386 529 3465 sulpure,
547 3395 646 3446 contra
658 3404 692 3445 ea
704 3387 761 3446 ciet
773 3385 946 3448 batrachium
961 3394 1030 3464 potu

44 3470 90 3529 vel
105 3469 185 3545 cibo,
203 3469 307 3530 ardens
324 3469 411 3548 alias,
430 3480 459 3530 ut
474 3471 608 3548 diximus,
631 3470 733 3546 cruda,
754 3472 805 3532 sed
822 3479 905 3531 cocta
921 3488 1024 3532 con-n,
1037 3489 1068 3523 os

534 3689 549 3748 ὀ
