2396 3900
117 213 157 274 54
456 226 485 274 c.
501 226 597 273 curru
613 225 764 274 suenum

116 382 225 460 primo',
242 381 308 460 plus
323 398 427 461 aspera
439 389 468 440 et
483 399 558 459 quae
573 383 601 442 in
617 380 723 442 herbas
739 398 796 440 nou
809 380 973 458 effunditur,
990 380 1137 460 alioquin

116 467 244 525 novitate
269 482 468 543 quaecumque
492 465 579 525 luerit
602 467 693 527 solum
718 464 833 542 laedet,
862 483 898 525 ne
929 466 973 524 sic
1001 465 1137 542 quidem

116 551 209 628 primo
225 567 298 609 anno
315 550 428 611 fertilis.
461 550 583 610 interest
605 558 634 609 et
654 550 731 629 quali
753 550 818 610 solo
841 558 1005 628 quaeratur.
1041 550 1136 608 sicca

117 635 191 694 enim
206 634 301 695 umido
317 634 429 712 melior,
446 633 526 693 arido
541 635 666 713 pinguis.
696 642 858 714 temperato
871 633 1020 710 alterutra,
1040 641 1136 692 creta

116 719 165 781 vel
182 719 355 794 columbina,
373 719 517 779 convenit.
1146 738 1160 776 s

73 811 108 866 49
181 805 210 865 9.
234 805 297 882 (5.)
321 802 535 881 Transpadanis
559 803 665 864 cineris
689 821 757 862 usus
779 802 854 862 adeo
876 802 973 880 placet
989 811 1022 863 ut
1040 811 1135 862 ante·

115 897 223 965 ponant
244 889 310 948 fimo
334 891 523 948 iumentorum
538 887 633 966 quod,
656 889 722 966 quia
744 887 919 947 levissimum
941 894 1002 962 est,
1028 886 1073 947 ob
1103 886 1136 946 id

117 981 245 1033 exarant.
274 980 398 1050 utroque
416 980 510 1031 tamen
527 973 635 1050 pariter
651 989 708 1032 non
723 979 839 1031 utuntur
859 973 888 1030 in
909 970 1014 1032 eodem
1035 987 1133 1046 arvo,

115 1075 171 1117 nec
186 1059 214 1116 in
232 1057 356 1116 arbustis
373 1057 489 1130 cinere,
505 1073 560 1115 nec
575 1055 712 1134 quasdam
735 1056 772 1116 ad
787 1056 906 1132 fruges,
929 1063 959 1114 ut
974 1054 1132 1115 dicemus.

116 1143 187 1202 Sunt
211 1142 258 1219 qoi
281 1141 403 1219 pulvere
425 1156 542 1219 quoque
565 1157 636 1200 uvas
658 1140 695 1199 ali
718 1138 844 1200 iudicent
869 1139 1170 1218 pubescentisquero

115 1225 269 1305 pulverent
287 1234 318 1286 et
333 1225 431 1284 vitium
443 1224 636 1303 arborumque
654 1223 800 1284 radicibus
817 1223 1003 1302 adspergant.
1039 1224 1133 1302 quod

116 1319 226 1370 certum
247 1318 291 1369 est
305 1307 489 1369 Narbonensi
510 1309 696 1387 provinciae,
718 1314 748 1367 et
769 1307 927 1369 vindemias
947 1309 1059 1367 certius
1083 1310 1133 1367 sic

116 1395 212 1471 coqui,
228 1393 352 1472 plusque
368 1393 462 1472 pulvis
477 1393 518 1453 ibi
533 1409 618 1472 quam
633 1392 679 1452 sol
696 1391 819 1453 confert.

73 1491 107 1542 50
179 1478 242 1558 (6.)
264 1476 335 1537 Fimi
349 1479 450 1557 plures
463 1477 653 1551 differentiae,
670 1477 733 1554 ipsa
749 1495 798 1535 res
812 1476 938 1556 antiqua.
969 1477 1025 1536 iam
1041 1476 1131 1554 apud

114 1562 268 1623 Homerum
282 1565 382 1640 regius
399 1580 491 1622 senex
506 1580 605 1640 agrum
622 1562 660 1620 ita
676 1561 835 1621 laetificans
852 1561 911 1619 suis
923 1559 1056 1619 manibus
1074 1579 1128 1622 re·
1142 1580 1167 1622 rs

114 1649 233 1726 peritur.
268 1647 387 1725 Augeae
404 1665 457 1706 rex
475 1647 503 1706 in
521 1647 643 1706 Graecia
662 1646 848 1722 excogitasse
864 1644 1001 1720 traditur,
1022 1644 1129 1704 divol-

115 1750 203 1808 gusse
218 1749 290 1791 vero
305 1730 449 1791 Hercules
464 1733 492 1791 in
507 1730 609 1804 ltalia,
633 1747 707 1808 quae
725 1731 789 1804 regi
804 1746 858 1788 suo
874 1730 1010 1788 Stercuto
1026 1725 1131 1790 Fauni

114 1816 174 1876 lilio
190 1816 227 1876 ob
242 1815 299 1876 boc
316 1817 459 1875 inventum
482 1814 715 1874 inmortalitatem
730 1812 836 1873 tribuit.
868 1812 906 1872 lt.
923 1812 1018 1872 Varro
1037 1815 1132 1891 prin-

115 1901 239 1978 cipatum
259 1899 308 1959 dat
332 1899 479 1959 turdorum
502 1898 567 1958 limo
590 1916 626 1957 ex
648 1898 780 1973 aviariis,
805 1897 882 1975 quod
905 1898 990 1957 etiam
1005 1897 1129 1976 pabulo

115 1983 201 2043 boum
219 2000 357 2060 suumque
374 1983 553 2060 magnificat,
575 2001 671 2061 neque
692 1981 749 2042 alio
767 1981 834 2041 cibo
850 1981 977 2042 celerius
992 1981 1127 2060 pingue·
1138 1999 1164 2039 no

45 2140 53 2157 ι
115 2084 201 2128 scere
225 2066 388 2127 adseverat.
427 2065 462 2126 de
484 2068 591 2126 nostris
612 2067 741 2127 moribus
761 2065 837 2126 bene
859 2084 980 2145 sperare
1002 2075 1072 2146 est,
1101 2070 1129 2127 si

116 2159 192 2211 tanta
207 2151 282 2229 apud
299 2152 423 2211 maiores
438 2150 520 2211 luere
538 2152 661 2226 aviaria,
679 2161 709 2210 ut
722 2170 760 2212 ex
774 2151 818 2211 his
836 2153 898 2228 agri
914 2159 1127 2211 stercoraren·

72 2249 105 2300 st
119 2245 173 2294 tur.
204 2234 376 2295 Proxumum
392 2232 554 2296 columella
571 2235 771 2311 columbariis,
788 2252 856 2295 mox
868 2234 1028 2313 gallinariis
1045 2235 1127 2296 facit

115 2320 268 2379 natantium
283 2319 378 2378 alitum
391 2320 532 2380 damnato.
562 2321 653 2379 ceteri
668 2329 805 2380 unctores
818 2319 1125 2381 consensuhumanas

116 2403 198 2482 dapis
217 2405 251 2463 ad
273 2404 329 2464 hoc
346 2406 474 2482 inprimis
489 2406 640 2464 advocant.
668 2404 715 2464 alii
732 2421 770 2463 ex
784 2403 828 2463 his
843 2405 1011 2482 praeierunt
1026 2414 1161 2483 potuset

115 2488 257 2548 bominum
272 2490 299 2547 in
316 2489 503 2550 coriariorum
514 2487 638 2547 cilicinis
654 2489 714 2567 pilo
725 2487 899 2562 madefacto,
914 2487 961 2547 alii
976 2506 1031 2566 per
1044 2507 1125 2550 sese

115 2591 188 2652 aqua
211 2574 313 2646 iterum
338 2573 506 2651 largiusque
535 2573 621 2632 etiam
646 2589 730 2650 quam
758 2590 821 2632 cum
847 2571 953 2631 bibitur
977 2571 1122 2634 admixta.

115 2658 222 2735 quippe
245 2657 310 2734 plus
332 2658 386 2716 iam
403 2656 442 2716 ibi
457 2656 523 2716 mali
541 2657 710 2717 domandum
726 2665 786 2733 est,
811 2673 875 2717 cum
896 2656 931 2715 ad
948 2657 1028 2715 virus
1044 2657 1123 2718 illud

115 2741 173 2799 uini
193 2741 280 2800 homo
302 2742 471 2800 accesserit.
510 2740 584 2800 haec
604 2750 669 2801 sunt
689 2743 844 2801 certamina
867 2740 970 2819 quibus
988 2741 1122 2801 invicem

73 2824 153 2886 obad
180 2822 314 2883 tellurem
341 2841 456 2904 quoque
487 2823 619 2884 alendam
645 2833 760 2884 utuntur
785 2825 925 2885 homines.
968 2823 1159 2886 Proxumeco

114 2908 269 2984 spurcitias
284 2926 364 2968 suum
380 2907 513 2985 laudaut,
530 2907 693 2969 Columella
710 2910 791 2969 solus
807 2909 929 2969 damnat.
953 2908 1002 2968 alii
1018 2910 1121 2968 cuius-

115 3008 237 3070 cumque
256 2992 440 3069 quadripedis
458 3011 495 3052 ex
511 2995 621 3068 cytiso,
641 2993 727 3071 aliqui
740 2991 917 3054 columbaria
932 2991 1119 3071 praeierunt.

114 3092 283 3153 proxumum
300 3075 403 3136 deinde
420 3094 571 3155 caprarum
589 3085 649 3152 est,
672 3077 707 3136 ab
725 3076 781 3136 boc
801 3078 909 3150 ovium,
932 3077 998 3136 dein
1014 3076 1119 3154 boum,

71 3168 107 3222 53
116 3161 299 3220 novissimum
315 3160 512 3220 iumentorum.
535 3160 595 3219 liae
608 3161 690 3220 luere
703 3160 779 3238 apud
795 3161 908 3239 priscos
920 3160 1119 3243 differentiae,

115 3243 256 3322 simulque
280 3252 439 3322 praecepta
454 3245 603 3322 -pluro
622 3261 679 3302 non
695 3245 810 3304 invenio
827 3279 869 3292 —-
883 3243 981 3304 rettuli
1004 3246 1120 3326 utendi,
1129 3264 1156 3308 ει

114 3327 228 3406 quando
238 3337 266 3388 et
277 3328 324 3388 hic
336 3337 464 3389 vetustas
475 3328 581 3388 utilior.
596 3329 746 3406 unumque
759 3330 813 3388 iam
826 3337 871 3388 est
884 3328 960 3406 apud
972 3329 1119 3407 quosdam

114 3412 333 3489 provincialium
359 3412 387 3471 in
408 3421 512 3472 tautum
537 3411 698 3472 abundante
719 3412 826 3490 geniali
850 3414 936 3490 copia
967 3413 1118 3491 pecudum

114 3491 222 3554 farinae
237 3497 302 3556 vice
323 3496 425 3557 cribris
440 3497 598 3575 superinici
615 3496 728 3558 faetore
753 3497 952 3576 adspectuque
969 3499 1117 3576 temporis
