2504 3930
352 257 432 304 usn
447 256 725 310 n1sn.xxxu.1o
743 247 897 370 tao—51.)
1057 249 1118 338 309
1149 205 1152 210 Α

121 409 216 470 centia
230 409 293 468 siue
311 412 457 487 servata,
449 428 531 472 iocur
546 413 630 472 etiarn
646 414 740 474 tritum
754 414 901 492 mixtoque
915 415 1013 475 cedrio
1029 415 1119 494 plum·

121 493 176 554 bea
192 493 299 572 pyxide
311 493 502 556 adservatum
523 497 562 555 ita
574 514 682 574 pueros
692 498 905 596 mangonicavit
915 499 1003 576 Salpe
1021 499 1120 560 obste-

119 579 187 636 trix.
217 577 319 638 eadem
335 578 378 636 ris
395 557 522 656 pulmoni
539 581 665 655 marino,
690 581 790 642 marini
815 580 925 658 leporis
942 584 1074 658 sangnini
1092 592 1121 641 et

63 731 67 736 ¹
120 661 194 735 felli,
212 659 296 720 veisa
308 661 336 721 in
347 661 416 722 oleo
428 661 475 722 hic
486 673 618 723 n.ecetnr
643 667 751 740 cancri,
766 664 981 742 scolopendrae
994 668 1120 725 marinae

95 745 193 809 acinis
212 763 274 804 carn
291 745 372 820 oleo,
389 747 480 806 urtica
497 748 604 808 marina
620 750 687 826 trita
704 767 742 808 ex
759 756 843 809 aceto
861 748 995 810 scillitico
998 759 1158 828 ‚torpe-

9 879 13 884 ,
118 829 195 914 dinis
206 828 359 888 cerebrum
371 846 435 890 cnm
447 829 570 892 alumine
582 820 690 892 inlitam
704 831 783 894 xvt.
792 832 866 896 lurra.
887 851 974 893 ranae
990 851 1098 912 parvae
1112 844 1163 898 136

118 929 204 1010 quam
226 913 255 971 in
277 911 427 972 oculorum
453 915 601 976 curatione
623 915 830 994 descripsimus
855 917 952 976 sanies
976 917 1118 977 efficacis·
1129 937 1153 969 ι

9 1025 10 1028 “
107 997 190 1056 sime
214 995 365 1074 psilotrum
382 1005 443 1071 est,
471 999 496 1058 si
518 1017 623 1058 recens
641 999 789 1073 inlinatur,
815 1001 867 1058 et
859 1017 922 1078 ipsa
940 1002 1070 1060 arelacta
1085 1019 1120 1059 ac

118 1090 220 1155 tunsa,
244 1097 312 1140 mox
328 1080 450 1144 decocta
467 1081 559 1142 tribus
572 1082 693 1146 heminis
709 1081 744 1142 ad
763 1084 861 1144 tertias
878 1083 951 1164 vel
943 1102 971 1143 ιιι
986 1085 1054 1144 oleo
1070 1083 1119 1142 de·

1 1183 2 1204 ¹
85 1175 109 1216 tt
120 1173 205 1224 cocta
218 1166 314 1224 aereis
325 1167 412 1224 vasis.
432 1165 534 1228 eadem
549 1184 682 1227 mensura
699 1165 747 1226 alii
759 1185 774 1225 e
785 1167 947 1246 quindecim
959 1169 1037 1227 ranis
1050 1185 1118 1226 con·

119 1249 217 1308 ficiunt
234 1249 394 1325 psilotrum,
407 1250 481 1310 sicut
495 1251 523 1309 in
535 1251 628 1310 oculis
641 1249 772 1309 diximus.
793 1252 987 1328 sanguisugae
1001 1263 1150 1329 quoquere

118 1341 212 1394 tostae
228 1335 257 1394 in
275 1350 346 1391 vase
364 1331 444 1392 iictili
468 1341 551 1394 etex
572 1343 656 1394 aceto
673 1333 770 1394 inlitae
790 1333 912 1398 eundem
927 1344 1026 1394 contra
1042 1333 1118 1414 pilos

116 1415 225 1478 habent
239 1416 383 1476 ellectum.
401 1415 448 1474 hic
459 1416 571 1476 suffitus
584 1417 723 1477 urentium
737 1435 787 1476 eas
797 1427 882 1477 necat
895 1419 1011 1484 cimices
1024 1420 1117 1476 unice.

119 1509 255 1560 castoreo
272 1515 388 1577 quoque
404 1515 467 1558 cum
482 1500 569 1562 melle
590 1517 644 1579 pro
662 1500 784 1579 psilotro
804 1502 849 1560 usi
866 1500 995 1578 pluribus
1016 1500 1118 1561 diebus

1 1590 4 1628 ὲ
83 1591 110 1634 tt
119 1584 314 1661 reperiuntur,
330 1583 359 1641 in
374 1585 449 1642 omni
466 1592 560 1642 autem
576 1583 698 1662 psilotro
716 1583 863 1643 evellendi
879 1586 960 1661 prius
977 1594 1041 1644 sunt
1057 1585 1117 1664 pili.

181 1665 265 1743 (48.)
280 1664 430 1726 infantium
444 1667 570 1744 gingivis
582 1665 844 1746 dentitionibusque
856 1667 1015 1746 plurumum
1029 1686 1097 1729 con·
1112 1678 1161 1738 137

116 1749 176 1810 fert
190 1747 318 1826 delphini
336 1767 399 1810 cum
414 1748 502 1810 melle
517 1749 641 1810 dentium
657 1751 728 1812 cinis
744 1760 772 1810 et
795 1751 819 1809 si
836 1752 902 1828 ipso
922 1749 1008 1810 dente
1023 1753 1117 1829 gingi-

117 1851 173 1893 vae
194 1842 356 1909 tangantur.
385 1833 557 1911 adalligatus
583 1833 658 1894 idem
684 1851 809 1914 pavores
837 1837 1006 1912 repentinos
1031 1834 1117 1894 tollit.

117 1917 195 1976 idem
206 1916 328 1976 eiiectus
342 1925 372 1976 et
387 1916 538 1978 caniculae
550 1916 653 1977 dentis.
675 1917 774 1978 ulcera
788 1934 859 1977 vero
873 1919 987 1995 quaein
1000 1917 1116 1978 auribus

9 2003 10 2010 ’
83 2011 110 2054 no
120 2009 169 2059 aut
184 1998 240 2058 ulla
256 2009 337 2078 parte
349 2003 483 2080 corporis
498 2002 565 2062 liant
579 2003 748 2062 cancrorum
759 2001 936 2061 fluviatilium
952 2019 1038 2060 sucus
1052 2019 1115 2060 cum

118 2083 209 2144 farina
224 2081 390 2146 hordeacea
405 2093 498 2146 sanat
525 2095 556 2145 ct
570 2085 606 2147 ad
628 2085 759 2162 reliquos
772 2083 892 2145 morbos
908 2086 966 2144 triti
982 2087 1010 2144 in
1027 2085 1095 2144 oleo
1111 2095 1163 2146 tte

118 2168 272 2246 perunctis
277 2179 409 2246 prosunt
418 2170 547 2230 siriasim
562 2169 709 2229 infantium
722 2186 856 2246 spongea
870 2168 977 2246 frigida
993 2167 1116 2230 cerebro

117 2251 261 2311 umefacto
277 2266 345 2310 rana
362 2253 478 2316 inversa
497 2253 652 2330 adalligata
671 2253 875 2316 efficacissime
894 2261 984 2315 sanat
1007 2253 1115 2312 aridam
1172 2280 1174 2288 ι

109 2326 238 2394 inveniri
254 2333 412 2392 adfirmant

81 2441 107 2484 ιι
178 2416 263 2494 (49)
286 2413 417 2475 blnllus
409 2435 437 2475 ιιι
458 2419 526 2474 vino
541 2427 660 2476 necatus
682 2419 729 2478 vel
750 2421 840 2497 piscis
858 2419 983 2482 rubellio
1000 2418 1047 2478 vel
1068 2437 1116 2477 an·

116 2501 226 2578 guillae
241 2499 330 2574 duae,
345 2500 414 2558 item
430 2515 486 2558 uva
501 2500 609 2557 marina
623 2501 652 2558 in
672 2501 738 2560 vinc
754 2503 950 2579 putrefacta”
931 2521 966 2562 ns
983 2504 1031 2583 qui
1051 2500 1116 2560 inde

117 2585 241 2644 biberint
259 2582 383 2642 taedium
394 2584 456 2641 ιιιιι
449 2580 576 2640 adiert.

181 2667 266 2744 (50)
289 2668 434 2726 Venerem
452 2663 562 2724 inhibet
576 2661 729 2740 echeneis,
745 2665 945 2745 hippopotami
959 2669 1063 2728 frontis
1079 2687 1095 2726 e
1103 2675 1160 2732 139

117 2753 233 2810 sinistra
248 2757 330 2827 parte
347 2747 454 2826 pellis
446 2766 473 2807 ιιι
485 2745 590 2824 agnina
606 2745 777 2823 adalligata,
796 2747 836 2808 iel
855 2751 1015 2828 torpedinis
1030 2753 1115 2811 vivae

80 2855 108 2896 ao
117 2833 291 2912 genitalibus
314 2832 432 2892 inlitum.
463 2830 607 2892 concitant
630 2828 794 2892 coclearum
814 2830 990 2892 fluviatilium
1013 2853 1116 2894 carnes

93 2947 97 2954 ·
117 2917 180 2978 sele
200 2917 371 2978 adservatae
392 2925 421 2976 et
444 2917 474 2976 iu
494 2922 565 2992 potu
586 2931 623 2972 ex
641 2914 708 2972 rino
727 2913 827 2990 datae,
852 2914 974 2988 erythini
999 2919 1028 2976 ιιι
1048 2919 1115 2979 cibe

10 3059 11 3062 ,
117 3001 239 3078 sumpti,
256 3001 337 3060 iecur
352 3017 439 3059 ranae
459 2998 585 3077 diopetis
602 2997 649 3056 vel
668 2996 818 3058 calamitae
839 2999 868 3056 in
883 2996 1020 3075 pellicula
1036 3004 1115 3076 gruis

117 3081 302 3161 adalligatum
322 3084 370 3142 vel
391 3083 462 3142 dens
483 3079 627 3147 crocodili
645 3080 802 3141 maxillaris
825 3079 954 3144 adnexus
975 3079 1114 3146 bracchio

118 3165 166 3224 rel
179 3164 391 3243 hippocampus
407 3166 453 3225 rel
467 3166 550 3226 nervi
563 3163 683 3224 rubetae
705 3164 809 3224 dextro
826 3162 939 3225 lacerto
957 3163 1114 3241 adalligati.
1169 3234 1172 3240 ¹

82 3275 109 3317 ιι
119 3265 246 3310 amorem
262 3251 322 3310 linit
337 3251 365 3310 in
381 3251 499 3328 pecoris
511 3251 622 3309 recenti
638 3249 720 3308 corio
736 3246 838 3308 rubeta
854 3246 1018 3324 adalligata.

184 3333 268 3412 (51.)
290 3333 436 3414 Equorum
452 3333 580 3398 scabiem
599 3349 687 3394 ranae
705 3331 877 3391 decoctae
868 3349 896 3392 ιιι
918 3348 991 3409 aqua
1014 3339 1094 3392 exte·
1107 3341 1160 3397 tao

117 3427 215 3494 noant,
223 3417 319 3481 donec
331 3418 410 3480 inlini
424 3417 547 3495 possut
561 3417 686 3477 ainntita
696 3425 811 3477 curatos
823 3431 881 3475 nnn
893 3415 989 3494 repeti
1001 3423 1115 3513 postea

0 3509 2 3632 p
49 3510 55 3527 ·
117 3503 207 3582 Salpe
220 3511 306 3581 negat
321 3519 411 3564 canes
426 3501 531 3564 latrare
548 3500 672 3580 quibus
665 3517 693 3561 m
709 3499 765 3562 otia
781 3517 852 3562 rana
868 3500 933 3560 viva
949 3497 1014 3560 data
1031 3499 1103 3559 sit
