2430 3896
150 226 191 288 22
511 239 541 288 o.
558 241 654 288 annu
669 240 819 290 snoounr

151 399 225 460 Paro
244 398 317 458 silva
333 397 444 458 caedua
456 414 530 474 quae
546 396 615 456 nihil
627 396 693 456 lert.
724 389 860 456 Persicae
873 397 996 458 arbores
1010 401 1038 461 in
1049 398 1163 460 Rhodo

150 483 255 543 florent
279 490 394 542 tantum.
436 479 481 539 Fit
502 479 578 540 baec
602 480 764 541 differentia
785 488 872 540 etex
894 499 984 557 seru,
1006 484 1036 542 in
1058 485 1162 563 iisque

150 585 245 626 mares
262 583 320 625 non
337 565 441 625 ferunt.
471 564 560 642 aliqui
581 562 639 623 hcc
660 572 858 643 permutantes
879 568 966 626 maris
986 585 1056 627 esse
1079 585 1161 645 quae

150 651 244 721 ierant
262 649 385 709 tradunt.
415 648 486 708 iacit
501 656 530 706 et
546 648 673 708 densitas
692 649 881 708 sterilitatem.

111 746 161 799 112
235 733 320 813 (48.)
350 732 531 810 (liquentium
557 739 651 791 autem
678 731 818 809 quaedam
842 742 872 793 et
894 733 1033 794 lateribus
1056 752 1189 794 ramo-a

150 835 211 879 rom
225 827 256 878 et
273 817 469 878 cacuminibus
485 816 595 890 ferunt,
616 824 647 874 ut
661 817 759 893 pirus,
782 819 903 895 punica,
925 817 1014 894 licus,
1032 828 1160 893 myrtus.

150 913 250 963 cetero
285 900 387 961 eadem
418 910 518 961 natura
551 917 627 979 quae
655 898 796 976 frugibus.
847 917 970 980 namque
1001 911 1031 962 et
1057 903 1086 962 in
1112 905 1160 962 eis

150 988 231 1066 spica
250 987 278 1045 in
301 987 448 1045 cacumina
478 985 623 1059 nuseium,
648 984 791 1061 legumina
819 987 847 1044 in
868 985 1016 1046 lateribus.
1055 986 1160 1065 palma

108 1095 162 1139 aaa
175 1072 249 1146 sola,
270 1079 300 1129 ut
315 1070 420 1130 dictum
437 1079 493 1146 est,
509 1072 537 1129 in
552 1068 663 1147 spathis
679 1068 766 1128 babet
786 1069 920 1145 fructum,
938 1072 1064 1134 racemis
1082 1088 1157 1150 pro-

148 1155 332 1234 pendentem.
389 1195 396 1211 .
1171 1173 1198 1216 ru

105 1249 158 1302 113
229 1237 311 1317 (49.)
338 1238 469 1317 Reliquis
486 1237 539 1298 sub
555 1238 627 1299 lolio
644 1254 769 1316 pomum,
786 1245 815 1297 ut
829 1247 1010 1316 protegatur,
1024 1249 1159 1318 excepta

149 1323 223 1397 fico,
240 1321 285 1382 cui
300 1321 402 1383 lolium
419 1340 580 1382 maxumum
599 1322 917 1400 umbrosissimuruqua,
935 1332 964 1382 et
979 1323 1046 1383 ideo
1064 1341 1159 1402 supra

148 1408 175 1467 id
190 1424 315 1486 pomum.
349 1407 376 1466 ei
399 1407 512 1466 demum
533 1408 627 1466 serius
650 1406 750 1466 folium
770 1407 899 1465 nascitur
918 1424 1002 1484 qnam
1023 1424 1157 1485 pomum.

147 1493 259 1568 insigne
278 1491 410 1568 proditur
424 1491 452 1550 in
469 1491 593 1569 quodam
610 1507 720 1569 genere
738 1486 871 1565 Ciliciae,
890 1487 990 1568 Cypri,
1006 1491 1158 1568 Helladis,

149 1577 220 1635 fucos
245 1573 298 1634 sub
321 1575 410 1650 folio,
437 1591 558 1652 grossos
580 1592 652 1634 vero
675 1582 743 1651 post
763 1573 862 1633 lolium
887 1575 976 1634 nasci.
1013 1573 1103 1634 Ficus
1125 1584 1196 1639 etro

147 1659 301 1738 praecocis
324 1658 412 1719 babet
434 1677 505 1738 quas
527 1658 651 1719 Athenis
672 1656 845 1736 prodromos
866 1667 982 1718 vocant.
1014 1659 1043 1717 in
1058 1657 1157 1720 Laco-

145 1745 212 1804 nico
230 1759 342 1820 genere
357 1761 490 1802 maxume
506 1753 570 1802 suut
587 1751 617 1801 et
632 1743 745 1802 biferae
761 1743 789 1800 iu
805 1741 917 1802 iisdem.

103 1839 154 1892 114
222 1828 272 1887 27.
285 1827 368 1906 (50.)
385 1824 417 1886 ln
427 1824 487 1885 Cea
499 1827 592 1886 insula
602 1827 730 1904 caprifici
743 1826 862 1890 triferae
878 1834 952 1885 sunt.
979 1827 1073 1904 primo
1087 1825 1156 1887 fetu

146 1929 272 1990 sequens
295 1919 450 1985 evocatur,
474 1911 607 1989 sequenti
628 1911 740 1969 tertius.
778 1909 834 1969 hcc
858 1911 905 1969 lici
934 1911 1157 1988 caprificantur.

145 2005 174 2055 et
191 1993 320 2072 caprifici
336 2002 430 2053 antem
447 1994 483 2053 ab
501 1994 632 2054 adversis
648 1993 728 2053 foliis
743 2002 908 2054 nascuntur.
939 1994 1057 2054 biferae
1074 2005 1106 2055 et
1125 1995 1156 2056 in
1168 2019 1194 2060 ec

145 2078 227 2137 malis
244 2095 278 2136 ac
295 2079 365 2156 piris
382 2077 533 2156 quaedam,
550 2079 625 2137 sicut
641 2087 670 2138 et
687 2095 861 2156 praecoces.
892 2078 984 2138 malus
1002 2079 1157 2141 silvestris

144 2161 246 2220 bifera.
286 2178 412 2239 sequeus
442 2163 504 2222 eius
524 2161 634 2222 fructus
653 2171 720 2240 post
742 2171 886 2222 arcturum
906 2164 935 2222 in
957 2163 1066 2241 apricis
1089 2181 1156 2225 ma-

102 2259 255 2310 llbxume.
286 2245 368 2304 Vites
387 2246 502 2324 quidem
525 2255 554 2306 et
576 2247 697 2306 triferae
716 2255 798 2322 sunt,
820 2263 892 2325 quas
916 2246 954 2306 cb
979 2249 1008 2308 id
1030 2249 1156 2310 insanas

145 2339 261 2410 vocant,
278 2331 413 2409 quoniam
427 2329 455 2388 in
470 2331 506 2390 iis
521 2330 576 2390 alia
591 2339 798 2407 maturescunt,
817 2332 872 2390 alia
890 2341 1072 2408 turgescunt,
1091 2333 1156 2394 alia

143 2415 256 2475 florent.
290 2413 430 2474 lll.Varro
446 2424 546 2475 auctor
562 2423 607 2474 est
622 2416 710 2475 vitem
725 2415 816 2475 fuisse
833 2415 975 2490 Zmyrnae
993 2416 1070 2494 apud
1086 2415 1154 2478 bia-
1164 2435 1192 2478 as

143 2510 216 2560 trem
233 2509 299 2558 ante
314 2498 436 2559 biferam
450 2509 480 2558 et
495 2499 599 2559 malum
620 2499 649 2557 in
669 2516 741 2576 agro
759 2496 947 2560 Consentino.
976 2500 1034 2561 boc
1049 2509 1155 2561 autem

101 2609 169 2652 nna
183 2585 279 2643 evenit
294 2593 437 2663 perpetuo
459 2585 488 2642 in
503 2582 666 2661 Tacapensi
686 2583 805 2643 Africae
827 2600 916 2660 agro,
934 2583 970 2644 de
987 2601 1043 2663 quo
1061 2585 1154 2663 plura

143 2667 223 2727 alias.
251 2687 285 2728 ea
303 2677 348 2727 est
364 2668 419 2728 soli
435 2668 577 2730 fertilitas.
601 2665 714 2728 Trifera
731 2676 817 2727 estet
831 2685 998 2746 cupressus.
1021 2687 1153 2748 namque

142 2750 233 2813 bacae
250 2754 311 2812 eins
329 2751 504 2828 colliguntur
521 2769 621 2810 mense
637 2750 767 2812 ianuario
787 2761 816 2810 et
828 2749 904 2812 llaio
921 2761 951 2812 et
965 2753 1151 2832 Septembri,

100 2844 317 2915 llbternasque
336 2853 433 2895 earum
454 2837 531 2912 gerit
546 2834 767 2912 magnitudines.
798 2833 852 2894 Est
873 2853 945 2896 vero
970 2845 1000 2896 et
1023 2839 1051 2896 iu
1072 2839 1191 2916 ipsisao

141 2919 294 2979 arboribus
322 2919 405 2978 etiam
430 2921 540 2988 onustis
567 2919 724 2998 peculiaris
751 2918 923 2980 differentia.
963 2939 1074 2982 summa
1101 2925 1153 2983 sui

141 3013 223 3080 parte
246 3003 405 3063 fertiliores
428 3003 561 3082 arbutus,
584 3021 727 3083 quercus,
749 3003 888 3064 inferiore
904 3005 1074 3082 iuglandes,
1100 3007 1152 3067 lici

139 3089 291 3147 mariscae.
323 3104 423 3147 omnes
439 3104 496 3166 quo
519 3089 611 3164 magis
628 3097 783 3147 senescunt
805 3088 861 3147 hcc
882 3092 1019 3148 maturius
1036 3091 1150 3168 ierunt,

140 3181 169 3232 et
191 3175 220 3232 in
239 3172 345 3249 apricis
367 3171 442 3231 locis
463 3189 518 3230 nec
538 3173 638 3249 pingui
655 3180 742 3231 terra.
775 3171 957 3232 siluestriora
973 3176 1069 3234 omnia
1085 3183 1150 3234 tar·

139 3255 229 3316 diora.
264 3256 404 3334 quaedam
421 3275 458 3316 ex
472 3255 516 3315 bis
535 3257 649 3315 omnino
667 3271 722 3314 nec
738 3262 944 3316 maturescunt.
979 3259 1050 3318 item
1066 3276 1148 3337 quae
1161 3277 1191 3321 as

139 3340 313 3400 subarantur·
327 3348 375 3399 aut
391 3358 465 3419 quae
481 3338 690 3418 ablaqueantur
712 3337 856 3398 celeriora
878 3341 1034 3417 neglectis.
1067 3343 1150 3404 hacc

94 3481 97 3486 ,
139 3423 334 3484 etiertiliora.

97 3513 146 3568 117
222 3508 304 3587 (51.)
338 3507 391 3566 Est
405 3508 556 3568 etiamnum
572 3507 674 3566 aetatis
689 3505 861 3567 differentia.
895 3509 1050 3587 amygdala
1066 3511 1151 3572 enim
