2396 3922
39 202 44 210 ’
99 205 104 219 “
179 228 236 290 158
528 238 558 288 c.
573 239 668 287 auron
682 239 832 288 sncunnr

174 409 248 454 anno
261 392 340 454 urbis
354 392 501 454 DXVllll.
531 394 636 454 Boario
650 411 721 453 vero
736 395 765 452 in
778 394 844 453 foro
857 390 1001 456 Graecum
1012 392 1149 454 Graecan-

174 496 230 556 que
245 477 381 538 defossos
397 487 444 536 aut
458 478 577 538 aliarum
596 478 724 554 gentium
741 495 804 536 cum
824 475 928 553 quibus
947 486 1006 536 turn
1022 487 1154 537 recesset

174 562 259 620 etiam
276 570 375 620 nostra
394 570 474 622 aetas
499 561 576 621 vidit.
607 561 687 619 cuius
708 561 783 620 sacri
801 560 1001 638 precationem
1018 577 1073 638 qua
1089 561 1154 620 solet

172 644 290 721 praeire
306 642 566 720 quindecemvirum
582 643 698 718 conlegi
713 644 851 719 magister
866 645 891 700 si
907 643 973 719 quis
987 643 1084 719 legat,
1099 661 1149 720 pro

174 727 253 787 fecto
270 728 326 786 vim
344 729 497 786 carminum
511 727 649 802 fateatur,
670 730 763 784 omnia
778 744 812 785 ea
829 725 1062 801 adprobantibus
1079 727 1173 786 octins

133 822 168 875 13
178 818 330 887 gentorum
346 811 458 885 triginta
468 827 607 870 annorum
622 808 781 870 eventibus.
806 809 935 868 Vestalis
952 818 1070 868 nostras
1082 807 1153 868 bodie

176 893 317 954 credimus
331 891 453 952 nondum
468 910 588 969 egressa
611 892 682 952 urbe
698 893 836 970 mancipia
855 892 978 967 fugitiva
993 893 1121 951 retinere
1136 894 1156 950 in

107 993 112 1006 ’
175 978 242 1037 loco
261 975 490 1054 precationibus,
507 993 578 1052 cum,
593 977 617 1034 si
632 975 723 1034 semel
737 977 892 1053 recipiatur
908 993 944 1034 ea
960 979 1037 1034 ratio
1054 984 1084 1034 et
1099 975 1157 1034 deos

129 1069 131 1076 '
176 1078 280 1139 preces
297 1060 407 1138 aliquas
423 1057 558 1118 exaudire
572 1067 619 1118 aut
633 1059 690 1118 illis
711 1061 821 1118 moveri
836 1057 951 1134 verbis,
975 1059 1157 1118 confitenda!

175 1145 212 1202 sit
229 1142 266 1202 de
287 1151 346 1202 tota
361 1143 552 1200 coniectione.
582 1143 671 1219 prisci
691 1142 804 1218 quidem
818 1143 911 1201 nostri
933 1151 1084 1219 perpetuo
1106 1143 1189 1201 talitro

177 1225 340 1301 credidere,
356 1223 610 1302 difficillimumque
624 1243 662 1284 ex
676 1224 720 1283 bis
739 1228 821 1284 etiam
836 1223 955 1284 fulmina
971 1226 1054 1302 elici,
1073 1235 1104 1284 ut
1120 1243 1160 1284 suo

140 1331 158 1371 ε,
171 1329 206 1364 uo
218 1310 285 1369 loco
302 1308 460 1368 docuimus.

134 1402 168 1456 14
240 1393 301 1469 (4.)
324 1391 355 1452 L.
376 1391 443 1452 Piso
457 1393 548 1470 primo
563 1390 703 1452 annalium
719 1399 819 1450 auctor
834 1400 878 1450 est
889 1391 1008 1452 Tullum
1019 1391 1162 1452 Hostilius

175 1493 276 1553 regem
301 1493 339 1534 ex
355 1475 467 1534 ‘Numae
489 1475 571 1534 libris
593 1474 696 1534 eodem
715 1492 771 1551 quo
798 1475 877 1535 illum
901 1476 1054 1535 sacrificio
1078 1474 1163 1535 loven

178 1559 260 1619 caelo
276 1557 420 1618 devocare
436 1568 576 1633 conatum,
593 1560 724 1635 quoniam
741 1576 838 1636 parum
854 1560 908 1616 rite
922 1559 1073 1635 quaedam
1089 1558 1188 1618 feciers

177 1652 232 1718 set,
247 1642 363 1701 fulmine
375 1644 471 1717 ictum,
482 1641 562 1701 multi
575 1659 646 1700 vero
658 1659 822 1718 magnarum
836 1659 931 1700 rerum
943 1647 1003 1702 fata
1018 1651 1050 1701 et
1059 1649 1164 1700 ostenta

136 1737 168 1789 15
180 1725 276 1785 verbis
293 1727 456 1802 penautari.
486 1742 549 1784 cum
567 1725 595 1782 in
610 1725 734 1802 Tarpeio
756 1724 900 1784 fodientes
922 1724 1052 1784 delubro
1076 1723 1164 1784 funda·

176 1818 271 1868 menta
286 1817 372 1885 caput
386 1807 535 1868 humanum
551 1808 743 1882 invenissent,
764 1809 858 1866 missis
877 1807 915 1866 ob
937 1809 1023 1868 idad
1039 1827 1074 1869 se
1096 1807 1165 1883 lega

177 1895 214 1951 tis
234 1891 366 1950 Etruriae
390 1890 597 1950 celeberrimus
617 1900 699 1951 vates
716 1890 824 1980 Olenus
839 1889 966 1952 Calenus
987 1891 1166 1970 praeclarum

176 1976 205 2034 id
234 1975 464 2050 fortunatumque
492 1991 614 2033 cernens
640 1977 865 2050 interrogatione
889 1977 919 2034 in
949 1993 1033 2034 suam
1056 1983 1191 2050 gentenrt

178 2055 334 2116 transferre
349 2057 497 2133 temptavit
507 2059 635 2136 scipione
649 2058 833 2118 determinata
844 2059 922 2134 prius
935 2058 1040 2136 templi
1048 2058 1165 2132 imagine

177 2139 281 2198 insolo
298 2147 362 2196 ante
378 2156 425 2200 se:
460 2139 536 2199 Hoc
556 2158 645 2217 ergo
661 2141 803 2217 dicitis,
823 2141 991 2215 Romani,
1006 2141 1071 2200 hic
1088 2150 1166 2200 tem·

180 2220 1166 2304 plumlovisoptumimaxumifuturumest,lriccapnt

178 2304 405 2366 invenimus?
437 2308 664 2367 constantissima
688 2307 829 2366 annalium
847 2307 1049 2367 adfirmatione
1073 2308 1165 2367 mansi·

178 2399 270 2449 turum
285 2389 374 2448 fuisse
391 2390 478 2450 fatum
498 2392 526 2450 iu
540 2390 698 2466 Etruriam,
726 2392 754 2448 ni
778 2391 947 2468 praemoniti
971 2408 989 2449 a
1011 2390 1077 2449 filio
1100 2392 1187 2449 vatisa

71 1529 93 1558 Χ

179 2473 269 2549 legati
284 2473 517 2551 respondissent:
539 2473 616 2534 Non
639 2474 749 2551 plane
776 2473 835 2532 bic
861 2474 926 2533 sed
953 2475 1098 2533 Romae
1122 2475 1164 2532 iu-

139 2567 171 2628 16
182 2565 324 2616 ventum
340 2565 448 2634 caput
464 2555 627 2616 dicimus.
648 2560 749 2616 iterum
765 2556 792 2616 id
803 2557 945 2616 accidisse
965 2557 1095 2631 tradunt,
1112 2573 1165 2615 cun

179 2642 207 2698 in
224 2639 366 2724 fastigium
382 2640 509 2698 eiusdem
520 2638 632 2698 delubri
642 2648 830 2717 praeparatae
846 2639 1005 2717 quadrigae
1022 2641 1132 2700 fictiles
1143 2639 1166 2696 in

180 2723 299 2784 fornace
322 2725 495 2798 crevissent,
520 2723 621 2782 iterum
641 2723 725 2782 sirnili
745 2723 830 2782 modo
850 2731 993 2782 retentum
1009 2725 1166 2799 augurium.

139 2814 170 2868 17
182 2805 261 2864 llaec
273 2807 341 2879 satis
362 2807 417 2865 sint
437 2805 577 2884 exemplis
595 2813 625 2863 ut
642 2805 779 2884 adpareat
800 2815 979 2865 ostentorum
999 2808 1076 2865 viris
1099 2816 1127 2865 et
1143 2809 1191 2864 inu

180 2895 278 2946 nostra
293 2896 436 2964 potestate
453 2907 520 2948 esse
540 2906 573 2948 ao
594 2897 678 2965 prout
694 2906 825 2966 quaeque
844 2899 967 2968 accepta
987 2891 1048 2948 sint
1069 2892 1111 2949 ita
1126 2907 1166 2948 vu·

179 2969 251 3028 lere.
276 2972 305 3028 iu
318 2988 455 3047 augurum
473 2979 552 3049 certe
568 2970 717 3049 disciplina
735 2980 848 3031 constat
860 2991 957 3050 neque
980 2972 1062 3032 diras
1078 2989 1168 3049 neque

180 3051 237 3112 ulla
250 3055 376 3131 auspicia
394 3055 538 3132 pertinere
555 3053 589 3114 ad
604 3071 656 3112 eos
671 3056 717 3132 qui
733 3073 873 3132 quamque
894 3073 957 3114 rem
972 3056 1166 3132 ingredientes

179 3133 356 3194 observasse
372 3154 406 3194 ea
423 3138 606 3212 negaverint,
629 3154 686 3214 quo
706 3155 824 3198 munere
842 3138 957 3198 divinae
972 3139 1165 3215 indulgentiae

180 3216 270 3275 rrraius
285 3217 390 3276 nullum
407 3227 461 3277 est.
497 3215 583 3296 quid?
610 3235 667 3278 nou
691 3228 720 3278 et
742 3221 838 3296 legum
860 3221 991 3300 ipsarum
1012 3223 1043 3280 in
1066 3222 1191 3281 duodece

182 3300 236 3357 cim
258 3299 361 3360 tabulis
383 3298 473 3360 verba
492 3309 572 3360 sunt:
603 3304 663 3379 qui
692 3303 823 3380 fruges
852 3306 1116 3379 excantassit,
1142 3313 1168 3362 et

140 3379 264 3443 laalibi:
295 3380 915 3458 quimalumcarmeninoantassit?
947 3387 1074 3448 Verrius
1088 3388 1166 3448 fllac-

183 3478 232 3518 cus
252 3473 385 3523 auctores
405 3464 486 3540 ponit
508 3465 610 3542 quibus
634 3468 732 3530 credat
760 3470 788 3529 in
815 3471 1086 3550 oppugnationibus
1109 3478 1167 3532 ante
