2458 3906
125 227 185 290 192
445 238 475 286 c.
492 239 589 286 rnrur
604 237 753 286 snouunr

95 285 113 314 ,Ι

92 325 102 342 x

122 396 236 472 iubent,
252 395 305 456 sed
318 393 427 456 Citieus
443 412 543 454 semen
561 413 599 454 ex
614 411 687 473 aqua
702 395 812 468 tritum,
829 391 1003 452 Tarentinus
1019 403 1149 450 sucum.

123 482 229 543 lienem
250 481 318 540 item
340 488 511 554 extenuant,
534 479 656 539 iocineri
678 485 799 556 prosunt
821 485 850 536 et
864 475 1036 536 lumborum.
1050 473 1150 534 dolo·

123 564 218 640 ribus,
232 565 401 643 hydropicis
417 580 533 643 quoque
549 579 586 622 ex
598 571 683 622 aceto
699 570 747 621 aut
757 563 851 640 sinapi
862 561 967 639 sumpti
979 567 1009 618 et
1022 557 1148 618 letbar-

79 650 197 726 hdgicis
219 656 248 707 et
271 648 461 708 comitialibus
479 657 508 707 et
527 646 755 706 melancholicis.
786 644 971 723 Praxagoras
990 651 1022 702 et
1038 642 1150 702 iliosis

124 733 234 794 dandos
250 742 367 809 censet,
390 731 565 792 Plistonicus
588 740 617 791 et
638 730 787 790 coeliacis.
818 729 1022 790 intestinorum
1046 729 1175 786 etiams

123 817 223 878 ulcera
249 826 349 878 sanant
379 835 413 876 ae
435 814 587 894 purulenta
609 814 865 893 praecordiorum,
894 813 919 872 si
947 829 1013 872 cum
1043 810 1150 872 melle

123 901 253 962 edantur.
284 901 397 982 quidam
413 899 538 960 adhaec
554 916 683 977 coquere
699 915 753 958 eos
767 899 796 957 in
813 898 874 958 luto
889 897 1018 970 malunt,
1044 896 1096 955 sic
1115 903 1151 954 et

122 987 243 1046 feminas
259 987 386 1063 purgari.
419 1003 456 1044 ex
471 993 555 1044 aceto
572 992 601 1042 et
618 983 706 1043 melle
724 983 829 1062 sumpti
851 981 1058 1041 intestinorum
1076 979 1149 1040 ani·

123 1069 207 1130 malie
232 1069 402 1144 detrahunt,
425 1068 511 1128 iidem
531 1067 567 1127 ad
587 1068 688 1127 tertias
709 1067 835 1127 decocto
856 1083 959 1126 eorum
975 1073 1052 1143 poto
1070 1081 1150 1123 cum

123 1155 190 1214 vino
214 1153 419 1214 enterocelicis
441 1161 578 1230 prosunt,
605 1151 772 1229 sanguinem
796 1168 913 1231 quoque
936 1149 1072 1208 inutilem
1096 1148 1194 1208 sicto.

80 1244 114 1300 at
125 1237 286 1297 extrahunt.
311 1235 423 1297 Medius
435 1236 471 1296 ad
483 1237 557 1297 haec
569 1244 598 1295 ct
609 1237 775 1312 sanguinem
788 1232 1012 1294 exscreantibus
1027 1241 1150 1292 coctos

124 1321 185 1381 dari
199 1319 295 1396 iubet,
319 1329 347 1380 et
362 1321 516 1400 puerperis
537 1319 572 1380 ad
588 1319 672 1379 laetis
687 1321 801 1397 copiam
819 1318 998 1396 aagendam,
1017 1316 1148 1396 Hippo·

89 1454 93 1464 .
125 1413 220 1465 crates
245 1406 347 1484 capitis
368 1404 519 1466 mulierum
545 1404 669 1464 deiluvia
690 1405 789 1464 fricari
807 1403 959 1482 raphanis,
988 1412 1019 1462 et
1042 1419 1149 1480 super

124 1487 288 1549 umbilicum
310 1489 409 1568 inponi
427 1498 528 1549 contra
542 1497 683 1548 tormenta
699 1486 815 1548 volvae.
845 1487 989 1547 reducunt
1005 1495 1038 1546 et
1055 1487 1147 1546 cica-

124 1574 227 1633 tricem
249 1572 283 1633 ad
307 1573 448 1634 colorem.
481 1591 581 1633 semen
603 1590 719 1652 quoque
736 1590 774 1632 ex
791 1589 865 1650 aqua
883 1572 1042 1650 inpositurn
1057 1570 1150 1630 sistit
1160 1584 1186 1625 15

81 1656 224 1720 aduleera
246 1674 320 1735 quae
342 1658 549 1736 phagedaenas
567 1667 682 1717 vocant.
708 1655 894 1716 Democritus
909 1673 1055 1714 venerem
1078 1655 1149 1714 hoc

124 1740 190 1802 cibo
205 1741 344 1802 stimulari
362 1750 458 1820 putat,
481 1741 519 1801 ob
534 1741 562 1801 id
578 1740 712 1801 fortassis
726 1742 794 1800 voci
809 1757 920 1801 nocere
937 1739 1027 1818 aliqui
1045 1739 1147 1799 tradi·

125 1825 236 1886 derunt.
266 1825 337 1886 iolia
353 1844 428 1905 quae
444 1829 473 1885 in
489 1825 625 1903 oblongis
644 1825 789 1886 dumtaxat
804 1833 978 1900 nascuntur,
997 1824 1146 1884 excitare

125 1909 277 1969 oculorum
298 1911 391 1969 aciem
412 1909 559 1984 dicuntur,
582 1908 631 1968 ubi
644 1926 717 1970 vero
734 1910 831 1969 acrior
843 1909 965 1988 raphani
984 1907 1147 1968 medicina

125 1992 239 2053 admota
259 1993 311 2068 sit,
332 1992 476 2072 hysopum
501 1993 561 2054 dari
585 1994 716 2071 protinus
737 1994 888 2072 imperant.
922 1992 997 2052 haec
1017 1993 1185 2072 antipa-ao

124 2076 181 2135 thia
203 2084 257 2135 est.
287 2079 445 2139 staurium
469 2079 603 2156 gravitati
624 2095 723 2138 sucum
741 2077 861 2156 raphani
885 2077 1035 2137 instillant.
1067 2095 1145 2136 nam

123 2160 274 2219 vomituris
292 2179 401 2222 summo
419 2160 485 2222 cibo
505 2179 573 2221 esse
591 2178 643 2220 eos
658 2161 837 2222 utilissimum
854 2171 909 2222 est.

81 2253 116 2307 29
182 2243 266 2323 (14.)
289 2244 458 2306 Pastinacae
473 2246 566 2305 simile
581 2245 737 2320 hibiscum,
756 2246 834 2324 quod
848 2246 1006 2307 molochen
1018 2247 1146 2324 agriam

124 2337 230 2387 vocant
246 2337 274 2387 et
291 2329 380 2409 aliqui
397 2328 681 2408 clerumauxerunt,
697 2329 863 2406 ulceribus,
881 2331 1067 2409 cartilagini,
1088 2349 1144 2391 os·

125 2411 204 2472 sibus
218 2411 319 2473 tractis
333 2413 472 2474 medetur.
499 2414 569 2474 lolia
585 2415 648 2473 eius
663 2431 700 2473 ex
715 2432 789 2492 aqua
804 2423 874 2492 pota
889 2415 986 2475 alvom
999 2415 1144 2492 solvont,
1155 2437 1184 2479 as

124 2497 269 2574 serpentis
284 2496 412 2575 abigunt,
428 2499 522 2577 apium
532 2544 541 2573 ,
553 2515 719 2576 vesparum,
735 2497 907 2558 crabronum
922 2499 1032 2558 ictibus
1052 2499 1146 2560 inlita

123 2580 283 2641 medentur.
316 2582 444 2642 radicem
467 2583 528 2642 eius
549 2590 615 2641 ante
636 2582 708 2642 solis
731 2591 823 2643 ortum
845 2592 957 2644 erutarn
976 2583 1146 2644 involvent

124 2665 189 2726 lana
207 2665 315 2725 coloris
330 2683 415 2744 quem
429 2667 554 2725 nativom
569 2675 691 2742 uocant,
708 2675 865 2745 praeterea
882 2668 947 2727 ovis
959 2685 1036 2746 quae
1049 2667 1143 2728 lerni-

124 2767 188 2808 nam
207 2751 337 2828 peperit,
356 2751 529 2828 strumisque
545 2748 593 2808 vel
608 2751 773 2828 suppuratis
791 2751 929 2828 adligant.
961 2751 1083 2831 quidam
1101 2752 1145 2814 ad

124 2832 199 2892 hunc
221 2852 301 2894 usum
320 2851 390 2894 auro
413 2833 604 2894 effodiendam
619 2843 755 2914 censent,
777 2834 999 2914 cavendumque
1014 2855 1055 2896 ne
1072 2845 1141 2896 ter·
1153 2853 1183 2896 ao

124 2934 184 2976 ram
201 2918 331 2995 attingat.
358 2915 463 2979 Celsus
482 2927 511 2978 et
525 2918 664 2996 podagris
682 2937 756 2997 qnae
775 2920 837 2978 sine
855 2928 969 2980 tumore
983 2921 1041 2981 sint
1056 2921 1143 2982 radi-

126 3019 189 3061 cem
206 3002 268 3060 eius
283 3003 311 3060 in
326 3003 393 3061 vino
409 3001 561 3062 decoctam
579 3003 677 3080 inponi
692 3003 781 3066 iubet.

81 3093 117 3148 30
182 3087 211 3146 5.
226 3087 309 3165 (15.)
327 3084 458 3145 Alterum
473 3104 566 3163 genus
583 3095 627 3146 est
642 3086 839 3165 staphylinos,
859 3086 939 3167 quod
950 3089 1143 3168 pastinacam

125 3170 277 3230 erraticam
290 3178 405 3229 vocant.
437 3171 498 3229 eius
514 3187 614 3230 semen
629 3172 780 3232 contritum
797 3180 827 3230 et
840 3172 869 3231 in
884 3172 953 3232 vino
971 3183 1075 3251 potum
1092 3183 1141 3234 tu-

123 3263 247 3314 mentem
262 3254 357 3313 alvom
374 3261 403 3312 et
419 3253 625 3314 suffocationes
641 3255 790 3316 mulierum
805 3254 986 3335 doloresque
1010 3257 1086 3317 lenit
1109 3260 1141 3318 iu
1151 3279 1179 3323 se

124 3347 230 3397 tantum
255 3347 285 3397 ut
306 3336 408 3397 volvas
432 3338 573 3417 corrigat,
603 3339 713 3399 inlitum
734 3357 850 3419 quoqne
877 3357 894 3398 e
915 3358 1006 3420 passo
1036 3343 1141 3403 ventri

125 3439 222 3481 earum
239 3422 348 3500 prosit,
373 3429 402 3480 et
422 3422 492 3480 viris
509 3439 580 3482 vero
596 3424 689 3502 prosit
706 3442 769 3484 cum
784 3425 867 3503 panis
881 3425 1021 3504 portione
1038 3445 1142 3506 aequa

122 3506 218 3564 tritum
243 3523 281 3564 ex
299 3505 367 3564 vino
388 3513 486 3583 potum
503 3515 603 3567 contra
620 3508 728 3567 ventris
744 3508 873 3569 dolores.
922 3510 1010 3589 pellit
1026 3520 1059 3570 et
1076 3513 1142 3572 uri-
