2406 3914
125 247 186 306 270
485 253 515 302 c.
532 253 628 300 ecum
643 251 793 300 securint

123 429 208 490 aqua.
245 411 372 470 inlinitur
390 409 503 489 plagis,
532 407 720 486 peculiariter
746 405 852 466 efficax
880 413 983 464 contra
1013 403 1132 479 chersy-

125 496 194 556 dros
215 513 251 554 ac
271 511 364 554 ranas.
402 510 475 552 vero
492 491 623 551 omnibns
646 499 746 551 contra
763 491 860 550 toxica
882 497 913 549 et
933 489 1053 548 aconita
1074 488 1133 548 elli·

125 581 271 640 eaciorem
290 576 462 638 lleraclides
481 575 612 635 medicus
628 575 658 634 in
673 577 737 634 iure
758 575 870 634 anseris
886 573 1043 634 decoctam
1060 571 1133 631 erbi-

83 673 116 728 19
126 671 226 722 tratur.
260 661 462 740 Apollodoms
476 660 617 720 adversus
633 661 732 718 toxica
747 676 810 718 cum
824 675 894 718 rana
908 657 1063 735 decoquit,
1087 674 1133 716 ce·

124 749 179 807 teri
196 748 225 805 in
241 762 326 824 aqua.
361 747 425 824 ipsa
440 744 526 819 dura,
548 744 699 817 fruticosa,
719 743 846 821 spinosis
866 741 956 814 loliis,
981 740 1069 801 caule
1084 758 1154 817 ger

123 831 268 905 nicolato,
296 828 413 890 cubitali
439 837 468 888 et
492 829 601 888 maiore
628 828 792 906 aliquanto,
818 825 875 886 alia
900 824 1052 900 albicans,
1081 824 1135 884 alia

123 915 216 991 nigra,
236 913 336 974 radice
352 915 483 987 odorata,
497 921 527 971 et
540 913 632 972 sativa
648 911 763 990 quidem
777 919 834 987 est,
848 908 902 970 sed
918 917 1027 987 sponte
1043 909 1134 967 nasci·

122 1000 213 1058 turin
232 997 346 1076 asperis
363 1005 393 1057 et
408 997 523 1056 saxosis
543 1005 573 1055 et
587 996 616 1054 in
631 995 763 1055 litoribus
785 995 872 1054 maris
890 993 992 1053 durior
1010 993 1135 1069 nigrior·

124 1099 197 1161 quc,
219 1081 292 1142 iolio
309 1081 367 1159 api.
1027 1102 1031 1111 ¹

81 1177 116 1230 20
189 1166 218 1228 8.
242 1162 304 1243 (9.)
327 1163 373 1223 Er
397 1165 442 1223 his
464 1164 613 1224 candidam
639 1163 730 1222 nostri
756 1171 870 1222 centmn
894 1161 991 1240 capita
1016 1167 1166 1221 vocantis

125 1267 225 1308 omnes
252 1247 382 1308 eiusdem
399 1248 539 1324 effectus,
562 1247 646 1308 caule
669 1254 701 1306 et
725 1246 824 1306 radice
843 1247 872 1304 in
898 1244 983 1304 cibos
1004 1242 1135 1304 Graeco·

123 1351 185 1392 rum
201 1333 331 1410 receptis
349 1341 471 1411 unoque
494 1330 598 1407 modo,
621 1332 684 1390 sivc
701 1347 831 1408 coquere
849 1329 940 1389 libeat
960 1328 1027 1387 sive
1047 1328 1135 1386 cruda

124 1417 216 1476 vesci.
253 1425 453 1494 portentosum
472 1425 517 1475 est
538 1414 616 1492 quod
632 1414 670 1474 de
694 1432 729 1474 ea
751 1415 892 1492 traditur,
914 1412 1049 1473 radicem
1074 1413 1136 1471 eius

122 1501 289 1560 alterutrius
306 1517 394 1559 sexus
417 1499 628 1559 similitudinem
641 1498 772 1574 referre,
791 1515 859 1559 raro
878 1499 1015 1572 inventu,
1039 1495 1094 1555 scd
1112 1495 1136 1553 si

124 1585 195 1643 viris
215 1585 370 1661 contigerit
384 1601 462 1660 mas,
484 1582 613 1644 amabilis
628 1581 701 1642 lieri.
745 1582 783 1641 ob
799 1582 858 1642 hcc
872 1590 903 1641 et
916 1580 1069 1640 Phaonem
1084 1577 1166 1638 hers

125 1667 218 1726 sbium
233 1667 370 1727 dilectum
385 1686 401 1728 a
416 1667 547 1746 Sappho,
563 1666 651 1726 molta
673 1667 751 1726 cirea
765 1666 824 1726 hoc
839 1683 898 1725 non
912 1663 1071 1741 blagorum
1090 1681 1136 1722 so·

82 1762 114 1814 21
126 1751 183 1810 lum
203 1753 331 1811 vanitate
353 1751 509 1812 sedetiam
529 1751 798 1827 Pythagoricorum.
832 1750 886 1810 sed
905 1751 935 1808 in
948 1748 1070 1808 medico
1085 1764 1136 1806 usn

125 1844 243 1914 praeter
257 1853 346 1914 supra
362 1834 439 1896 dicta
454 1835 607 1896 auxiliator
623 1833 833 1911 inflationibus,
855 1833 1047 1909 torminibus,
1073 1847 1136 1891 cor·

125 1919 169 1979 dis
188 1919 282 1994 vitiis,
306 1919 474 1995 stomacho,
497 1919 635 1993 iocineri,
665 1917 846 1996 praecordiis
871 1919 901 1976 in
926 1935 1003 1995 aqua
1032 1915 1135 1989 mulsa,

125 2003 194 2062 lieni
209 2003 237 2061 in
251 2019 362 2080 posca,
384 2005 453 2061 item
469 2021 506 2062 ex
521 2003 612 2062 mulsa
626 2001 756 2078 renibus,
778 2003 980 2078 stranguriae,
1003 1999 1166 2080 opistho-at

125 2087 217 2160 tonis,
241 2087 383 2164 spasmis,
405 2086 524 2162 lumbis,
547 2087 727 2164 hydropicis,
752 2084 963 2160 comitialibus,
983 2085 1138 2144 mulierum

124 2167 289 2244 mensibus,
309 2171 371 2228 sive
388 2169 535 2230 subsidant
555 2172 618 2228 sive
634 2169 792 2247 abundent,
813 2169 1029 2248 volvarumque
1048 2168 1137 2228 omni·

83 2252 181 2314 ttbus
204 2253 292 2312 vitiis.
326 2253 554 2314 extrahitinlixa
572 2255 690 2332 corpori
707 2271 771 2312 com
785 2253 883 2313 melle.
923 2262 1069 2329 strumas,
1090 2269 1137 2330 pa-

125 2335 244 2411 rotidas,
263 2352 366 2414 panos,
388 2337 553 2396 recedentis
568 2336 605 2396 ab
622 2336 738 2396 ossibus
756 2338 850 2397 carnis
867 2345 950 2398 sanat
966 2355 1034 2396 cum
1050 2353 1137 2396 axun-

124 2421 173 2496 gia
198 2419 275 2480 salsa
302 2427 332 2479 et
359 2428 476 2496 cerato,
496 2423 564 2479 item
592 2420 744 2482 fracturas.
776 2421 925 2499 crapulam
947 2427 1168 2500 praesumptam

126 2513 222 2580 arcet,
244 2504 339 2564 alvom
356 2504 439 2563 sistit.
472 2504 560 2580 aliqui
575 2521 592 2562 e
608 2505 715 2563 nostris
732 2503 786 2564 sub
804 2505 932 2564 solstitio
954 2503 1061 2582 colligi
1076 2522 1139 2564 eam

125 2589 248 2647 iussere.
275 2605 313 2646 ex
326 2605 400 2665 aqua
414 2587 537 2646 caelesti
551 2588 650 2665 inponi
667 2587 800 2647 omnihus
816 2589 942 2648 cervicis
959 2589 1137 2664 vitiis,·ocu-

125 2671 218 2730 lorum
235 2687 351 2750 quoque
366 2670 519 2747 albugines
534 2687 638 2729 sanare
653 2667 838 2750 adalligatam
852 2667 1048 2732 tradide'runt.

83 2764 118 2818 23
192 2757 222 2816 9.
245 2752 328 2836 (10.)
352 2755 423 2814 Sunt
439 2755 487 2832 qui
503 2762 533 2811 et
552 2770 671 2813 acanurn
687 2756 809 2833 eryngio
827 2755 1017 2833 adscribant,
1041 2758 1137 2835 spino·

125 2855 185 2898 sarn
205 2837 383 2915 brevemque
398 2856 434 2897 ac
451 2837 547 2897 latam·
557 2837 676 2897 herbam
695 2839 846 2918 spinisque
861 2839 1031 2900 latioribus.
1066 2841 1169 2900 hancce

125 2922 279 3000 inpositam
294 2923 461 2996 sangninem
477 2923 548 2980 mire
564 2923 679 2981 sistere.

82 3014 117 3066 at
191 3001 271 3086 (11.)
295 3003 354 3063 Alii
372 3021 502 3083 eryngen
523 3004 598 3064 falso
624 3006 744 3066 eandem
768 3015 912 3085 putavere
929 3025 1002 3067 esse
1026 3016 1058 3067 et
1076 3007 1138 3085 gly-

126 3087 301 3163 cyrrhizam,
324 3103 413 3165 quare
429 3089 563 3166 subiungi
579 3107 643 3148 earn
658 3091 788 3167 protinus
808 3090 911 3150 refert.
947 3101 978 3151 et
993 3093 1062 3170 ipsa
1077 3091 1138 3152 siue

125 3169 211 3232 dubio
229 3171 304 3229 inter
325 3171 473 3232 aculeatas
494 3182 554 3250 est,
580 3172 663 3232 iuliis
681 3174 839 3253 echinatis,
863 3175 1025 3253 pinguibus
1047 3184 1138 3237 tactu·

126 3271 182 3333 que
199 3253 391 3328 cummiuosis,
414 3254 563 3330 fruticosa,
585 3255 680 3315 binum
697 3257 858 3318 cubitorum
875 3259 1043 3338 altitudine,
1064 3259 1169 3320 floreo

124 3335 287 3412 hyacinthi,
309 3335 404 3395 fructu
424 3338 576 3415 pilularum
597 3339 704 3418 platani
726 3342 944 3419 magnitudinis.
984 3353 1138 3422 praestan-

126 3420 235 3478 tissima
249 3419 277 3477 in
292 3415 411 3494 (illicia,
429 3421 557 3481 secunda
573 3422 681 3499 Ponto,
702 3425 804 3486 'radice
816 3427 911 3502 dulei,
936 3427 1062 3487 ethaeo
1080 3437 1137 3486 tan·

82 3509 182 3563 totum
208 3503 237 3560 in
262 3518 325 3560 usu.
360 3503 471 3580 capitur
490 3521 524 3564 ea
546 3506 732 3583 vergiliarum
759 3526 885 3587 occasu,
908 3511 1001 3588 longa
1023 3529 1081 3571 ceu
1098 3510 1138 3570 vi·
