2504 3930
132 279 194 342 300
484 252 513 338 02
529 291 624 338 numu
640 289 790 338 sncnnnr

86 446 202 510 salluat
221 463 256 504 ac
274 454 445 523 perungunt.
474 445 613 504 bluricum
633 444 681 502 vel
702 443 917 516 conchyliorum
938 453 1033 503 testae
1056 443 1128 524 cinis

38 590 41 598 ,
129 530 257 588 maculas
272 531 299 587 in
315 529 389 587 lacie
405 528 670 605 muliernmpurgat
686 526 847 586 craumelle
862 525 958 586 inlitus
974 537 1128 604 cutemque
1209 583 1214 589 .

36 669 40 676 ,
129 622 232 688 erugat
249 621 278 672 et
293 611 422 670 extendit
441 613 569 688 septenis
590 610 691 677 diebus
709 611 804 669 inlitus
824 613 863 668 ita
886 619 916 669 ut
936 619 1043 669 octavo
1062 628 1128 668 can·

129 696 197 755 dido
216 713 335 754 ovorum
354 695 518 754 foveantur.
546 696 682 754 muricum
704 694 822 770 generis
843 702 907 751 sunt
929 711 1003 771 quae
1020 701 1129 753 vocant

129 778 233 839 Graeci
256 778 398 853 coluthia,
419 779 466 838 alii
489 777 643 856 coryphia,
664 778 805 836 turbinata
826 795 919 854 aeque
942 777 995 836 sed
1017 779 1154 836 minorat

128 863 227 939 multo,
244 863 412 922 efficaciora
428 863 512 921 etiam
528 871 557 919 et
572 862 630 920 oris
642 861 760 920 halitum
774 861 972 922 custodientia.
994 860 1128 935 ichthyo-

129 947 206 1006 colla
222 955 324 1023 erugat
343 956 438 1005 cutem
462 944 647 1021 extenditque
667 946 695 1002 in
716 961 790 1020 aqua
811 943 933 1018 decocta
950 944 1029 1005 boris
1048 953 1128 1022 quat·

84 1040 120 1094 85
132 1040 208 1104 tuor,
226 1031 292 1090 dein
309 1038 447 1088 contunsa
463 1037 492 1088 et
509 1028 628 1088 subacta
644 1027 678 1086 ad
694 1027 835 1103 liquorem
851 1046 950 1105 usque,
961 1028 1064 1088 mellis.
1089 1030 1128 1086 ita

129 1122 302 1192 praeparata
317 1115 345 1171 i'n
359 1130 430 1174 vase
445 1129 522 1170 novo
540 1111 670 1170 conditur
685 1120 713 1168 et
728 1113 756 1168 in
771 1129 824 1168 usu
839 1120 972 1190 quattuor
984 1111 1128 1172 drachmis
1196 1113 1201 1121 '

129 1197 190 1256 eins
206 1197 290 1256 binae
310 1197 437 1274 sulpuris
453 1204 482 1255 et
497 1195 641 1254 anchusae
657 1193 785 1271 totidem,
802 1203 870 1253 octo
888 1213 1006 1273 spumae
1022 1213 1127 1272 argen-
1139 1211 1165 1260 ro

127 1289 194 1340 teae
206 1279 345 1340 adduntur
358 1279 555 1357 adspersaque
569 1295 642 1356 aqua
653 1287 782 1336 teruntur
793 1295 857 1336 una.
881 1280 925 1337 sic
939 1278 1020 1338 inlita
1034 1279 1128 1338 facies

127 1371 195 1442 post
211 1372 344 1441 quattuor
358 1361 446 1422 boras
465 1361 598 1421 abluitur.
627 1361 756 1420 medetur
771 1369 800 1418 et
815 1361 947 1438 lentigini
963 1364 1127 1440 ceterisque

60 1465 63 1474 ⁴
126 1447 202 1506 vitiis
218 1465 255 1506 ex
272 1445 387 1505 ossibus
401 1446 564 1524 saepiarum
579 1447 660 1503 cinis.
682 1445 757 1503 idem
773 1453 803 1504 et
818 1447 912 1504 carnis
922 1445 1128 1519 ¹excrescentis

126 1530 201 1589 tollit
218 1539 247 1588 et
261 1530 354 1590 urnida
374 1529 483 1589 ulcera.
513 1528 540 1590 8.
561 1529 667 1587 Psoras
682 1527 757 1587 tollit
772 1545 841 1588 rana
856 1529 978 1588 decocta
993 1531 1023 1588 in
1038 1529 1127 1588 hemi·

125 1617 170 1672 nis
186 1615 310 1692 quinque
332 1619 425 1692 aquae
444 1613 587 1686 marinae,
612 1613 736 1689 excoqui
759 1610 846 1670 debet
864 1612 960 1672 donec
984 1614 1021 1672 sit
1042 1612 1126 1671 lenti·
1139 1625 1164 1666 rs

83 1707 118 1762 86
130 1697 198 1756 tudo
216 1698 321 1757 mellis.
349 1698 379 1756 lit
392 1697 419 1755 in
437 1697 507 1755 mari
523 1696 694 1770 alcyoneum
706 1695 895 1773 appellatum,
912 1714 929 1754 c
948 1695 1022 1754 nidis
1033 1705 1064 1755 ut
1076 1696 1127 1754 ali-

128 1781 176 1858 qui
188 1782 352 1840 existimant
364 1781 516 1854 alcyonum
529 1789 558 1837 et
571 1796 700 1855 ceycurn,
712 1786 743 1836 ut
756 1778 803 1838 alii
818 1778 953 1839 sordibus
965 1796 1129 1857 spumarum

69 1871 78 1892 ⁸
127 1863 388 1939 crassescentibus,
407 1864 455 1922 alii
471 1864 566 1923 elimo
579 1862 627 1921 rel
640 1863 761 1940 quadam
775 1866 861 1922 maris
879 1863 1023 1938 lanugine.
1047 1871 1129 1940 quat

125 1957 192 2006 tuor
208 1947 269 2006 eius
286 1965 411 2022 genera:
431 1949 576 2006 cinereum
592 1947 731 2024 spissum,
751 1947 850 2006 odoris
873 1948 984 2023 asperi,
1006 1945 1130 2004 alterum

125 2029 224 2106 molle,
241 2031 345 2104 lenius,
362 2030 452 2090 odore
468 2029 531 2088 lere
546 2029 641 2105 algae,
654 2031 768 2088 tertium
782 2029 952 2091 candidioris
966 2030 1126 2105 vermiculi,
1137 2051 1164 2092 m

82 2123 116 2179 87
130 2121 260 2191 quarturn
270 2114 459 2191 pumicosius,
468 2130 617 2190 spongeae
630 2114 704 2190 putri
718 2113 821 2174 airnile.
845 2130 938 2191 paene
952 2130 1129 2192 purpureum

126 2195 204 2274 quod
218 2195 439 2274 optumum,hoc
452 2194 629 2255 etMilesium
641 2203 774 2256 vocatur.
798 2213 855 2274 quo
871 2194 1017 2255 candidius
1033 2206 1130 2255 autern

125 2279 182 2338 hoc
198 2281 290 2337 minus
305 2277 457 2356 probabile
482 2287 537 2338 est.
562 2279 606 2337 vis
623 2296 723 2338 eorum
739 2287 769 2338 ut
785 2279 970 2354 exulcerent,
990 2289 1128 2356 purgent.

126 2380 193 2421 usus
210 2363 294 2422 tostis
310 2371 339 2420 et
354 2363 416 2421 sine
431 2361 508 2422 oleo.
531 2363 602 2421 mire
616 2362 725 2440 lepras,
745 2362 885 2436 lichenas,
903 2363 1059 2439 lentigines
1071 2364 1128 2423 tol·

126 2445 186 2504 lunt
202 2463 264 2504 curn
287 2446 385 2523 lupino
402 2454 431 2504 et
445 2446 570 2523 sulpuris
585 2445 696 2504 duobus
712 2446 818 2506 obolis.
848 2445 991 2522 alcyoneo
1012 2457 1162 2506 utunturm
1248 2487 1249 2492 κ

126 2538 155 2588 et
170 2529 206 2588 ad
228 2529 377 2589 oculorum
399 2530 561 2589 cicatrices.
589 2529 720 2588 Andreas
740 2528 777 2590 ad
798 2531 896 2608 lepras
912 2531 1010 2588 cancri
1026 2530 1127 2590 cinere

126 2630 189 2672 cum
208 2613 276 2672 oleo
292 2631 360 2672 usus
380 2622 435 2688 est,
450 2612 565 2672 Attalus
582 2612 680 2688 thynni
697 2613 783 2690 adipe
797 2615 920 2672 recenti.

82 2706 118 2761 88
164 2695 274 2774 ,(28.)
296 2695 475 2756 Orisulcera
491 2713 636 2756 menarum
651 2697 740 2754 muria
767 2705 796 2755 et
819 2698 942 2775 capitum
964 2697 1037 2756 cinis
1062 2715 1126 2756 cum
1246 2735 1249 2744 .

124 2780 212 2839 melle
229 2789 319 2839 sanat.
350 2788 471 2839 strumas
494 2781 582 2857 pungi
605 2781 694 2856 piscis
718 2779 780 2838 eius
795 2781 842 2858 qui
857 2795 925 2839 rana
942 2782 972 2838 in
987 2783 1059 2840 mari
1075 2799 1125 2859 ap·

126 2864 250 2942 pellatur
265 2864 393 2922 ossiculo
409 2881 426 2922 e
439 2862 528 2922 cauda
543 2865 580 2922 ita
597 2873 627 2921 ut
643 2881 699 2922 uon
714 2863 848 2922 volueret
862 2863 994 2941 prodest.
1014 2863 1124 2923 lacien-
1135 2879 1159 2922 ao

125 2947 190 3006 dum
206 2946 235 3005 id
248 2946 354 3006 cotidie
370 2945 463 3006 donec
481 2955 679 3024 percureutur.
707 2933 809 3006 eadem
826 2948 870 3005 vis
889 2956 934 3006 est
956 2949 1126 3025 pastinacae

124 3029 205 3090 radio
222 3039 251 3089 et
267 3029 361 3107 lepori
382 3031 491 3089 marino
508 3031 637 3108 inposito
653 3033 691 3088 ita
713 3038 742 3089 ut
759 3030 895 3089 celeriter
910 3040 1125 3107 removeantur,
1164 3043 1166 3050 '

126 3113 221 3173 echini
236 3114 320 3172 testis
335 3115 483 3173 contunsis
499 3120 528 3172 et
544 3131 580 3172 ex
596 3121 682 3172 aceto
697 3112 802 3189 inlitis,
825 3115 892 3172 item
909 3113 1126 3192 scolopendrae

123 3199 249 3256 marinae
267 3215 284 3255 e
299 3195 402 3272 melle,
426 3213 533 3264 cancro
548 3195 677 3256 lluviatlli
694 3199 817 3256 contrito
839 3197 887 3256 vel
910 3196 1063 3256 combusto
1088 3215 1126 3256 ex

124 3279 220 3339 melle.
249 3279 370 3356 mirilico
387 3288 507 3357 prosunt
529 3288 557 3338 et
573 3280 691 3357 saepiae
713 3295 781 3339 ossa
803 3290 865 3340 cum
882 3280 1006 3356 axungia
1023 3290 1158 3342 veterem

81 3372 117 3427 89
130 3372 268 3422 contunsa
282 3371 312 3421 et
326 3363 417 3422 inlita.
438 3363 487 3422 Sic
503 3371 532 3422 ct
547 3363 582 3422 ad
598 3363 746 3442 parotidas
758 3372 880 3439 utuntur,
897 3371 926 3422 et
943 3365 1019 3423 sauri
1034 3365 1124 3442 piscis
1228 3357 1230 3364 ’

124 3447 225 3504 marini
236 3443 423 3520 iocineribus,
436 3447 503 3523 quin
518 3454 548 3504 ct
559 3449 641 3505 testis
655 3449 717 3508 cadi
733 3447 942 3506 salsamentarii
954 3449 1046 3506 tunsis
1059 3464 1123 3506 curn

124 3530 248 3602 axungia
265 3537 382 3604 vetero;
408 3530 544 3588 muricum
562 3530 660 3589 cinere
674 3549 712 3590 ex
735 3531 803 3591 oleo
825 3529 861 3590 ad
882 3529 1031 3610 parotidas
1049 3539 1122 3589 stru·
