2508 3924
132 212 138 228 ¹
201 241 259 308 188
547 253 850 304 o.1>nm1surccunr

197 418 228 470 et
244 417 367 469 rosaceo
381 409 481 487 aequis
499 407 694 488 perdomitas,
709 407 865 488 praecipue
879 422 950 466 varo
964 405 1095 465 taurinum
1109 421 1163 464 cum

196 493 277 573 porri
298 507 368 552 suco
386 491 512 571 tepidum
533 493 582 552 val
597 510 660 552 curn
680 493 784 568 melle,
809 492 833 550 si
848 497 1002 569 suppuret,
1024 497 1164 565 contraque

198 577 317 638 odorem
332 593 454 652 gravem
468 594 522 656 per
538 595 570 637 se
586 577 759 655 tepefactum
775 577 803 635 in
818 574 977 634 malicorio.
1006 581 1086 650 rapta
1100 572 1123 628 in
1136 589 1162 630 ea

157 669 207 726 174
218 669 301 740 parte
325 677 387 718 curn
408 661 484 722 lacte
504 661 650 720 mulierum
674 659 833 719 eilicaciter
853 667 943 717 sanat.
972 655 1082 734 quidam
1097 656 1161 714 ctiam

197 746 362 820 ingravatus
377 745 454 804 auris
471 745 513 804 sic
529 743 701 822 perluendas
715 751 828 821 putant,
845 742 892 802 alii
911 756 974 801 curn
988 748 1102 798 senecta
1116 753 1181 796 ser-a

197 827 321 906 paullum
336 836 366 886 et
380 836 463 888 aceto
480 827 627 887 includunt
639 827 703 886 lana
722 825 831 886 solutas
846 832 912 885 aute
930 823 1025 884 calida
1039 839 1108 900 aqua
1121 830 1164 898 aaa

198 911 223 969 ai
238 911 329 969 maior
344 911 380 969 sit
394 911 520 987 gravitas
535 909 660 985 aurium,
683 910 722 969 iel
739 927 801 968 cum
816 927 910 968 marra
932 915 961 966 et
981 915 1045 966 ruta
1063 909 1090 965 in
1102 905 1166 964 mali·

199 994 280 1052 corio
302 994 492 1052 excaliactum
513 993 676 1071 infundunt,
706 992 814 1052 lardum
836 1008 952 1070 quoque
973 989 1096 1068 pingue,
1114 989 1169 1046 item

198 1075 291 1134 limum
307 1077 378 1135 asini
398 1093 579 1135 recenseam
597 1093 721 1136 rosaceo
737 1075 903 1152 instillatur,
920 1075 1015 1134 omnia
1032 1071 1169 1150 tepefacta.

199 1159 296 1218 utilior
308 1160 373 1236 equi
386 1175 485 1238 spuma
502 1160 548 1220 rel
563 1161 659 1238 equini
675 1159 737 1219 limi
746 1161 872 1219 recentis
884 1159 956 1217 ciuis
972 1175 1037 1216 cum
1052 1169 1193 1228 rosaceopo

199 1241 330 1316 butyrum
347 1259 466 1314 recens,
490 1242 589 1302 sebum
603 1243 738 1302 bubulum
756 1259 819 1302 curn
835 1241 918 1320 adipe
934 1240 1087 1315 anserino,
1106 1237 1170 1297 urina

200 1341 306 1402 caprae
327 1325 375 1384 rel
391 1326 463 1384 tauri
479 1335 525 1386 aut
543 1325 662 1386 iullouia
678 1335 760 1386 vetus
784 1325 922 1401 calfacta,
943 1339 1058 1403 vapore
1078 1339 1126 1402 per
1139 1320 1169 1379 la·

158 1416 208 1472 175
219 1424 312 1484 genae
330 1408 435 1467 collum
456 1409 605 1469 subeunte.
641 1409 797 1469 admiscent
812 1409 887 1468 aceti
903 1409 1019 1466 tertium
1034 1409 1171 1484 partemet

200 1490 306 1568 aliquid
322 1493 418 1550 urinae
439 1493 519 1552 vitali
539 1495 586 1571 qui
608 1494 732 1553 nondum
753 1491 870 1552 herbam
891 1491 1069 1568 gustaverit,
1089 1489 1171 1548 limum

201 1575 286 1633 etiam
305 1575 393 1634 mixto
411 1573 481 1634 lelle
496 1576 625 1636 eiusdem
644 1584 673 1636 et
695 1585 789 1635 cutem
806 1593 888 1653 quarn
906 1573 1054 1633 relincunt
1069 1579 1193 1646 urgueat

200 1657 370 1718 excalfactis
388 1659 466 1736 prias
484 1659 616 1735 auribus,
641 1660 704 1719 lana
725 1669 817 1718 autern
838 1655 1026 1717 medicamina
1048 1671 1081 1715 ea
1100 1651 1171 1713 inclu-

200 1739 313 1816 duntur‚
344 1740 463 1819 prodest
477 1751 506 1801 et
519 1742 617 1802 sebum
632 1743 713 1802 vituli
733 1758 796 1802 cum
815 1740 925 1800 anseris
946 1738 1036 1818 adipe
1056 1747 1086 1798 et
1105 1733 1172 1796 ocimi

201 1841 291 1899 saco,
314 1823 442 1884 eiusdem
462 1825 585 1886 medulla
608 1825 732 1886 admixto
755 1825 866 1884 cumino
886 1824 954 1882 trito
976 1822 1082 1882 inlusa.
1109 1819 1172 1880 tirus
1229 1895 1230 1898 Ἴ

199 1907 341 1965 verrinum
363 1923 380 1964 e
401 1909 499 1969 sarcia
514 1918 667 1987 exceptum
682 1911 846 1987 priusquam
860 1915 964 1966 terram
980 1906 1102 1982 attingat
1120 1919 1173 1963 con·
1229 1923 1230 1928 ¹

160 1996 264 2052 littra
285 1988 413 2048 dolores.
451 1991 565 2053 auribus
591 1993 689 2052 iractis
717 1991 853 2069 glutinum
875 1989 1018 2050 amaturis
1038 1987 1197 2047 vituloruntt

201 2071 306 2131 iactum
326 2080 355 2131 et
379 2073 407 2130 in
427 2089 500 2152 aqua
515 2076 666 2153 liquatum,
689 2075 753 2134 aliis
767 2075 842 2134 vitiis
858 2073 939 2152 adips
956 2069 1102 2151 volpium,
1121 2072 1174 2128 item

201 2154 242 2214 iel
258 2155 404 2232 caprinum
425 2173 487 2216 curn
500 2175 624 2218 rosaceo
638 2158 736 2236 tepido
751 2167 798 2217 aut
810 2159 890 2237 porri
905 2171 977 2216 suco
992 2164 1053 2231 aut,
1070 2156 1174 2230 simpla

201 2237 257 2296 siai
272 2237 367 2314 aliqua
382 2237 430 2316 ibi,
446 2259 462 2300 c
478 2240 554 2301 lacta
568 2241 703 2301 mulieris.
735 2242 759 2300 si
776 2241 903 2317 gravitas
925 2241 963 2299 sit
977 2237 1125 2316 audiendi,
1141 2231 1173 2294 iel

201 2319 335 2380 bubulum
356 2339 418 2381 curn
435 2325 515 2383 urina
531 2341 637 2403 caprae
650 2325 699 2384 vel
717 2323 806 2400 hirci,
821 2322 870 2382 uel
885 2324 908 2382 si
925 2340 978 2403 pus
994 2323 1044 2382 sit.
1075 2323 1103 2380 iu
1116 2333 1173 2397 puo-

203 2419 324 2483 cumque
340 2413 433 2465 autern
449 2425 501 2467 usu
519 2416 617 2486 putant
632 2407 797 2468 eiiicaciora
817 2405 889 2465 haec
910 2405 939 2464 iu
959 2423 1052 2465 cornu
1073 2403 1195 2481 caprintti

163 2496 211 2552 177
224 2505 277 2566 per
293 2487 354 2549 dies
370 2490 470 2566 viginti
487 2491 630 2550 infumata.
660 2490 775 2550 laudant
791 2498 820 2549 et
837 2489 988 2566 coagulum
1005 2489 1115 2566 leporis
1129 2493 1172 2542 ter·

204 2573 243 2632 tia
265 2571 363 2632 denari
386 2582 467 2653 parte
492 2591 530 2633 ex
557 2573 726 2652 dimidiaque
753 2575 891 2651 sacopeni
915 2574 944 2631 in
967 2572 1092 2631 Amineo
1111 2569 1172 2627 uiuo.

204 2655 349 2734 parotidas
366 2659 477 2718 ursinus
492 2658 574 2736 adips
590 2659 741 2736 conprimit
756 2658 817 2735 pari
831 2654 960 2734 pondere
983 2671 1073 2715 cerae
1088 2661 1115 2712 et
1126 2659 1172 2710 tau·

203 2739 256 2796 rini
279 2739 349 2798 sebi.
378 2741 485 2802 addunt
505 2740 618 2819 quidam
637 2739 865 2818 hypocisthidem
882 2747 911 2798 et
929 2755 983 2816 per
1006 2755 1040 2797 se
1062 2736 1173 2808 trouu

202 2821 354 2898 inlinitum,
372 2825 396 2883 si
411 2825 490 2903 prius
505 2825 655 2884 foveantur
668 2824 727 2882 leni
743 2823 844 2883 Graeci
860 2821 974 2882 decocti
987 2837 1075 2897 suco,
1090 2817 1194 2878 elica-³⁸
1226 2877 1228 2884 ,

206 2904 266 2962 cius
288 2921 350 2962 aum
374 2909 520 2981 strychuo.
556 2915 677 2985 prosunt
698 2916 727 2966 at
748 2905 875 2984 volpium
896 2913 988 2964 testes
1009 2912 1039 2963 et
1063 2901 1172 2962 taurinas

205 2986 321 3061 sanguis
335 2987 430 3048 aridus
441 2993 533 3067 tritus,
547 2992 626 3050 urina
639 3006 744 3068 caprae
760 2989 901 3048 calefacta
914 2986 1051 3048 instillata
1064 2981 1170 3052 auriltua

206 3069 299 3128 limum
315 3071 442 3130 eiusdem
458 3091 520 3132 curn
537 3073 660 3150 axungia
676 3072 794 3132 inlitum.

164 3161 215 3216 178
275 3151 359 3230 (49.)
380 3152 480 3214 Dentis
495 3156 608 3216 mobilis
621 3155 770 3214 confirmat
791 3153 899 3214 nemini
918 3169 1022 3212 cornus
1044 3151 1112 3212 cinis
1131 3145 1169 3206 do·

204 3235 341 3312 loresqua
357 3253 455 3296 eorum
469 3241 588 3317 mitigat,
607 3230 670 3299 siue
685 3239 853 3298 infricentur
869 3239 930 3297 siue
948 3237 1103 3296 coluantur.
1123 3227 1194 3308 qai-⁸⁵

206 3317 268 3376 dam
283 3319 477 3380 efficaciorem
492 3322 527 3381 ad
542 3313 632 3382 omu'is
646 3321 841 3382 eosdemusus
857 3321 936 3380 cradi
952 3337 1055 3380 cornus
1070 3315 1170 3376 farinam

205 3397 384 3459 arbitrantur.
418 3402 578 3464 dentifricia
592 3413 713 3484 utroque
732 3404 817 3464 modo
840 3405 918 3464 liunt.
945 3418 1074 3480 maguum
1094 3411 1168 3458 reme

167 3507 169 3512 ν
206 3478 280 3536 diurn
290 3490 334 3539 est
345 3485 372 3540 in
388 3482 517 3561 luporum
532 3489 633 3564 capitis
648 3491 755 3548 cincre.
773 3495 881 3548 certum
892 3495 937 3548 est
953 3489 982 3548 in
996 3477 1168 3546 excrementis
