2458 3906
142 253 200 314 194
464 262 493 308 o.
511 261 606 308 rnrru
622 259 772 308 suonam

138 420 168 478 in
187 417 254 477 vino
272 416 339 477 albo
361 425 476 496 potum,
500 417 568 474 item
591 414 814 493 opisthotonicis
838 423 867 474 et
887 415 1049 474 iocinerum
1069 413 1155 473 vitiis

139 512 168 562 et
191 501 360 561 torminibus
382 509 412 561 et
439 499 618 576 stranguriae
646 498 764 560 duarum
792 507 840 558 aut
865 499 948 559 trium
972 498 1154 575 lingularum

95 594 281 651 bimensura.
314 592 379 645 sunt
400 593 429 644 et
447 583 517 647 lolia
535 583 630 658 utilia,
653 592 773 663 atquae
791 592 889 662 partas
905 583 1042 644 adiuvent
1059 583 1152 642 etiarn

139 669 356 750 quadripedum.
387 669 445 730 boc
459 685 590 728 maxume
614 669 696 746 pasci
712 667 843 728 dicuntur
859 685 967 727 cervae
983 668 1151 746 pariturae.

75 771 76 774 ’
138 756 292 815 inlinuntur
303 763 333 814 et
348 755 408 832 igni
425 770 527 829 sacro,
544 752 718 830 multumque
732 753 760 810 in
772 769 881 812 summo
895 750 960 812 cibo
975 751 1176 814 concoctio-s

139 839 222 900 nibus
245 839 373 915 confert,
401 837 450 898 vel
472 837 544 898 iolio
567 837 614 896 vel
637 837 755 896 semine.
793 836 1001 916 quadripedum
1024 851 1151 916 quoque

140 924 235 984 alvom
260 923 335 982 sistit
356 923 418 983 sive
441 923 536 982 tritum
561 922 643 1000 potui
664 921 788 981 inlusum
810 922 872 980 sive
895 917 1058 981 mandendo
1077 937 1151 980 con-

138 1006 336 1068 manducatam
352 1026 369 1067 e
386 1007 458 1068 sale.
488 1005 575 1066 boum
588 1005 696 1064 morbis
714 1005 750 1066 sil
764 1005 859 1066 tritum
876 1005 1042 1066 infunditur.

96 1101 131 1156 38
206 1092 290 1172 (19.)
317 1090 396 1151 lnulo
419 1106 535 1170 quoque
558 1107 573 1150 a
593 1091 695 1150 ieiunis
718 1089 944 1151 conmanducata
960 1087 1056 1150 dentis
1076 1107 1150 1150 cou-

140 1178 241 1237 firmet.
269 1177 310 1252 si,
329 1184 360 1234 ut
382 1185 462 1236 eruta
480 1185 540 1252 est,
556 1184 662 1235 terram
677 1191 735 1234 non
750 1175 885 1252 attingat,
903 1175 1019 1235 condita
1043 1173 1150 1232 tussim
1163 1193 1189 1234 ro

141 1261 289 1336 emendat,
305 1259 411 1320 radicis
427 1277 499 1320 vero
515 1260 657 1320 decoctae
674 1277 761 1318 sucus
772 1259 883 1320 taenias
896 1259 996 1339 pellit,
1015 1258 1150 1318 siccatae
1182 1314 1185 1321 .

139 1355 234 1406 autem
256 1343 401 1403 inumbra
428 1344 519 1405 farina
548 1345 619 1403 tussi
641 1352 671 1404 et
692 1343 840 1403 convolsis
857 1353 886 1404 et
901 1340 1099 1404 inllationibus
1119 1351 1151 1400 et

139 1429 253 1491 arteriis
273 1428 414 1490 medetur.
442 1437 649 1488 venenatorum
670 1445 783 1488 morsus
804 1426 903 1506 abigit.
934 1427 1006 1488 folia
1023 1444 1063 1486 ex
1076 1427 1149 1485 vino

84 1527 87 1534 ·
139 1512 300 1581 lumborum
316 1512 411 1573 dolori
430 1513 593 1572 inlinuntur.
877 1555 882 1560 ·

96 1608 131 1663 39
202 1595 284 1680 (to.)
310 1594 410 1674 Copae
433 1597 584 1656 silvestres
599 1613 656 1656 non
671 1607 743 1657 sunt.
777 1597 886 1657 sativae
905 1594 1015 1656 ollactu
1031 1595 1098 1674 ipso
1119 1603 1149 1654 et
1161 1615 1185 1656 rs

140 1681 377 1743 delacrimatione
394 1681 510 1758 caligini
525 1681 686 1756 medentur,
702 1683 794 1759 magis
805 1697 877 1741 vero
891 1681 954 1740 suci
965 1679 1148 1740 inunctione.

140 1782 268 1826 somnum
284 1765 369 1824 etiam
384 1763 483 1824 iacere
500 1765 647 1825 traduntur
660 1775 690 1825 et
704 1766 804 1824 ulcera
820 1765 878 1825 oris
891 1781 995 1825 sanare
1008 1781 1149 1824 conman-

140 1850 262 1910 ducatae
285 1865 349 1908 cum
371 1865 461 1926 pane,
486 1858 515 1908 et
536 1851 614 1908 oanis
629 1866 741 1909 morsus
765 1849 873 1909 virides
889 1865 926 1908 ex
942 1855 1029 1910 aceto
1045 1847 1149 1908 inlitae

140 1942 188 1993 aut
206 1934 303 1992 siccae
319 1949 381 1991 cum
397 1932 485 1992 melle
507 1940 535 1991 et
550 1933 636 2011 vino,
660 1935 699 1994 ita
720 1941 750 1993 ut
769 1942 836 2014 post
856 1932 932 1992 diem
951 1933 1070 1993 tertium
1086 1931 1148 1992 sol·

139 2026 250 2076 vantur.
281 2016 324 2074 sic
346 2025 375 2074 et
397 2016 490 2076 attrita
510 2025 619 2076 sanant.
652 2017 809 2078 coctamin
829 2018 927 2077 cinere
945 2025 975 2077 et
990 2015 1149 2096 epiphoris
1158 2033 1183 2074 ro

139 2101 219 2160 multi
243 2100 399 2177 inposuere
423 2118 486 2161 oum
504 2099 595 2161 farina
614 2101 780 2162 hordeacea
801 2111 830 2162 et
850 2100 1018 2178 genitalium
1036 2101 1148 2160 ulceri·

97 2183 205 2248 mnus.
236 2200 307 2245 suco
323 2191 354 2264 ‚et
370 2183 523 2245 cicatrices
540 2185 689 2246 oculorum
705 2195 734 2246 et
751 2186 902 2264 albugines
919 2194 949 2244 et
967 2201 1089 2264 argema
1104 2185 1148 2244 iu-

138 2285 266 2344 unxere,
289 2277 318 2328 et
342 2270 519 2348 serpentium
541 2287 653 2330 morsus
675 2279 704 2330 et
730 2271 822 2330 omnia
841 2270 941 2330 ulcere
960 2287 1025 2330 cum
1043 2268 1148 2346 melle,

139 2356 208 2415 item
230 2351 420 2414 auricularum
438 2371 507 2414 'cum
529 2354 605 2414 lacte
623 2354 789 2432 mulierum,
812 2363 842 2415 et
855 2355 884 2414 in
899 2353 1001 2414 iisdem
1018 2353 1149 2413 sonitum

139 2448 186 2500 aut
201 2438 372 2516 gravitatem
390 2437 575 2498 emendantes
591 2455 654 2498 cunr
670 2439 754 2518 adipe
771 2439 905 2500 anserino
918 2447 966 2500 aut
978 2456 1043 2498 oum
1054 2437 1148 2499 melle
1158 2455 1183 2496 aa

139 2524 298 2584 stillavere.
344 2531 374 2582 et
397 2541 435 2583 ex
456 2539 530 2603 aqua
554 2521 709 2583 bibendum
733 2523 843 2584 dedere
865 2531 988 2602 repente
1011 2522 1148 2583 obmute-

97 2606 300 2673 abscentibus.
335 2607 364 2667 in
384 2607 487 2667 dolore
512 2624 627 2686 quoque
648 2607 797 2668 addentis
819 2606 999 2667 conluendos
1022 2606 1149 2667 instilla·

138 2711 210 2752 vere
226 2701 255 2751 et
272 2692 367 2770 plagis
385 2689 541 2752 bestiarum
557 2693 690 2768 omnium,
707 2692 838 2771 privatim
853 2691 1052 2770 scorpionum.
1084 2691 1149 2752 alo-

139 2777 238 2854 pecias
262 2775 389 2835 fricuere
413 2784 442 2835 et
464 2792 568 2855 psoras
591 2777 681 2836 tunsis
708 2777 799 2855 cepis.
835 2785 934 2836 coctas
956 2775 1149 2850 dysintericis

138 2859 301 2919 vescendas
322 2859 430 2920 dedere
453 2868 482 2920 et
506 2867 606 2920 contra
621 2858 781 2920 lumborum
797 2859 933 2936 dolores,
952 2869 1149 2937 purgamenta
1158 2877 1181 2920 ao

140 2959 256 3023 quoque
283 2960 380 3003 earum
402 2952 526 3004 cremata
547 2945 576 3004 iu
598 2944 726 3004 cinerem
740 2945 892 3004 inlinentes
916 2947 954 3002 e'x
976 2951 1065 3004 aceto
1084 2962 1148 3004 ser·

96 3037 130 3090 ii
141 3026 268 3106 pontium
288 3028 450 3105 morsibus,
472 3030 610 3108 ipsasque
633 3027 810 3107 multipedae
831 3047 870 3088 ex
891 3037 987 3088 aceto.
1018 3027 1149 3106 Reliqua

138 3114 213 3172 iuter
233 3111 362 3172 medicos
383 3113 453 3172 mira
479 3111 641 3172 diversitas.
676 3113 809 3191 proxumi
822 3111 900 3172 utilis
917 3129 987 3170 esse
1003 3129 1148 3190 praecor-

139 3197 192 3258 diis
216 3205 245 3256 et
267 3196 468 3272 concoctioni,
487 3195 720 3274 inflationemque
743 3205 772 3256 et
787 3197 861 3256 sitim
878 3197 980 3256 iacere
997 3195 1146 3256 dixerunt.

138 3279 323 3361 Asclepiadis
348 3279 451 3341 schola
472 3280 507 3340 ed
529 3281 658 3341 colorem
680 3298 797 3360 quoque
812 3280 937 3340 validum
956 3279 1064 3358 profici
1088 3277 1191 3340 bocas

139 3364 205 3426 cibo
223 3374 268 3441 et,
290 3365 315 3424 si
331 3365 417 3425 ieiuni
434 3365 540 3426 cotidie
557 3365 660 3443 edant,
678 3365 839 3425 firmitatem
852 3364 1028 3425 valetudinis
1046 3374 1145 3426 custo·

95 3458 130 3513 43
142 3450 211 3527 diri,
240 3448 387 3510 stomacho
407 3449 484 3509 utilis
505 3467 590 3525 esse,
606 3450 724 3528 spiritus
741 3449 897 3528 agitatione
919 3457 1054 3510 ventrem
1071 3449 1145 3510 mol-

138 3534 208 3610 lire,
224 3532 460 3594 haemorrhoidas
476 3533 589 3612 pellere
605 3532 732 3594 subditas
750 3551 803 3612 pro
819 3533 941 3611 balanis,
958 3552 1061 3594 sucum
1081 3553 1144 3595 cum
