2458 3906
149 235 210 298 226
482 243 513 292 c.
531 241 795 292 cn1u1sracuxn1

148 401 235 462 tibus.
265 400 362 461 radice
379 399 510 460 lichenas
526 407 556 460 et
570 397 670 476 lepras
687 408 803 475 curant,
818 400 847 458 in
860 399 929 480 vino
945 415 1016 460 vero
1032 399 1160 462 decocta

149 495 272 546 strumas
295 493 324 544 et
340 482 487 563 parotidas
510 491 540 542 et
562 482 710 558 calculos,
734 493 805 562 poto
822 484 890 542 rino
905 491 935 542 et
955 483 1050 544 lienes
1067 484 1159 560 inlita,

151 570 299 631 coeliacos
321 586 415 646 aeque
436 575 465 626 et
488 567 681 642 dysintericos
704 577 733 627 et
754 576 913 628 tenesmos.
942 567 979 628 ad
995 569 1161 647 cademque

150 655 243 715 omnia
261 653 410 713 efficacius
424 653 469 712 ius
483 650 611 730 lapathi,
634 660 663 711 et
682 661 781 712 ructus
797 652 867 714 iacit
882 660 912 714 et
926 653 1036 716 urinam
1056 653 1118 714 ciet
1133 661 1162 712 et

150 738 304 815 caliginem
319 736 470 797 oculorum
485 735 618 811 discutit,
641 737 709 796 item
726 739 864 815 pruritum
880 739 1015 815 corporis
1035 738 1066 797 in
1087 736 1189 796 solies

107 834 158 888 235
167 823 344 884 balinearum
357 821 482 884 additum
498 830 547 880 aut
561 821 641 898 prius
658 821 752 898 ipsum
766 821 876 882 inlitum
888 822 950 881 sine
962 821 1042 882 oleo.
1067 821 1163 881 firmat

150 917 179 968 et
196 907 421 967 conmanducata
434 904 518 966 radix
534 903 637 964 dentis.
661 905 764 966 eadem
780 906 905 967 decocta
919 924 984 966 oum
998 906 1069 966 rino
1086 906 1163 965 sistit

151 991 263 1066 alvom,
281 991 351 1052 folia
366 989 492 1051 solvont.
515 987 631 1049 Adiecit
646 988 736 1064 Solo,
753 1009 789 1050 ne
805 991 872 1068 quid
888 991 1065 1066 omittamus,
1079 988 1163 1050 bula·

150 1075 274 1155 pathon,
297 1075 403 1136 radicis
421 1082 528 1134 tantum
546 1073 695 1134 altitudine
713 1075 852 1136 differens
873 1085 902 1135 et
917 1092 988 1152 erga
1004 1073 1162 1150 dysinteri-

151 1177 203 1221 cos
219 1159 325 1220 effectu
341 1167 429 1236 potae
448 1177 486 1218 ex
503 1159 581 1218 vino.
1172 1177 1196 1218 so

107 1256 159 1312 236
223 1243 274 1304 22.
298 1243 382 1323 (87.)
410 1243 526 1322 sinapi,
550 1242 630 1302 ouius
651 1244 681 1303 in
701 1243 802 1304 sativis
822 1245 876 1304 tria
896 1261 1006 1321 genera
1023 1243 1160 1317 diximus,

109 1329 179 1374 ¹⁹·¹²¹
193 1328 374 1404 Pythagoras
386 1328 576 1406 principatum
591 1325 702 1388 babere
719 1345 757 1386 ex
774 1325 819 1386 bis
838 1345 959 1406 quorum
974 1326 1102 1408 sublime
1117 1325 1162 1385 vis

150 1414 259 1475 lerator
280 1413 431 1489 iudicavit,
452 1412 586 1490 quoniam
610 1430 667 1472 non
688 1411 767 1472 aliud
781 1413 873 1490 magis
889 1414 918 1472 in
934 1413 1011 1472 naris
1027 1420 1059 1472 et
1078 1427 1161 1472 cere-

150 1498 231 1559 brum
257 1505 402 1576 penetret.
440 1496 477 1557 ad
500 1499 679 1575 serpentium
704 1497 779 1556 ictus
801 1506 831 1557 et
855 1499 1042 1576 scorpionum
1064 1495 1162 1554 tritum

151 1601 215 1643 cum
230 1591 315 1642 aceto
335 1581 469 1642 inlinitur.
503 1581 655 1657 fungorum
670 1598 782 1643 venena
796 1580 923 1642 discutit.
957 1589 1061 1641 contra
1077 1579 1160 1658 pitui-
1172 1597 1196 1638 1o

151 1675 208 1728 tam
226 1675 340 1726 tenetur
362 1667 391 1725 in
414 1683 484 1737 ore,
506 1665 602 1726 donec
623 1665 783 1744 liquescat,
805 1673 853 1725 aut
873 1668 1075 1743 gargarizatur
1099 1679 1163 1722 cum

108 1758 159 1814 cet
172 1769 247 1830 aqua
267 1751 370 1812 mulsa.
401 1749 581 1812 addentium
605 1749 726 1810 dolores
749 1750 907 1826 manditur,
929 1750 966 1810 ad
988 1765 1075 1810 uram
1096 1765 1161 1824 gar·

149 1836 295 1912 garinatur
315 1853 378 1895 cum
399 1842 484 1894 aceto
509 1843 539 1894 et
559 1834 664 1909 melle,
690 1834 840 1896 stomacho
860 1835 1043 1896 utilissimum
1060 1840 1162 1894 contra

152 1921 246 1979 omnia
267 1920 352 1995 vitia,
381 1917 564 1999 pulmonibus
587 1919 807 1980 exscreationes
832 1918 927 1980 iacilis
950 1918 1022 1980 iacit
1043 1918 1074 1976 in
1095 1915 1161 1977 cibo

151 2012 309 2080 sumptum,
337 2012 367 2063 et
394 2003 561 2081 suspiriosis
585 2004 686 2080 datur,
714 2005 783 2064 item
809 2003 1001 2067 comitialibus
1031 2001 1194 2082 tepidumuo

152 2105 215 2149 cunr
240 2104 311 2147 suco
333 2104 525 2147 cucumerum.
569 2105 673 2148 sensus
699 2097 786 2168 atque
812 2088 1047 2148 sternutamentis
1076 2093 1164 2164 caput

151 2181 273 2252 purgat,
293 2170 388 2231 alvom
408 2170 518 2247 mollit,
543 2181 690 2233 menstrua
712 2181 741 2232 et
761 2175 870 2233 urinam
891 2174 958 2233 ciet.
988 2171 1164 2250 hydropicis
1225 2199 1228 2206 ·

108 2265 159 2321 238
167 2257 311 2334 inponitur
323 2273 385 2316 cum
397 2255 454 2316 lico
467 2263 496 2316 et
509 2257 621 2317 cumino
634 2265 748 2318 tunsum
759 2258 849 2318 ternis
862 2257 1000 2336 partibus.
1026 2254 1165 2316 comitiali

151 2340 254 2400 morbo
278 2348 326 2400 aut
348 2340 499 2400 volvarum
525 2343 720 2402 conversione
748 2341 906 2402 suffocatas
933 2342 1043 2402 excitat
1070 2339 1165 2400 odore

150 2435 236 2487 aceto
247 2426 354 2501 mixto,
371 2424 438 2486 item
455 2424 650 2502 lethargicos,
666 2425 788 2486 adicitur
800 2426 936 2502 tordylon
950 2459 993 2473 -
1006 2434 1053 2486 est
1067 2433 1194 2486 autema

152 2511 210 2572 boc
233 2527 334 2570 semen
352 2527 389 2568 ex
403 2509 492 2569 seseli
508 2543 558 2585 -,
576 2519 604 2570 et
619 2511 643 2569 si
656 2511 857 2572 vehementior
871 2511 1022 2586 lethargus
1037 2516 1164 2588 premat,

152 2595 284 2657 cruribus
301 2604 349 2655 aut
372 2595 457 2654 etiam
473 2594 560 2671 capiti
585 2594 711 2655 inlinitur
726 2613 790 2656 cum
812 2596 868 2656 lico
890 2613 927 2655 ex
943 2603 1039 2656 aceto.
1083 2601 1164 2652 vete-

152 2699 201 2741 res
217 2681 336 2741 dolores
355 2677 499 2754 thoracis,
516 2677 693 2756 lumborum,
718 2679 926 2755 coxendicum,
948 2695 1119 2738 umerorum
1137 2685 1165 2737 et

152 2767 180 2824 in
196 2781 377 2843 quacumque
403 2772 486 2841 parte
508 2761 623 2823 exalto
646 2765 779 2841 corporis
802 2765 871 2824 uitia
893 2762 1075 2824 extrahenda
1099 2769 1164 2822 sunt

152 2849 262 2908 inlitum
285 2849 413 2908 caustica
433 2849 462 2906 vi
479 2847 612 2908 emendat
633 2847 752 2926 pusulas
771 2849 926 2924 iaciendo,
956 2857 985 2908 at
1011 2848 1041 2908 in
1056 2864 1192 2924 magnato

153 2933 256 2992 duritia
271 2933 333 2991 sine
350 2933 406 2992 lico
423 2933 578 3011 inpositum
593 2931 658 3008 vel,
677 2933 701 2992 si
717 2932 917 2993 uehementior
929 2933 1005 2993 ustio
1017 2933 1162 3008 timeatur,

109 3027 162 3083 239
173 3035 227 3096 per
242 3014 365 3094 duplicis
382 3033 505 3093 pannos.
542 3025 658 3076 utuntur
673 3033 709 3076 eo
727 3017 764 3078 ad
787 3017 938 3097 alopecias
955 3034 1019 3076 cum
1033 3015 1162 3090 rubrica,

152 3118 272 3181 psoras,
291 3099 406 3179 lepras,
423 3100 604 3179 phthiriasis,
626 3103 786 3177 tetanicos,
804 3101 1048 3181 opisthotonicos.
1083 3102 1161 3160 innn-

152 3195 223 3265 gunt
239 3201 356 3265 quoque
374 3183 494 3246 scabras
512 3202 602 3262 genas
619 3194 667 3246 aut
689 3186 840 3263 caligantis
856 3185 959 3248 oculos
977 3203 1041 3246 cum
1059 3183 1162 3258 malle,

153 3288 299 3348 sucusque
315 3269 406 3330 tribus
421 3269 513 3330 modis
528 3270 697 3348 exprimitur
711 3271 740 3330 iu
757 3270 855 3345 lictili,
878 3269 1057 3348 calescitque
1079 3271 1110 3330 in
1126 3283 1190 3328 coto
1225 3325 1226 3328 ,

152 3356 218 3416 sole
238 3354 362 3415 modice.
395 3355 455 3414 exit
470 3362 534 3413 ete
555 3354 699 3415 cauliculo
720 3372 807 3415 sucus
828 3354 940 3416 lacteus
958 3355 1007 3433 qui
1026 3354 1082 3429 ita,
1101 3370 1162 3413 cum
1224 3347 1226 3428 i

109 3439 312 3514 ncoindurutt,
329 3439 455 3499 dentium
475 3437 571 3498 dolori
587 3439 727 3505 medetur.
755 3457 855 3500 semen
873 3457 909 3500 ac
922 3438 1024 3514 radix,
1042 3456 1108 3498 eum
1122 3438 1160 3496 in·
1224 3431 1226 3450 '

151 3523 288 3584 maduere
308 3531 420 3599 musto,
446 3531 631 3584 conteruntur
652 3541 809 3603 manusque
828 3524 935 3604 plenae
949 3539 1087 3584 mensura
1101 3538 1160 3581 sor·
