2504 3930
147 253 227 334 ‚230
515 268 545 318 ο.
560 269 656 316 annu
672 265 822 320 saeuum

166 422 230 498 dia,
251 414 324 500 quad
350 431 380 480 et
399 422 545 509 inguinum
566 423 723 482 tumoribus
744 423 894 499 adalligari
914 424 1024 499 solent,
1051 440 1156 486 novem

167 507 258 584 signis
274 505 388 581 signant
404 514 433 564 et
449 507 578 582 singulos
594 506 743 566 detrahunt
765 525 817 585 per
833 507 904 567 dies.
936 508 1156 569 nono-emittunt

124 602 176 656 130
188 591 335 664 lacertam,
352 588 468 666 lapillos
484 599 601 650 servant
616 591 651 650 ad
667 591 816 650 oculorum
832 591 960 650 dolores.
990 592 1039 650 alii
1053 600 1154 651 terram
1246 603 1247 606 ’

166 673 350 734 substernunt
372 672 499 734 lacertae
520 674 602 732 viridi
618 676 795 734 excaecatae
811 683 841 732 et
856 691 911 734 una
933 677 961 734 in
979 676 1073 734 vitreo
1089 693 1154 736 vase

166 757 278 818 anellos
300 754 445 816 includunt
467 775 484 816 e
509 758 590 817 ferro
610 757 705 816 solido
728 759 775 818 vel
795 775 876 818 auro.
915 775 978 818 oum
1006 760 1174 838 recepisset

165 843 258 920 uisum
273 840 410 900 lacertam
426 841 556 919 adparuit
571 859 626 919 per
639 842 758 916 vitrum,
780 843 885 900 emissa
900 860 935 900 ea
952 841 1044 902 anulis
1060 852 1157 902 contra

165 923 363 1003 lippitudinem
375 934 499 999 utuntur,
511 924 559 986 alii
575 925 677 1002 capitis
690 927 787 984 cinere
800 942 853 1002 pro
865 925 930 995 stibi
946 925 981 985 ad
995 925 1155 986 scabritias.

165 1009 278 1087 quidam
294 1008 413 1066 viridem
429 1007 519 1084 longo
538 1008 616 1067 collo
639 1010 668 1066 in
688 1008 833 1070 sabulosis
853 1019 1020 1070 nascentem
1042 1009 1156 1070 combu-

163 1101 229 1152 runt
242 1099 270 1151 et
285 1092 471 1168 incipientem
486 1091 654 1170 epiphoram
671 1093 824 1168 inungunt,
840 1095 951 1152 etitem
966 1093 1156 1170 glaucomata.

122 1187 171 1241 131
183 1175 325 1236 Mustelae
343 1177 428 1242 etiarn
444 1175 536 1234 oculis
552 1185 658 1254 punctu
674 1177 762 1235 erutis
779 1177 857 1236 aiunt
870 1177 961 1236 visum
975 1179 1095 1253 reverti,
1112 1195 1157 1237 ea·
1167 1193 1191 1236 ro

164 1259 287 1336 demque
305 1277 379 1334 quae
395 1260 423 1318 in
438 1259 555 1318 lacertis
577 1268 606 1318 et
627 1259 718 1320 anulis
732 1259 849 1318 iaciunt.
880 1263 1025 1339 serpentis
1044 1261 1159 1321 oculum

163 1344 296 1403 dextrum
313 1342 498 1418 adalligatum
515 1352 615 1402 contra
633 1343 789 1421 epiphoras
809 1344 969 1421 prodesse,
988 1345 1013 1404 si
1034 1363 1159 1422 serpens

164 1425 229 1486 viva
245 1426 409 1485 dimittatur.
431 1426 657 1486 lacrimantibus
669 1427 799 1486 sineline
814 1427 906 1486 oculis
920 1429 990 1488 cinis
1005 1428 1160 1488 stelionum

164 1512 267 1588 capitis
291 1527 354 1568 cnm
375 1509 442 1568 stibi
463 1505 567 1569 eximie
588 1511 727 1570 medetur.
760 1510 1025 1588 Araneimuscarii
1047 1511 1108 1572 tela
1131 1521 1161 1571 et

164 1595 322 1673 praecipue
336 1593 475 1671 spelunca
490 1595 553 1672 ipsa
569 1596 694 1672 inposita
706 1613 758 1672 per
770 1594 893 1654 frontem
908 1595 1013 1654 adduc
1026 1604 1193 1674 temporam

163 1679 192 1736 in
207 1677 321 1754 splenio
339 1676 453 1754 aliquo,
469 1678 507 1738 ita
525 1687 555 1736 ut
570 1697 586 1737 a
604 1695 696 1756 puero
713 1678 820 1757 inpube
839 1688 867 1738 et
885 1679 1013 1757 capiatur
1029 1688 1060 1738 et
1077 1681 1159 1760 inpo-

162 1769 245 1820 natur
264 1779 320 1820 nec
338 1761 362 1818 is
384 1761 477 1820 triduo
501 1779 533 1822 se
550 1763 684 1822 ostendat
706 1763 734 1821 ei
753 1765 799 1822 oui
815 1761 990 1839 medebitur,
1017 1781 1095 1822 neve
1120 1761 1160 1822 al-

162 1852 272 1904 teruter
289 1844 372 1904 nudis
389 1845 512 1923 pedibus
526 1854 631 1906 terram
647 1848 765 1922 attingat
785 1846 829 1906 his
850 1846 968 1922 diebus,
989 1845 1161 1906 mirabiliter

121 1937 172 1993 132
184 1928 333 2007 epiphoris
355 1929 465 1987 mederi
485 1927 598 1988 dicitur.
636 1929 787 2006 albugines
808 1947 922 2008 qnoque
945 1928 1052 1989 tollere
1080 1932 1160 1989 inun-

162 2014 258 2071 ctione
284 2029 406 2070 araneus
429 2012 566 2072 candidus
588 2013 763 2089 longissimis
783 2031 818 2072 ac
839 2015 1012 2073 tenuissimis
1033 2013 1195 2092 pedibusao

163 2096 302 2154 contritus
317 2096 345 2152 in
366 2095 434 2152 olco
456 2103 567 2154 vetere.
604 2098 628 2154 is
652 2097 736 2155 etiarn
761 2098 805 2155 cui
821 2097 1028 2156 crassissimum
1050 2105 1162 2158 textum

163 2179 252 2236 estin
269 2177 530 2252 contignationibus
552 2179 617 2238 iere
632 2179 803 2256 adalligatus
824 2197 916 2258 panno
938 2179 1098 2258 epiphoras
1116 2198 1161 2242 sa·

161 2279 231 2320 nare
254 2263 383 2322 traditur.
423 2261 581 2322 scarabaei
604 2264 703 2323 viridis
724 2272 824 2323 natura
849 2265 1044 2323 contuentium
1065 2267 1163 2324 visum

162 2348 286 2420 exacuit,
303 2346 399 2422 itaque
415 2363 589 2421 gemmarum
604 2348 768 2426 scalptores
786 2349 913 2406 contuitu
929 2365 1029 2406 eorum
1040 2350 1162 2426 acquie-

163 2439 253 2488 scunt.
1172 2450 1196 2492 at

120 2523 171 2578 133
237 2513 322 2592 (39.)
343 2513 431 2574 Auris
448 2523 552 2591 purgat
567 2513 608 2573 iel
624 2515 744 2593 pecudis
761 2532 824 2574 curn
839 2513 941 2589 melle,
963 2515 1056 2574 canini
1075 2513 1164 2573 lactis

160 2597 308 2658 instillatio
326 2598 406 2658 sedat
420 2597 567 2672 dolorem,
593 2601 763 2674 gravitatem
780 2599 862 2678 adips
884 2615 947 2656 curn
963 2596 1109 2656 absinthio
1134 2605 1165 2656 et

162 2681 230 2741 oleo
254 2691 364 2757 vetere,
385 2683 453 2741 item
469 2681 557 2759 adips
582 2685 741 2756 anserinus.
774 2683 887 2758 quidam
909 2682 1036 2742 adiciunt
1059 2698 1165 2740 sucum

161 2781 262 2843 cepae,
280 2765 328 2824 alii
342 2765 380 2824 ali
395 2767 457 2844 pari
474 2766 570 2824 modo.
595 2774 709 2849 utuntur
725 2775 754 2824 et
770 2783 822 2844 per
837 2783 869 2826 sc
885 2765 948 2824 ovis
963 2765 1165 2840 formicarum,

47 2860 52 2870 '
160 2865 283 2926 namquo
292 2858 322 2908 et
337 2849 403 2908 huic
416 2849 528 2910 animali
542 2857 586 2906 est
597 2849 748 2924 medicina,
765 2858 936 2926 constatque
947 2864 1032 2906 ursos
1046 2866 1163 2924 aegros
1175 2867 1198 2910 ao

118 2941 170 2996 134
179 2931 237 2991 hoc
255 2931 320 2992 cibo
337 2935 440 2993 sanari.
469 2933 612 2992 Anserem
630 2934 810 3010 omniumque
825 2934 917 2992 avium
934 2931 1016 3009 adips
1033 2949 1165 3010 praepa·

159 3023 254 3089 ratur,
275 3019 475 3094 exemptisque
497 3017 580 3076 venis
598 3016 726 3075 omnibus
742 3019 836 3095 patina
854 3032 931 3075 novo
950 3014 1032 3074 fictili
1054 3024 1168 3093 operta

159 3100 189 3156 in
207 3098 270 3160 sole
288 3099 400 3159 subdita
419 3117 494 3176 aqua
505 3099 628 3158 ferventi
640 3099 772 3178 liquatur,
791 3109 979 3182 saccatusque
995 3097 1083 3158 lineis
1096 3117 1166 3158 sac·

161 3183 205 3248 cis
227 3191 256 3242 et
278 3183 307 3241 in
328 3183 409 3244 fictili
430 3200 507 3241 novo
527 3184 675 3260 repositus
696 3185 762 3242 loco
784 3183 890 3258 frigido
907 3183 999 3240 minus
1015 3183 1168 3258 putrescit

159 3265 257 3325 addito
274 3265 370 3329 melle.
400 3265 520 3326 bluriunr
536 3268 607 3326 cinis
622 3285 687 3326 cnm
702 3265 788 3324 melle
804 3266 953 3326 instillatus
970 3273 1017 3325 aut
1033 3283 1101 3324 cunr
1115 3283 1165 3324 ro·
1177 3278 1202 3324 at

160 3349 403 3411 saocodccoctus
421 3350 529 3408 aurium
546 3350 667 3409 dolores
683 3349 773 3408 sedat.
812 3351 835 3407 si
855 3349 971 3426 aliquod
993 3349 1102 3408 animal
1122 3350 1167 3410 in·

159 3435 289 3509 traverit,
304 3433 492 3510 praecipuum
506 3433 663 3492 remedium
680 3442 724 3492 est
738 3434 856 3491 murium
872 3432 912 3492 iel
930 3440 1014 3492 aceto
1025 3431 1167 3508 dilutum,

119 3515 297 3592 russiaque
313 3517 479 3591 intraverit,
498 3515 581 3593 adips
596 3518 745 3576 anserinus
760 3533 823 3575 cum
840 3533 932 3594 cepae
948 3531 1030 3574 suco.
1071 3515 1168 3577 (llinis
