2458 3906
127 227 184 288 164
437 233 743 283 c.un1u1snunuo1

121 397 186 457 loro
203 401 309 454 tautum
325 400 425 452 contra
442 391 627 452 invidentium
643 389 876 450 effascinationes
891 390 981 452 diceri
997 390 1128 451 videmus

120 482 150 540 in
165 476 294 539 remedio
312 479 436 552 satyrica
455 477 548 554 signa,
564 492 734 554 quamquam
754 472 856 535 hortos
878 473 985 534 tutelae
1001 475 1129 536 Veneris

123 563 292 640 adsignante
309 561 421 621 Plauto.
450 562 505 620 iarn
519 559 632 638 quidem
647 558 796 619 hortorum
811 561 926 619 nomine
938 559 967 616 in
978 558 1042 638 ipsa
1054 559 1129 620 urbe

79 663 112 715 51
122 649 243 711 delicias
258 659 346 724 agros
366 644 510 723 villasque
522 643 683 723 possident.
713 642 823 703 Primus
834 643 893 703 lroc
904 642 1025 703 institnit
1036 642 1128 704 Athe-

120 735 164 794 nis
179 732 324 810 Epicurus
344 731 383 789 oti
404 731 551 806 magister.
588 745 681 806 usque
702 727 737 788 ad
760 746 823 788 eum
841 730 932 788 moris
952 745 1010 787 non
1032 727 1150 789 hierats

121 819 148 877 in
167 814 282 896 oppidis
298 812 420 874 habitari
434 831 511 874 rura.
544 813 655 874 Romae
677 811 790 890 quidem
812 829 866 891 per
884 831 916 872 se
936 811 1037 872 hortus
1055 830 1130 890 ager

79 915 112 968 52
120 901 256 982 pauperis
269 907 339 959 erat.
358 898 399 978 [a]
416 916 454 958 ex
467 897 552 958 horto
569 895 667 976 plebel
682 896 851 974 macellum,
867 905 974 975 quanto
990 896 1129 958 innocen·

123 989 197 1047 tiore
220 984 311 1044 victui
349 983 442 1060 mergi
463 984 561 1060 enim‚·
576 980 683 1058 credo,
710 983 740 1040 in
761 981 904 1061 profunda
927 983 1015 1041 satius
1038 991 1085 1041 est
1100 988 1132 1040 et

122 1079 281 1131 ostrearum
313 1085 423 1145 genera
453 1067 603 1144 naufragio
643 1065 769 1145 exquiri,
805 1068 868 1127 a'vis
902 1065 976 1126 ultra
1013 1065 1132 1126 Phasim

122 1172 232 1216 amnem
245 1154 345 1232 petiet
358 1151 493 1212 fabuloso
508 1151 622 1230 quidem
637 1159 849 1227 terreremus,
864 1151 948 1210 immo
961 1152 1004 1210 sic
1018 1152 1129 1229 pretio·
1141 1165 1166 1207 aa

122 1241 232 1315 sicces,
261 1236 331 1296 alias
352 1238 380 1295 in
401 1235 559 1297 Numidiam
581 1245 666 1314 atque
688 1233 864 1314 Aethiopiae
888 1234 1060 1315 sepulchra,
1083 1243 1132 1295 ant

122 1339 253 1404 pugnare
274 1339 337 1380 curn
356 1321 428 1380 ieris
450 1318 602 1398 mandique
632 1321 793 1399 capientem
815 1319 893 1399 quod
912 1318 1025 1380 mandat
1046 1319 1129 1380 alins.

122 1416 160 1482 at,
179 1405 338 1480 Hercules,
354 1423 437 1483 quarn
450 1404 519 1465 uilia
535 1403 624 1480 haec,
642 1421 726 1482 quam
742 1413 842 1484 parata
858 1404 999 1484 voluptati
1015 1406 1130 1464 satieta-

80 1490 399 1570 conquassandam
422 1507 495 1567 quae
515 1487 619 1567 ubique
642 1488 799 1566 indignatio
820 1489 1002 1549 occurreret!
1032 1489 1129 1548 ieron·

122 1576 187 1635 dum
203 1593 272 1634 sane
287 1575 373 1634 luerit
387 1574 530 1652 exquisita
543 1573 623 1633 nasci
638 1589 733 1652 poma,
748 1572 805 1634 alia
819 1591 936 1652 sapore,
953 1573 1008 1633 alia
1020 1573 1129 1649 magni·
1142 1585 1167 1626 ιι

123 1659 237 1735 tudine,
260 1657 315 1718 alia
340 1667 487 1734 monstro,
510 1657 685 1738 pauperibus
707 1657 875 1736 interdicta,
890 1657 1046 1718 inveterari
1063 1656 1132 1715 vina

124 1744 276 1821 saccisque
293 1743 429 1819 castrari,
446 1761 502 1803 nec
518 1744 649 1820 cuiquam
670 1741 743 1804 adeo
766 1741 882 1820 longam
904 1757 971 1802 esse
991 1743 1080 1801 uitam
1099 1747 1132 1800 ut

122 1846 180 1888 non
196 1837 260 1888 ante
276 1845 308 1886 se
324 1829 421 1904 genita
436 1834 528 1906 potet,
547 1844 563 1885 e
578 1826 710 1904 irugibus
727 1843 843 1906 quoqne
859 1826 999 1906 quendam
1011 1824 1131 1888 halitum

123 1911 176 1972 sibi
192 1912 379 1988 excogitasse
395 1909 553 1986 luxuriam,
575 1929 610 1970 ao
631 1910 757 1971 medulla
780 1919 887 1972 tantum
908 1927 1006 1970 earum
1026 1921 1130 1988 super·

124 2013 179 2074 que
194 1996 376 2075 pistrinarum
393 1993 531 2072 operibus
548 2002 577 2053 et
594 1995 748 2056 caelaturis
763 1997 878 2072 vivere,
896 1995 953 2055 alio
970 2011 1045 2073 pane
1062 2009 1129 2072 pro·
1141 2011 1168 2052 aa

124 2096 238 2156 cerum,
259 2079 316 2139 alio
339 2077 436 2156 uolgi,
455 2079 675 2155 tot-generibus
698 2097 790 2158 usque
816 2079 851 2140 ad
869 2079 991 2138 intimam
1011 2077 1132 2158 plebem

81 2162 320 2226 &descendente
338 2179 459 2224 annona.
490 2163 612 2223 etiamne
638 2165 666 2222 in
687 2163 787 2223 herbis
809 2163 962 2224 discrimen
984 2164 1132 2224 inuentum

123 2257 176 2322 est,
194 2264 325 2326 opesque
338 2246 525 2308 differentiam
536 2248 637 2308 iecere
649 2249 677 2307 in
688 2247 754 2308 cibo
767 2249 851 2308 etiam
862 2265 919 2308 uno
931 2265 998 2308 asse
1010 2243 1131 2308 venali?

122 2332 150 2389 in
166 2331 211 2390 his
227 2349 342 2410 quoque
358 2331 452 2410 aliqua
469 2330 523 2390 sibi
540 2333 620 2393 nasci
636 2332 727 2392 tribus
743 2341 850 2410 negant
868 2332 951 2393 caule
972 2333 1001 2392 in
1021 2340 1132 2393 tantum

123 2417 253 2492 saginato
273 2425 303 2474 ut
319 2416 457 2495 pauperis
471 2433 569 2476 mensa
585 2433 643 2476 non
655 2413 772 2496 capiat?
799 2417 942 2478 siluestris
953 2418 1067 2477 lecerat
1081 2433 1131 2476 na·
1141 2443 1168 2484 25

122 2509 185 2559 tura
201 2500 349 2577 corrudam,
366 2508 396 2559 ut
412 2501 518 2578 passim
535 2501 657 2578 quisque
669 2500 839 2562 demeteret.
869 2518 942 2561 ecce
954 2501 1049 2562 altiles
1062 2519 1131 2580 spe·

123 2592 235 2644 utantur
250 2585 397 2664 asparagi,
414 2592 443 2643 et
457 2585 595 2644 Ravenna
613 2594 713 2646 ternos
725 2585 808 2646 libris
819 2585 961 2666 rependit.
988 2585 1045 2645 heu
1058 2603 1129 2664 pro·

122 2667 198 2745 digia
213 2669 337 2729 uentris!
367 2671 467 2728 mirum
483 2679 562 2729 esset
581 2687 639 2730 non
661 2670 752 2730 licere
775 2671 876 2750 pecori
901 2668 1015 2730 carduis
1035 2670 1130 2747 vesci,

80 2762 180 2815 55n0n
198 2751 268 2812 licet
286 2752 400 2833 plebei!
430 2771 522 2831 aquae
541 2771 658 2833 quoque
672 2763 861 2834 separantur,
884 2765 914 2815 et
927 2755 991 2834 ipsa
1007 2763 1130 2814 naturae

122 2835 264 2896 elementa
286 2839 314 2896 vi
335 2837 477 2916 pecuniae
493 2837 619 2899 discreta
635 2849 709 2898 sunt.
736 2838 764 2899 hi
779 2839 868 2916 niuis,
883 2839 925 2899 illi
937 2839 1063 2917 glaciem
1079 2855 1129 2917 po·
1139 2864 1168 2906 ιο

122 2929 197 2996 tant,
223 2939 392 2999 poenasque
415 2922 550 2982 montium
570 2924 598 2982 in
612 2923 792 3003 voluptatem
809 2923 895 3001 gulae
909 2931 1035 2986 vertunt.
1067 2941 1129 2983 ser·

121 3013 203 3064 vatur
219 3006 303 3083 algor
323 3004 452 3065 aestibus
477 3008 716 3087 excogitaturque
737 3017 768 3068 ut
789 3008 890 3069 alienis
911 3006 1058 3068 mensibus
1081 3007 1131 3067 nix

122 3088 229 3166 algeat.
262 3089 406 3150 decocunt
424 3090 472 3150 alii
490 3109 592 3169 aquas,
614 3109 682 3151 mox
699 3101 729 3152 et
743 3091 809 3152 illas
824 3092 959 3153 hiemant.
989 3091 1061 3153 nilril
1076 3093 1129 3152 uti·

80 3181 114 3236 56
123 3191 180 3251 que
209 3172 315 3232 homini
340 3176 383 3235 sic
410 3175 554 3253 quomodo
584 3194 679 3238 rerum
706 3185 824 3238 naturae
849 3177 957 3256 placet.
1003 3178 1129 3236 etiamne

122 3256 212 3316 herba
237 3257 333 3337 aliqua
354 3260 433 3320 diviti
448 3268 555 3319 tantum
579 3259 727 3339 pascitur?
741 3293 784 3308 -
810 3279 894 3321 nemu
911 3277 1014 3322 sacros
1030 3261 1168 3326 Auen-as

21 3409 24 3417 ,
121 3341 254 3420 tinosque
281 3343 387 3403 montis
417 3351 446 3402 et
474 3344 564 3403 iratae
592 3344 687 3423 plebis
716 3363 850 3407 secessus
877 3347 1128 3425 circumspexerit.

121 3442 189 3484 mox
217 3428 292 3486 eninr
316 3435 396 3487 certe
426 3427 561 3505 aequabit
593 3446 666 3508 qnos
697 3432 820 3508 pecunia
849 3432 1041 3510 separaverit.
1077 3433 1127 3492 ita·

123 3524 194 3584 que,
215 3508 375 3589 Hercules,
399 3511 505 3572 nullum
527 3513 641 3574 macelli
665 3515 791 3592 vectigal
821 3516 913 3576 maius
941 3515 994 3576 luit
1016 3516 1128 3578 Romae
