2458 3906
143 227 202 288 mo
490 235 520 283 c.
537 236 634 284 sunm
647 234 799 284 securior

141 411 205 454 cem
226 401 384 462 transeunt.
420 390 527 452 crudos
549 390 654 450 msdIci
678 389 800 452 suadent
823 389 860 453 ad
881 387 1053 466 colligenda
1070 389 1151 451 acria

139 479 283 538 viscerum
298 476 409 538 dardos
424 493 489 536 cum
501 475 562 535 sale
578 475 682 538 ieiunis
696 485 775 550 esse,
792 483 879 554 atque
891 475 933 534 ita
943 471 1150 535 vomitionibus

95 572 131 628 86
141 569 316 642 praeparant
350 569 484 620 meatum.
528 559 642 620 tradunt
673 567 702 619 et
732 558 916 638 praecordiis
947 558 1149 628 necessarium

139 645 215 706 harre
233 663 343 721 sucum,
360 645 475 723 quando
490 643 669 722 phthiriasim
686 643 768 706 cordi
783 645 859 706 intus
875 641 1076 712 inhaerentem
1090 658 1149 704 nou

139 729 207 790 ulio·
220 731 351 812 potuisse
374 729 485 808 depelli
502 737 673 806 conpertum
690 729 727 789 sit
739 729 769 788 iu
786 725 1173 805 temperatissime

138 831 211 893 pora
230 823 408 884 mortuorum
429 813 465 873 ad
488 812 660 873 scrutandos
682 811 800 872 morbos
815 810 1022 880 inescantibus
1047 819 1147 888 atque,

138 907 172 958 ut
184 907 229 958 est
241 898 354 959 Graeca
368 899 490 973 vanitas,
506 897 600 956 lertur
611 897 640 956 in
653 897 764 976 templo
775 895 921 974 Apollinis
933 893 1060 974 Delphis
1071 895 1147 958 adeo

139 985 248 1046 ceteris
264 981 337 1042 cibis
352 983 501 1062 praelatus
515 980 683 1059 raphanus,
699 989 729 1041 ut
746 999 784 1042 ex
801 997 873 1042 auro
889 979 1053 1056 dicaretur,
1078 979 1148 1040 beta

92 1079 129 1140 st
142 1085 181 1128 cr
196 1075 328 1145 argento,
346 1083 448 1146 rapum
463 1085 480 1125 e
494 1064 621 1145 plumbo.
641 1067 734 1126 scires
750 1081 809 1124 non
822 1064 863 1127 ibi
876 1065 1005 1142 genitum
1020 1062 1148 1126 Manium

139 1149 255 1212 curium
270 1151 473 1230 imperatorem
486 1167 583 1228 quem,
599 1150 765 1210 Samnitium
780 1150 886 1227 legatis
896 1165 996 1212 aurum
1009 1148 1146 1228 repudia·
1157 1161 1182 1206 tt

139 1245 204 1296 turc
216 1231 424 1312 adferentibus,
440 1251 539 1313 rapum
551 1242 711 1295 torrentem
730 1235 759 1294 in
773 1234 843 1296 foco
859 1235 1005 1298 inventum
1023 1231 1146 1296 annales

137 1321 228 1380 nostri
240 1320 408 1400 prodidere.
425 1319 542 1398 scripsit
554 1328 583 1378 et
595 1317 747 1378 llcsclriou
756 1317 886 1380 Graccus
897 1336 983 1380 unum
995 1317 1034 1379 de
1041 1316 1145 1397 rapha·

137 1422 176 1464 nc
189 1404 334 1464 volumen.
360 1403 502 1464 utilissimi
519 1403 547 1462 iu
565 1403 637 1463 cibis
654 1402 777 1464 hiberno
790 1412 922 1480 tempore
934 1403 1146 1479 existimamur,

136 1485 1146 1568 iidemquedentibussemperinimici,quoniamatterant.eboracertt

137 1573 259 1652 poliunt.
279 1573 375 1632 odium
388 1572 432 1632 lris
446 1589 509 1632 cum
520 1573 579 1631 vite
594 1589 765 1648 maxumum,
778 1571 945 1648 refugitque
959 1571 1180 1632 iuxtasatcs.1s

91 1668 129 1722 88
201 1657 286 1736 (27.)
309 1655 482 1734 bipnosioru
502 1665 569 1716 suut
590 1655 703 1734 reliqua
726 1658 754 1716 iu
776 1657 974 1733 cartilaginum
994 1654 1146 1733 generes

136 1741 222 1801 uobis
244 1743 354 1820 posita,
377 1742 537 1820 mirumque
558 1740 688 1800 cornibus
703 1741 916 1802 vehementiam
929 1740 1050 1818 saporis
1064 1757 1144 1811 csse.

138 1843 175 1884 ex
197 1827 241 1884 his
262 1826 429 1904 pastinacae
444 1843 528 1884 unum
542 1842 637 1902 genus
650 1835 767 1902 agreste
784 1833 890 1904 sponte
904 1825 1059 1903 provenit,
1087 1831 1145 1883 sta·

137 1909 272 1988 pbplinos
294 1907 407 1968 Graece
429 1908 540 1969 dicitur.
570 1909 691 1969 alterum
713 1909 817 1970 seritur
840 1907 1011 1970 redico-rel
1033 1909 1145 1974 semine

136 2011 207 2051 vere
226 1993 319 2070 primo
337 1992 385 2051 vel
402 2001 552 2069 autumno,
576 2002 605 2053 ut
621 1992 739 2072 Hygino·
749 1993 858 2071 placet,
876 1991 1059 2066 Februario,
1084 1991 1178 2050 riu-so

90 2085 233 2154 sogustc,
251 2075 427 2154 Septembri,
445 2074 576 2156 Octobri,
590 2076 657 2136 solo
669 2095 753 2155 quam
766 2077 907 2138 altissime
919 2077 1050 2137 refosso.
1065 2076 1143 2138 auni-

136 2159 201 2220 oula
216 2159 295 2219 utilis
311 2177 379 2219 esse
395 2160 510 2238 incipit,
526 2159 600 2220 bima
617 2161 730 2238 utilior,
745 2163 857 2239 gratior
871 2169 1006 2223 autumno
1022 2160 1142 2240 patinis·

136 2262 194 2325 que
213 2261 362 2318 maxume,
385 2253 415 2304 et
436 2246 479 2304 sic
500 2261 618 2324 quoque
639 2246 720 2304 virus
734 2244 918 2306 intractabile
934 2245 976 2306 illi
992 2254 1049 2306 est.
1094 2243 1142 2304 lli-

135 2329 247 2388 biscum
262 2347 280 2388 a
295 2330 443 2408 pastinaca
460 2330 623 2406 gracilitate
640 2329 741 2407 distat,
763 2329 923 2390 damnatum
937 2331 966 2390 ia
981 2328 1072 2404 olbis,
1089 2325 1143 2387 sed

135 2412 295 2474 medicinae
317 2413 397 2474 utile.
427 2423 473 2474 est
493 2423 522 2474 et
541 2423 671 2492 quartum
685 2431 779 2492 genus
794 2415 822 2474 in
838 2413 941 2474 eadem
956 2412 1178 2474 similitudinem
1227 2439 1228 2442 =

135 2497 303 2576 pastinacae
319 2515 403 2576 quam
417 2500 509 2558 nostri
523 2497 660 2558 Gallicum
675 2507 792 2574 vocant,
809 2495 913 2559 Graeci
927 2514 1000 2558 vero
1016 2496 1142 2572 daucon,

136 2583 216 2642 cuius
231 2599 341 2658 genera
357 2583 442 2643 etiam
460 2589 593 2661 quattuor
607 2581 718 2662 iecere,
735 2583 810 2642 inter
825 2581 937 2642 medica
952 2579 1118 2642 dicendum.

89 2675 127 2730 90
199 2665 283 2744 (28.)
304 2666 387 2726 Siser
407 2675 438 2725 et
456 2667 549 2744 ipsum
565 2663 698 2726 'liberius
721 2667 860 2745 princeps
881 2665 1044 2728 nobilitavit
1059 2663 1142 2742 flagi·

134 2758 197 2808 tans
212 2750 345 2810 omuibus
358 2751 437 2809 annis
450 2767 467 2809 a
480 2748 641 2810 Gennania.
666 2748 798 2811 Gelduba
810 2751 975 2830 appellatur
988 2748 1142 2812 castellum

134 2833 238 2893 llhenc
258 2836 413 2914 inpositum
431 2833 479 2893 ubi
494 2834 677 2910 generositas
692 2835 868 2914 praecipua,
890 2853 929 2894 ex
943 2851 1002 2913 quo
1019 2834 1174 2912 adparetm

133 2917 246 2994 bigidis
262 2919 336 2978 locis
351 2919 516 2979 convenire.
534 2918 610 2977 inest
625 2917 803 2996 longitudine
818 2936 926 2980 nervos
941 2920 992 2997 qui
1008 2917 1142 2978 decoctis

136 3001 312 3078 extrahitur,
342 3001 536 3063 amaritudinis
562 3011 658 3062 tamen
681 3019 784 3080 magna
806 3010 890 3081 parte
910 3003 1034 3078 relicta,
1068 3019 1141 3079 quac

133 3086 227 3148 mulso
239 3087 268 3144 irr
280 3084 352 3145 cibis
362 3094 523 3164 temperata
531 3087 616 3145 etism
628 3086 656 3144 in
668 3083 789 3162 gratiam
799 3087 928 3146 vertitur.
943 3103 1055 3146 nervos
1065 3086 1142 3146 idem

109 3237 113 3250 Ι
134 3179 163 3230 et
180 3171 347 3248 pastinacae
365 3171 482 3247 maiori,
500 3169 646 3230 dumtaxat
663 3170 823 3230 anniculae.
850 3171 951 3230 siseris
968 3179 1049 3231 satus
1062 3187 1141 3230 men·

132 3253 214 3314 sibus
229 3253 398 3328 Februario,
411 3252 524 3329 llartio,
537 3253 642 3333 Aprili,
654 3253 799 3331 Augusto,
815 3254 992 3332 Septembri,
1008 3253 1176 3314 Octobriue

87 3347 123 3402 91
201 3337 284 3417 (29.)
307 3337 430 3398 Brevior
453 3337 496 3398 iris
522 3347 567 3398 ert
587 3347 617 3398 et
637 3339 766 3398 torosior
785 3339 968 3417 amariorque
989 3338 1070 3400 inula
1089 3355 1143 3417 per

133 3437 167 3480 se
183 3422 333 3482 stomacho
348 3422 551 3498 inimicissima,
568 3423 670 3484 eadem
685 3421 818 3484 dulcibus
830 3423 925 3484 mixtis
937 3422 1142 3486 saluberrima.

132 3502 264 3582 pluribus
285 3504 377 3564 modis
399 3506 567 3566 austeritate
591 3507 667 3566 victa
689 3508 809 3586 gratiam
824 3508 941 3568 invenit.
968 3525 1097 3586 namque
1113 3513 1143 3566 et
