2458 3906
293 247 373 296 usn.
387 247 481 300 ,nram
497 249 609 298 xv1111.
626 247 651 301 a.
674 239 827 318 (to-41.)
1007 241 1066 302 179

91 405 168 484 planta
189 412 318 464 extremo
342 422 414 476 vere
439 405 599 484 plantatur,
622 424 658 465 ne
678 407 757 484 prius
781 423 862 482 cyma
884 425 968 487 quam
984 409 1068 470 carde

90 491 171 570 pariat.
194 489 276 549 tertia
298 490 376 550 circa
392 489 561 564 solstitium,
585 507 623 548 ex
638 509 709 568 qua,
735 491 759 549 si
776 491 897 551 umidior
913 492 996 552 locus
1012 503 1067 574 est,

89 582 194 648 aestate,
214 573 239 632 si
255 574 378 650 siccior,
395 582 527 634 autumno
544 573 698 652 plantatur.
719 591 801 635 umor
816 575 956 656 limusque
973 578 998 636 si
1016 577 1066 639 de·

89 659 167 734 luere,
187 657 276 717 maior
300 659 413 737 saporis
434 659 526 734 gratia
542 667 603 734 est,
628 659 652 718 si
668 657 868 736 abundavere,
890 661 995 722 laetior
1009 661 1066 721 ier·

75 743 166 802 ttilitas.
200 741 293 803 limum
317 743 455 803 asininum
480 759 612 802 marnme
639 744 807 825 convenit„
831 745 871 823 [a]
895 744 949 805 Est
973 746 1047 806 haec
1059 755 1110 810 139

90 843 181 906 qnoque
196 845 244 886 res
260 827 336 887 inter
351 843 441 906 opera
455 843 585 904 ganeae,
608 837 789 907 quapropter
805 844 862 887 non
875 828 988 908 pigebit
1002 849 1066 889 ver·

88 913 166 972 bosius
188 912 336 991 persequi.
374 913 549 990 praecipuus
573 911 603 971 iit
627 910 717 972 caulis
742 929 850 990 sapore
871 931 905 972 ac
926 916 1066 991 magnitu-

89 996 151 1070 dine,
170 997 288 1073 primum
304 997 427 1056 omnium
443 996 468 1055 si
484 996 512 1054 in
527 997 706 1074 repastinato
723 1013 820 1073 seras,
839 996 905 1057 dein
921 999 946 1057 si
961 1006 1066 1058 terram

88 1079 199 1157 fugientis
220 1079 382 1140 cauliculos
398 1097 523 1158 sequare
539 1088 616 1140 terra
632 1080 821 1159 tollentisqne
837 1099 871 1141 se
887 1083 1066 1161 proceritate

66 1163 209 1224 arlnmriosa
224 1165 433 1242 exaggerando
450 1163 534 1224 aliam
549 1163 716 1226 adcumules
730 1167 769 1224 ita
784 1183 821 1224 ne
835 1165 901 1244 plus
918 1185 1001 1244 quam
1019 1184 1066 1226 ea·

89 1266 167 1308 umen
179 1250 311 1308 emineat.
341 1247 496 1308 Tritianum
512 1248 569 1308 laec
584 1266 677 1325 genus
692 1258 814 1310 vocatur
829 1249 874 1310 bis
891 1250 1068 1329 conputabili

88 1333 197 1412 inpendio
213 1333 382 1412 taedioque.
422 1332 462 1412 [3]
483 1330 588 1393 Cetera
604 1351 715 1410 genera
731 1334 871 1412 conplura
887 1345 966 1395 sunt:
991 1333 1111 1398 Gar-140

88 1433 174 1478 nanum
189 1417 285 1478 sessili
301 1417 389 1493 lolio,
415 1419 510 1497 capite
525 1418 667 1495 patulum,
683 1418 831 1478 Aricinum
846 1419 994 1480 altitudine
1009 1437 1067 1480 non
1090 1496 1094 1502 ,

88 1502 217 1562 excelsius.
233 1502 307 1564 lolio
322 1502 503 1562 numerosius
518 1519 602 1580 quam
617 1505 730 1564 tenuius
745 1504 802 1563 hoc
816 1503 996 1564 utilissimum
1006 1505 1066 1564 eni·

66 1586 207 1663 lintimatur,
235 1588 304 1666 quia
325 1585 378 1646 rub
402 1584 533 1645 omnibus
555 1604 648 1664 paene
671 1587 749 1649 loliis
772 1588 888 1648 fruticat
915 1587 1066 1648 cauliculis

87 1670 267 1746 peculiaribus.
299 1670 503 1749 Pompeianum
519 1673 689 1748 procerius,
713 1672 795 1733 caule
811 1671 846 1732 ab
862 1673 960 1733 radice
975 1672 1064 1747 tenni,

87 1754 141 1814 intra
156 1755 227 1816 lolia·
235 1757 405 1816 crassescit.
433 1756 545 1815 rariora
559 1754 634 1816 haec
650 1757 892 1836 augustinusque,
916 1756 968 1817 sed
984 1765 1065 1816 tene·

86 1838 139 1898 ritas
156 1838 182 1898 in
201 1839 271 1900 dote
295 1841 332 1906 ei.
355 1839 466 1916 frigora
486 1855 543 1898 nou
568 1840 691 1916 tolerat,
719 1840 823 1920 quibus
845 1843 930 1902 etiam
952 1841 1067 1902 aluntur

23 1933 30 1986 r
86 1919 198 1984 bruttiani
215 1924 416 2003 praegrandes
429 1923 519 1999 loliis,
537 1923 621 1984 caule
635 1933 749 2003 tenues,
763 1942 870 2004 sapore
882 1927 968 1986 acuti.
997 1927 1048 1986 Sa·
1057 1931 1107 1987 141

64 2001 173 2066 ubellico
200 2027 295 2088 usque
323 2010 353 2069 in
383 2008 599 2069 admirationem
627 2011 724 2090 crispa
750 2019 816 2070 suut
844 2011 915 2071 lolia
945 2027 1066 2088 quorum

87 2092 221 2153 crassitudo
249 2092 365 2153 caulem
387 2094 481 2171 ipsum
510 2101 662 2170 extenuat,
702 2094 754 2155 sed
784 2094 942 2155 dulcissimi
969 2094 1065 2173 perhi-
1165 2147 1167 2154 .

86 2169 166 2235 lentur
183 2195 220 2236 ex
243 2176 386 2236 omnibus.
421 2195 514 2254 nuper
538 2177 655 2238 subiere
676 2176 848 2238 Lacuturres
871 2197 909 2239 ex
930 2177 1064 2238 convalle

23 2299 25 2302 -
86 2254 189 2336 Aricina,
215 2262 266 2321 nbi
296 2261 441 2340 quondam
470 2261 523 2320 luit
553 2261 634 2322 lacus
660 2263 806 2342 turrisque
828 2281 902 2340 quae
924 2272 1065 2338 remanet,

87 2343 160 2420 eapite
181 2345 399 2424 praegrandes,
428 2341 500 2404 folio
515 2347 670 2421 innumeri,
703 2347 750 2406 alii
766 2349 794 2406 in
810 2347 911 2406 orbem
927 2347 1063 2422 correcti,

62 2423 123 2485 aaut
144 2429 169 2488 in
188 2429 368 2491 latitudinem
388 2429 491 2490 torosi.
525 2447 581 2490 nec
600 2429 665 2509 plus
689 2431 756 2491 ullis
780 2433 882 2510 capitis
910 2440 978 2511 post
1003 2430 1064 2489 l'ri-

85 2509 182 2592 tiannm,
208 2516 254 2575 cui
275 2514 383 2594 pedale
407 2513 560 2593 aliquando
578 2515 756 2593 conspicitur
771 2525 800 2575 et
818 2533 900 2590 cyma
916 2515 1003 2575 nullis
1018 2531 1063 2572 sa·

85 2593 137 2654 rior.
171 2595 348 2678 Cuicumque
370 2607 464 2659 autem
481 2599 584 2675 generi
599 2601 720 2677 pruinae
741 2600 900 2679 plurumum
918 2598 1107 2660 suavita-142

84 2677 111 2738 tis
129 2683 272 2744 conferunt
297 2692 342 2760 et,
371 2676 568 2762 nisi'obliquo
589 2683 712 2744 volnere
734 2682 905 2744 defendatur
925 2681 1063 2758 medulla,

85 2761 219 2838 plummum
234 2776 355 2828 nocent.
383 2767 482 2828 semini
500 2766 633 2827 destinati
648 2784 706 2827 non
722 2776 865 2828 secantur.
910 2765 963 2826 Est
979 2767 1064 2827 etiam

61 2857 124 2908 true
140 2853 225 2927 gratia
243 2869 397 2931 numquam
421 2851 536 2931 plantae
558 2851 684 2911 habitum
705 2850 915 2912 excedentibus
940 2885 981 2898 -
1004 2850 1064 2912 hal·

85 2933 180 3006 utridia
194 2945 317 3012 vocant,
339 2937 472 3014 quoniam
487 2936 541 2994 nisi
557 2937 585 2994 in
599 2937 746 2995 maritimis
761 2952 818 2994 non
835 2937 1007 3014 proveniunt
1021 2968 1065 2982 -

23 3027 24 3054 ³
85 3018 244 3094 nauigatione
271 3038 389 3100 quoque
416 3019 572 3099 longinqua
601 3019 701 3080 viridis
727 3020 891 3097 adservari,
918 3021 942 3080 si
970 3020 1064 3080 statim

86 3096 175 3164 desecti
193 3106 232 3167 ita
253 3124 291 3165 ne
311 3105 426 3165 humum
442 3105 580 3180 attingant
595 3105 624 3163 in
642 3103 731 3164 cados
748 3104 807 3164 olei
823 3122 906 3183 quam
921 3116 1063 3183 proxume

23 3199 25 3260 t
86 3181 189 3248 siccatos
203 3199 414 3270 opturatosque
430 3188 590 3249 condantur
606 3189 681 3249 omni
699 3189 801 3267 spiritu
814 3189 946 3250 excluso.
971 3189 1106 3252 Sunt143

23 3273 25 3334 l
60 3269 122 3344 itti
134 3271 250 3348 plantam
265 3276 294 3334 iu
310 3272 511 3335 transferendo
527 3272 592 3350 alga
608 3272 721 3333 subdita
738 3273 872 3353 pediculo
887 3274 990 3333 nitrive
1004 3273 1063 3332 triti

23 3361 25 3420 l
85 3355 147 3428 quod
163 3358 250 3419 tribus
274 3360 371 3437 digitis
394 3359 523 3436 capiatur
545 3357 719 3418 celeriorem
741 3358 777 3419 ad
792 3359 982 3418 maturitatem
1000 3355 1062 3416 lieri

23 3427 25 3514 !
85 3445 172 3510 putent.
195 3453 258 3504 sunt
275 3445 324 3524 qui
341 3460 440 3524 semen
454 3441 543 3502 triloli
560 3441 720 3520 nitrumque
736 3441 819 3502 simnl
833 3443 927 3502 tritum
943 3441 1062 3519 adsper-

23 3537 24 3608 ᾖ
85 3531 138 3594 gant
154 3524 237 3588 iuliis.
271 3531 374 3590 nitrum
394 3529 422 3586 in
443 3525 598 3604 coquendo
622 3529 707 3586 etiam
730 3527 902 3670 viriditape21p
925 3525 1061 3602 custodit,
