2504 3930
345 252 676 302 resumentem.
700 243 815 314 (2—6.)
1028 237 1090 302 235
1195 313 1202 327 ·

52 419 54 424 '
155 407 220 486 (3.)
242 406 365 468 Exstant
382 415 463 467 certe
481 417 510 466 ct
525 406 600 484 apud
612 405 699 468 Italas
717 407 812 482 gentis
833 405 959 482 vestigia
983 407 1046 466 eius
1057 407 1088 468 in
1099 417 1134 471 12

91 491 147 552 ΧΗ
162 490 267 551 tabulis
281 493 388 551 nostris
410 491 533 569 aliisque
557 490 731 568 argumentis
752 507 826 568 quae
846 490 945 568 priore
967 490 1086 554 volu-se.
1099 510 1122 546 n

90 577 167 634 mine
180 575 313 652 exposui.
336 573 474 635 DGbVll.
489 575 600 636 demum
614 591 689 634 anno
704 574 783 634 urbis
799 572 852 634 Gn.
865 572 1004 635 Cornelio
1019 574 1091 634 ben·

1 653 2 658 ’
91 659 153 719 tulo
169 659 200 718 P.
216 658 325 719 Licinio
343 657 450 718 Crasso
467 675 545 718 coss.
575 657 855 720 senatusconsultum
867 657 974 718 lactum
994 667 1039 717 est
1055 677 1092 720 ne

63 742 179 802 sbomo
196 742 393 820 imnolaretur,
409 743 562 822 palamque
576 744 606 802 lit
623 744 651 802 in
666 752 779 821 tempus
795 741 866 802 illud
881 751 911 802 ut
926 759 1010 802 sacra
1025 759 1091 821 pro·

1 881 2 898 ,
92 826 207 903 digiosa
222 825 391 886 celebratio.
875 893 877 897 ,

155 911 220 988 (4.)
243 908 352 970 Gallias
370 910 632 988 utique'posssdit,
656 918 686 970 et
700 909 814 987 quidem
831 909 867 969 ad
887 917 1015 970 nostram
1030 927 1088 970 me·
1099 921 1135 975 13

90 989 221 1052 moriam.
253 1011 374 1071 namque
396 993 496 1054 Tiberi
516 993 652 1054 Caesaris
673 995 851 1073 principatus
873 993 988 1053 sustulit
1008 991 1091 1052 Drui-

1 1113 2 1138 t
92 1076 145 1137 das
160 1093 260 1137 eorum
281 1086 310 1136 et
328 1076 384 1137 boc
406 1094 500 1153 genus
521 1087 615 1138 return
630 1078 865 1155 medicorumque
885 1095 940 1156 per
962 1085 1091 1136 serratas-

52 1160 265 1221 1oeonsultum.
298 1160 374 1235 Quid
396 1177 453 1237 ego
476 1162 550 1222 baec
575 1179 788 1222 oonrnemorcm
815 1162 843 1220 ia
863 1169 925 1220 arte
953 1177 1092 1220 oceanum

93 1261 210 1322 quoque
227 1253 410 1321 transgressa
425 1253 454 1304 et
476 1245 512 1304 ad
526 1253 645 1306 naturae
661 1248 745 1305 inane
762 1241 925 1322 pervecta?
949 1244 1092 1304 Britannia

90 1327 240 1406 hodieque
263 1345 326 1388 eam
346 1331 465 1389 attonita
481 1329 612 1389 celebrat
627 1329 712 1390 tantis
729 1330 912 1388 caerimoniis
928 1337 958 1389 ut
974 1328 1090 1388 dedisse

89 1411 190 1472 Persis
208 1411 299 1472 videri
314 1414 415 1490 possit.
439 1414 514 1473 adeo
526 1414 580 1473 ista
597 1422 658 1473 toto
676 1413 781 1473 mundo
799 1429 979 1472 consensere
995 1428 1090 1489 quam·

89 1513 177 1574 quarn
197 1495 324 1556 discordi
339 1505 368 1555 et
383 1495 436 1555 sibi
450 1498 561 1573 ignoto.
580 1515 636 1557 nec
648 1500 717 1558 satis
732 1497 877 1556 aestimari
892 1504 991 1574 potest
1003 1513 1090 1573 quan·

52 1591 79 1632 tt
88 1589 149 1639 tum
166 1580 303 1638 Romanis
317 1579 458 1640 debeatur
473 1582 522 1658 qui
536 1581 679 1642 sustulere
693 1589 821 1640 monstra
836 1581 865 1639 in
880 1579 985 1658 quibus
1001 1579 1091 1638 bomi-

1 1723 2 1726 ,
86 1681 156 1722 nem
171 1662 309 1722 occidere
322 1663 569 1740 religiosissimum
585 1673 656 1743 erat,
671 1664 765 1724 mandi
776 1680 848 1723 vero
864 1665 949 1724 etiam
963 1661 1092 1723 saluber·

87 1765 201 1806 rrrnurn.

156 1831 221 1908 (5.)
242 1829 282 1890 Ut
296 1833 422 1891 narravit
434 1831 589 1909 Osthanes,
602 1831 718 1910 species
730 1832 793 1890 cius
805 1830 905 1910 plures
918 1838 992 1889 sunt.
1014 1847 1089 1890 narn·
1102 1839 1136 1893 ll

87 1933 147 1994 que
164 1922 194 1974 et
209 1929 283 1990 aqna
298 1922 327 1973 et
342 1915 474 1993 sphaeris
491 1925 519 1974 et
534 1933 601 1976 aere
618 1925 647 1975 et
665 1914 759 1974 stellis
781 1923 810 1974 et
827 1914 955 1974 lucernis
977 1931 1012 1974 ac
1029 1913 1091 1992 pel·

52 2015 78 2060 so
89 1997 177 2058 vibus
189 1997 397 2075 securibusque
409 2008 439 2059 et
448 1999 544 2059 multis
558 1999 622 2060 aliis
634 1998 727 2059 modis
738 1998 834 2058 divina
849 1999 998 2080 promittit,
1009 2014 1091 2074 pree·

1 2123 2 2140 1
86 2091 174 2142 terea
186 2080 348 2140 umbrarum
362 2083 579 2162 inferorumque
598 2083 770 2161 conloquia,
789 2099 864 2160 quae
887 2082 981 2141 omnia
999 2087 1093 2140 aetate

1 2203 2 2208 κ
87 2173 191 2225 nostra
206 2165 344 2244 princeps
358 2165 438 2227 Nero
456 2185 527 2227 vana
541 2167 672 2246 falsaque
689 2169 833 2244 conperit,
855 2166 963 2244 quippe
979 2181 1037 2224 non
1053 2164 1091 2222 ci·

4 2320 8 2331 ι
88 2248 192 2308 tharae
208 2249 371 2327 tragicique
386 2259 486 2310 cantus
501 2249 591 2311 libido
605 2251 648 2310 illi
668 2252 760 2310 maior
776 2250 844 2324 luit,
865 2241 982 2308 iortuna
997 2265 1092 2308 rerum

89 2332 275 2391 humanarum
287 2349 394 2392 summa
405 2335 549 2410 gestiente
560 2337 589 2393 in
600 2333 751 2412 profundis
763 2333 846 2393 animi
859 2334 944 2407 vitiis,
959 2333 1092 2411 primum·

53 2440 79 2481 25
91 2433 151 2494 que
163 2416 307 2494 imperare
321 2415 364 2475 dis
380 2419 554 2494 concupivit,
570 2435 626 2476 neo
640 2419 793 2496 quicquam
805 2416 979 2492 generosius
993 2415 1092 2475 valuit.

87 2515 177 2558 nemo
191 2499 293 2558 artium
305 2517 426 2578 unquam
446 2500 496 2560 ulli
514 2500 636 2560 validius
646 2502 727 2560 lavit.
753 2499 879 2559 adhaec
899 2516 956 2557 non
974 2515 1048 2575 opes
1064 2498 1091 2557 ei
1103 2508 1136 2562 15

3 2627 5 2646 t
87 2583 226 2657 deluere,
237 2599 295 2640 non
308 2583 397 2659 vires,
410 2601 467 2644 non
481 2584 617 2644 discentis
630 2584 786 2662 ingenium.
813 2599 887 2661 quae
901 2582 1027 2641 nonalia
1044 2599 1093 2659 pa·

3 2647 6 2732 ⁴,
87 2668 183 2726 tiente
207 2664 328 2742 mundo,
350 2668 522 2744 inmensum,
547 2667 731 2728 indubitatum
751 2664 914 2744 exemplum
938 2673 983 2724 est
1000 2665 1095 2724 falsae

4 2804 9 2826 ,
87 2751 162 2810 artis
177 2765 263 2826 quam
275 2748 427 2828 dereliquit
439 2751 535 2826 Nero,
550 2754 712 2830 utinamque
730 2749 840 2808 inferos
856 2749 951 2826 potius
963 2756 994 2808 et
1006 2764 1095 2825 quos·

53 2841 79 2886 to
89 2849 219 2910 cumque
231 2831 268 2891 de
275 2834 487 2911 suspicionibus
500 2837 559 2894 suis
566 2834 638 2894 deos
653 2833 847 2895 consuluisset
858 2829 1097 2908 quamlupanari·

87 2917 146 2977 bus
163 2925 251 2993 atque
266 2918 425 2994 prostitutis
441 2918 606 2978 mandasset
625 2917 825 2997 inquisitiones
840 2932 907 2989 ens,
930 2911 1009 2972 nulla
1026 2931 1097 2992 pro-

86 3001 173 3060 iecto
186 3016 282 3075 sacra,
298 2998 411 3060 barbari
427 3002 496 3061 licet
505 3003 620 3080 ferique
630 3004 712 3077 ritus,
725 2998 906 3058 nonmitiora
919 3012 1004 3074 quam
1014 2999 1099 3073 cogi·

86 3083 219 3144 tationes
240 3083 303 3142 eius
316 3084 446 3145 tuissent.
477 3088 594 3146 saevius
612 3087 654 3144 sic
669 3101 724 3144 nos
740 3081 846 3161 repleti
863 3079 981 3140 umbris.

153 3167 171 3244 (
193 3167 220 3244 .)
241 3166 311 3226 Sunt
326 3168 464 3246 quadam
479 3169 572 3246 blagis
588 3159 732 3248 perfugia,
750 3157 1026 3237 velutilentiginem
1045 3161 1097 3224 lra-
1112 3172 1147 3226 16

54 3249 229 3311 “bentibus
245 3268 304 3310 non
324 3250 447 3330 obsequi
466 3255 578 3312 rumina
598 3262 646 3311 aut
663 3251 753 3310 cerni.
786 3247 882 3317 obstet
895 3246 971 3303 lorte
991 3244 1058 3306 lroc
1076 3249 1107 3308 iu

87 3331 167 3395 illo?
189 3333 259 3394 nibil
275 3334 409 3394 membris
424 3335 523 3395 deluit.
553 3353 618 3395 nam
634 3335 696 3394 dies
719 3332 831 3407 eligere
854 3337 951 3388 certos
969 3325 1110 3392 liberum

89 3426 172 3494 erat,
196 3417 327 3496 pecudes
349 3436 420 3477 vero
443 3419 545 3496 quibus
565 3436 623 3478 non
642 3417 699 3476 nisi
716 3424 780 3475 ater
797 3411 879 3472 colos
898 3419 978 3469 esset
997 3409 1113 3476 facilc.

87 3519 156 3563 nam
177 3501 311 3561 homines
331 3501 471 3562 inmolare
496 3505 580 3562 etiarn
604 3501 807 3578 gratissimum.
844 3494 947 3568 blagus
972 3492 1011 3588 ad
