2396 3922
181 267 238 326 124
514 279 542 326 e.
558 279 815 328 an1u1sncuun1

177 431 268 493 simile
285 431 452 509 coriandro,
472 433 570 494 radice
591 432 719 510 lignosa,
742 435 821 493 nasei
836 433 865 491 in
878 431 997 492 arbustis
1011 444 1153 488 maxume.

135 527 186 579 134
195 518 247 576 Vis
260 517 321 574 eius
333 517 459 594 spissare
474 533 606 596 corpora.
634 534 720 576 sucus
735 518 899 593 sanguinem
913 535 928 574 e
942 515 1058 576 naribus
1071 513 1156 571 llnen·

176 609 232 658 tem
248 599 374 658 inclusus
390 601 472 676 sistit,
489 602 555 660 item
573 601 676 660 alvom.
706 600 834 660 medetur
849 599 1028 674 dysintericis
1045 598 1076 654 in
1091 596 1155 653 vino

176 682 252 742 dulci
267 691 353 759 potus
369 683 479 756 cyathis
492 683 592 759 tribus,
610 685 716 743 urinam
736 686 802 758 ciet,
818 684 925 758 tussim,
947 683 1159 760 orthopnoeam

175 773 265 840 sanat,
282 767 348 824 item
363 775 446 844 rupta
461 775 489 826 et
504 785 576 843 quae
591 775 720 846 serpunt.
751 767 891 825 intestinis
908 775 936 824 et
951 768 1074 824 vesicae
1092 761 1180 821 icliat

176 847 324 923 bibuntur,
351 849 537 909 enterocelen
562 850 687 910 cohibet.
719 849 839 909 Faciunt
861 859 890 908 et
909 849 990 908 aliam
1014 846 1161 927 hippurim

174 929 355 990 brevioribus
375 941 404 991 et
423 932 601 992 mollioribus
617 934 706 993 comis
722 932 999 1011 candidioribusque,
1017 946 1159 1010 perquam

176 1014 273 1074 utilem
285 1015 446 1075 ischiadicis
466 1025 495 1075 et
516 1015 683 1076 volneribus
703 1034 741 1075 ex
761 1025 845 1076 aceto
866 1018 1017 1094 inpositam
1039 1021 1161 1093 propter

134 1098 350 1163 lacessendum
366 1097 541 1176 sanguinem.
575 1099 612 1159 Et
632 1099 790 1179 nymphaea
809 1102 871 1159 trita
893 1098 987 1177 plagis
1004 1098 1159 1178 inponitur.

177 1181 372 1260 peucedanum
391 1200 451 1240 cum
471 1185 578 1242 semine
593 1183 724 1262 cupressi
739 1182 861 1258 bibitur,
880 1185 903 1242 si
924 1184 1043 1259 sanguis
1058 1197 1116 1260 per
1130 1189 1188 1236 osto

175 1264 301 1324 redditus
317 1274 361 1324 est
376 1264 492 1325 lluxitve
505 1265 540 1324 ab
556 1266 684 1325 infernis.
724 1265 979 1334 Sideritistaritam
1000 1268 1060 1324 uim
1076 1261 1162 1322 habet

176 1357 206 1407 ut
231 1349 358 1424 quamvis
380 1352 490 1408 recenti
517 1349 686 1426 gladiatoris
706 1349 818 1408 volneri
846 1348 963 1426 inligata
990 1347 1162 1425 sangninem

176 1428 304 1507 claudat,
329 1431 405 1508 quod
419 1431 488 1492 iacit
507 1442 535 1491 et
550 1432 661 1492 ferulae
677 1434 747 1492 cinis
761 1433 810 1492 vel
833 1433 937 1508 carbo,
958 1432 1069 1508 fungus
1091 1443 1162 1488 vero

134 1523 185 1579 136
196 1515 279 1573 etiam
295 1515 456 1592 efficacius,
473 1516 520 1593 qui
535 1515 688 1575 secundum
701 1515 826 1576 radicem
843 1517 904 1575 eius
920 1517 1060 1575 nascitur.
1079 1513 1162 1592 (84.)

175 1615 228 1675 per
247 1599 324 1656 naris
353 1607 447 1657 autem
470 1599 566 1658 liuenti
592 1609 620 1659 et
646 1601 757 1660 cicutae
779 1617 877 1658 semen
903 1601 998 1658 tritum
1028 1607 1178 1675 exequat

174 1679 355 1760 additumque
379 1683 484 1741 efficax
504 1682 642 1758 habetur,
671 1685 738 1743 item
769 1682 993 1762 stephanomelis
1015 1700 1055 1741 ex
1079 1697 1162 1758 aqna.

174 1765 346 1823 vettonicae
363 1764 485 1824 farinae
506 1765 580 1825 lacte
596 1769 713 1846 caprino
729 1774 797 1842 pota
819 1767 894 1826 sistit
913 1784 949 1826 ex
964 1765 1057 1825 ubere
1074 1765 1160 1824 linen-

173 1855 242 1920 tem,
258 1848 450 1928 plantagoque
474 1858 618 1908 contunsa.
647 1849 772 1908 eiusdem
790 1868 877 1909 sucus
896 1848 1084 1909 vomentibus
1101 1864 1161 1908 san·

173 1931 287 2006 guinem
309 1931 398 1990 datur.
436 1932 472 1990 ad
500 1933 649 1992 erraticum
680 1941 772 1992 antem
793 1931 875 1992 radix
896 1932 1078 2011 persollatae
1102 1947 1161 1988 curn

30 2028 35 2039 ·
133 2021 181 2077 137
193 2013 315 2088 axungia
330 2021 430 2073 vetere
450 2015 529 2075 inlita
549 2015 696 2095 probatur.
727 2014 810 2095 (85.)
833 2018 924 2096 ruptis
941 2007 1197 2096 convolsisque&¹

174 2113 212 2153 cx
230 2094 288 2154 alto
310 2096 431 2156 deiectis
452 2100 625 2159 centaurium
638 2101 743 2174 maius,
766 2100 918 2176 gentianae
935 2100 1019 2159 radix
1033 2101 1102 2157 trita
1118 2095 1160 2156 sel
1196 2101 1197 2114 ¹

172 2177 294 2237 decocta
312 2179 359 2238 vel
381 2196 466 2238 sucus
481 2182 668 2259 vettonicae,
695 2191 724 2242 et
744 2181 800 2242 hoc
824 2183 945 2261 amplius
969 2201 986 2242 a
1005 2184 1096 2240 vocis
1118 2187 1160 2240 aut

173 2260 272 2319 lateris
289 2263 529 2341 contentionibus,
548 2283 683 2343 panaces,
699 2266 859 2339 scordium,
875 2264 1065 2325 aristolochia
1081 2272 1158 2343 pota,

135 2343 145 2354 '
173 2345 318 2420 agaricum
333 2346 399 2405 item
419 2349 564 2406 contunsis
581 2359 609 2408 et
632 2350 743 2408 eversis
763 2358 860 2427 potum
880 2349 991 2408 duobus
1013 2347 1115 2408 obolis
1133 2347 1158 2404 in

171 2426 254 2485 mulsi
270 2428 379 2502 cyathis
393 2429 482 2489 tribus
497 2440 557 2507 aut,
576 2432 600 2489 si
613 2431 703 2491 febris
719 2433 772 2506 sit,
792 2434 819 2490 in
834 2450 905 2510 aqua
925 2433 1033 2508 mulsa,
1056 2430 1181 2491 verba-2⁵

172 2527 251 2570 scum
267 2514 345 2572 cuius
362 2511 415 2572 llos
431 2514 529 2576 similis
546 2531 615 2573 auro
631 2524 691 2591 est,
713 2518 791 2574 acori
815 2515 913 2588 radix,
930 2516 1044 2575 aizoum
1065 2531 1156 2586 omne,

171 2593 223 2652 sed
239 2597 355 2655 maioris
369 2615 455 2655 sucus
470 2597 685 2671 efficacissime,
709 2599 776 2657 item
791 2599 934 2675 symphyti
955 2600 1001 2657 iu's
1019 2600 1070 2658 vel
1089 2597 1155 2658 radi·

171 2677 213 2735 cis
227 2676 393 2755 decoctum,
417 2679 525 2740 daucos
548 2681 652 2755 cruda,
678 2681 850 2756 erysithales
870 2682 943 2740 llore
961 2680 1063 2756 luteo,
1084 2681 1154 2741 loliis

171 2759 283 2816 acanthi
305 2777 321 2818 e
341 2763 426 2838 vino,
450 2763 516 2822 item
540 2762 727 2842 chamaerops
751 2767 827 2823 etin
850 2765 1015 2825 sorbitione
1037 2766 1093 2825 irio
1113 2759 1154 2822 rel

130 2849 180 2904 138
189 2839 327 2916 plantago
349 2845 477 2904 omnibns
500 2843 600 2904 modis.
635 2845 719 2924 (86.)
748 2849 816 2907 item
835 2847 988 2925 phthiriasi
1009 2881 1055 2896 —
1080 2847 1178 2908 Sullas

169 2921 291 2979 dictator
302 2937 485 3004 consumptus
500 2936 554 3002 est,
569 2935 779 3006 nascunturque
795 2931 976 3006 insanguine
991 2932 1061 3010 ipso
1072 2930 1154 2992 homi·

168 3003 212 3060 nis
223 3002 352 3063 animalia
364 3024 486 3070 exesura
501 3026 617 3086 corpus,
632 3039 675 3054 ·—
689 3015 831 3073 resistitur
846 3031 919 3073 uvae
936 3018 1075 3076 taminiae
1091 3029 1153 3074 suco

168 3092 215 3144 ant
228 3087 333 3142 veratri
352 3104 414 3147 cum
436 3091 503 3150 oleo
523 3091 667 3170 perunctis
690 3095 881 3173 corporibus·
908 3099 1028 3159 taminia
1046 3099 1151 3178 quidem

171 3169 197 3226 'u
213 3174 297 3226 aceto
315 3165 436 3228 decocta
452 3175 535 3233 etiam
551 3174 640 3231 vestis
656 3192 692 3234 ec
707 3179 803 3238 taedio
818 3179 932 3240 liberat.
959 3175 961 3178 ’

233 3249 281 3308 14.
302 3248 385 3325 (87.)
407 3252 514 3316 Ulcera
530 3255 679 3316 multorum
693 3270 757 3320 sunt
779 3280 919 3338 generum
936 3282 973 3324 ac
988 3264 1087 3324 multis
1102 3273 1174 3322 roo-ts

227 3339 367 3389 curantur.
399 3339 515 3408 panacis
531 3339 651 3397 omnium
666 3357 805 3414 generum
820 3345 905 3405 radix
922 3366 961 3407 err
978 3351 1051 3407 vino
1067 3345 1150 3408 calido

213 3413 331 3472 inlinitur
346 3416 531 3480 manantibus.
557 3422 646 3480 siccat
656 3423 786 3497 privatim
801 3445 885 3506 quam
899 3429 1073 3492 Chironiam
1090 3430 1150 3491 dixi·

209 3512 243 3569 s,
260 3513 322 3554 cum
338 3495 423 3555 melle
442 3498 508 3558 trita
532 3500 631 3560 tubera
652 3506 746 3579 aperit
764 3510 976 3592 ulceribusque
1000 3533 1076 3593 quae
1098 3531 1148 3574 ser
