2504 3930
209 237 232 301 ἶ
312 273 730 354 annumerantes-9.
750 262 903 340 (tt—311.)
982 245 984 250 ¹
1047 263 1128 327 aot

106 449 238 508 masque.
268 431 360 507 Rigor
376 432 499 491 cervicis
515 431 642 490 mollitur
656 431 771 492 marinis
787 431 835 508 qui
851 430 987 508 peduculi
1002 447 1109 490 vocan-

108 524 154 575 tur
169 515 303 574 drachma
319 523 398 593 pota,-
415 525 551 574 castoreo
568 523 638 592 poto
655 533 719 574 cum
737 516 840 594 pipere
856 532 893 573 ex
913 514 1005 573 mulso
1021 516 1109 574 mixto

106 601 185 658 ranis
211 599 343 657 decoctis
359 615 396 658 ex
418 599 486 660 oleo
505 608 534 658 et
556 599 633 675 sale,
658 607 688 657 ut
712 597 864 657 sorbeatur
885 616 981 656 sucus.
1013 598 1062 656 Sic
1082 607 1111 656 et

68 686 73 693 ’
108 682 296 760 opisthotono
308 683 458 741 medentur
471 693 499 742 et
515 692 623 758 tatano,
638 683 773 760 spasticis
785 676 856 740 vero
867 682 969 760 pipere
983 681 1108 740 adiecto,

83 766 238 842 oAnginas
263 784 409 825 menarum
431 766 570 825 salsarum
596 785 612 825 e
634 765 777 843 capitibus
805 768 877 825 cinis
901 785 939 825 ex
961 764 1047 824 melle
1067 767 1105 822 iu·
1119 776 1154 829 oo

107 849 175 909 litus
196 849 312 924 abolet,
335 866 466 908 ranarum
488 851 672 921 decoctarum
690 857 775 908 aceto
797 850 901 924 sucus,
923 849 971 908 hic
992 858 1020 908 et
1042 867 1110 908 con·

93 943 150 996 tra
164 933 297 991 tonsillas
310 934 442 1011 prodest.
466 935 561 994 cancri
574 933 729 992 lluviatilcs
741 932 800 992 triti
813 933 957 1010 singuliin
969 933 1109 992 heminam

107 1034 200 1094 aquae
219 1017 331 1092 anginis
347 1018 497 1077 medentur
510 1019 694 1094 gargarizati,
712 1025 759 1077 aut
776 1035 792 1076 e
808 1017 875 1074 vino
888 1027 917 1076 et
927 1015 1021 1076 calida
1036 1033 1110 1093 aqua

107 1103 179 1178 poti.
208 1119 282 1160 uvae
299 1101 432 1159 medetur
450 1119 550 1177 garum
574 1100 758 1160 coclearibus
777 1099 930 1160 subditum.
953 1117 1057 1159 vocem
1073 1103 1111 1158 si-

73 1202 98 1243 ro
108 1185 163 1244 luri
179 1193 316 1246 recentes
331 1185 440 1244 salsive
456 1188 484 1244 in
503 1184 570 1243 cibo
587 1186 690 1263 sumpti
706 1183 852 1245 adiuvant.

172 1267 256 1345 (29.)
273 1269 455 1327 Vomitiones
469 1267 547 1328 mulli
565 1269 718 1346 inveterati
733 1267 848 1345 tritique
861 1270 889 1326 in
903 1269 1021 1346 potione
1039 1285 1106 1326 oon·
1118 1278 1151 1332 91

109 1353 205 1411 citant.
229 1352 404 1429 Suspiriosis
417 1361 551 1412 castorea
565 1359 627 1411 cum
639 1351 835 1410 Hammoniaci
851 1353 957 1428 exigua
974 1353 1109 1429 portione

19 1505 21 1510 ¹
107 1453 145 1495 ex
163 1443 247 1494 aceto
264 1435 357 1494 mulso
371 1437 476 1495 ieiunis
489 1436 638 1495 utilissima
656 1433 737 1514 potu.
760 1435 861 1494 eadem
880 1438 960 1514 potio
976 1453 1109 1513 spasmos

107 1519 248 1580 stomachi
260 1519 343 1602 sedat
356 1537 393 1578 cx
405 1529 489 1579 aceto
502 1520 593 1578 mulso
613 1519 708 1578 caldo.
730 1519 843 1578 Tussim
855 1537 957 1578 sanare
976 1519 1108 1578 dicuntur
1119 1527 1154 1582 92

71 1621 97 1662 15
108 1605 230 1682 piscium
251 1603 337 1662 modo
363 1605 461 1662 eiure
485 1603 628 1663 decoctae
650 1606 678 1661 in
701 1603 804 1682 patinis
824 1621 922 1662 ranae.
951 1621 1109 1680 suspensae
1143 1663 1147 1671 ,

106 1697 202 1747 autem
223 1687 362 1764 pedibus,
390 1705 454 1746 cum
480 1687 672 1746 destillaverit
695 1689 724 1744 in
747 1689 856 1764 patinas
886 1687 977 1745 saliva
1003 1701 1110 1762 earum,

106 1773 263 1831 exinterari
288 1769 422 1830 iubentur
444 1770 624 1848 abiectisque
641 1771 798 1830 interaneis
816 1770 936 1829 condiri.
969 1769 1023 1828 Est
1040 1787 1109 1830 rana

106 1873 197 1933 parva
213 1855 347 1914 arborem
366 1855 508 1914 scandens
525 1863 610 1934 atque
629 1873 666 1914 ex
682 1873 715 1914 ea
731 1853 912 1929 vociferans,
934 1856 962 1912 in
977 1853 1058 1912 huius
1077 1871 1110 1914 os

107 1939 218 2017 siquis
242 1947 365 2016 exspuat
389 1939 540 2016 ipsamque
564 1939 707 2013 demittat,
737 1939 808 1997 tussi
831 1937 948 1996 liberari
969 1947 1109 1996 narratur.
1208 1979 1209 1982 η

73 2036 100 2076 so
110 2024 291 2103 praecipiunt
309 2031 339 2081 et
354 2022 477 2081 cocleae
494 2023 600 2084 crudae
619 2040 734 2082 carnem
755 2023 848 2082 tritam
863 2019 966 2080 bibere
982 2039 1019 2080 cx
1037 2039 1114 2100 aqua

108 2106 190 2167 calda
206 2108 234 2164 in
250 2106 322 2164 tussi
340 2115 468 2164 cruenta.
540 2145 544 2158 ,

169 2192 199 2252 9.
224 2189 308 2266 (30.)
332 2187 473 2248 Iocineris
489 2189 641 2250 doloribus
658 2191 775 2270 scorpio
791 2191 916 2249 marinus
932 2191 960 2248 in
976 2191 1043 2248 vino
1059 2208 1106 2249 ne·
1119 2200 1155 2254 93

106 2283 190 2334 catur
205 2282 235 2331 nt
249 2274 316 2332 inde
329 2272 454 2347 bibatur,
472 2275 601 2334 conchae
619 2275 727 2351 longae
744 2291 847 2334 carnes
863 2293 901 2333 ex
915 2274 1007 2333 mulso
1024 2284 1111 2352 potae

107 2375 173 2417 cum
191 2374 284 2433 aquae
299 2356 463 2435 parimodo
479 2366 537 2433 ant,
555 2359 578 2415 si
594 2356 694 2424 lebres
710 2360 774 2434 sint,
792 2377 830 2417 ex
845 2376 917 2435 aqua
934 2358 1035 2417 mulsa.
1060 2356 1111 2416 La-

71 2445 180 2502 rateris
202 2440 321 2499 dolores
344 2441 454 2501 leniunt
474 2440 659 2518 hippocampi
682 2444 751 2500 tosti
774 2443 878 2520 sumpti
901 2441 1057 2519 tetheaque
1074 2444 1110 2500 si-

106 2525 182 2584 milis
203 2533 302 2583 ostreo
324 2525 352 2582 in
372 2524 438 2584 cibo
455 2533 584 2601 sumpta,
609 2523 831 2583 ischiadicorum
849 2527 939 2587 muria
954 2525 1035 2585 siluri
1052 2525 1117 2598 cly-

107 2619 188 2668 stere
197 2609 306 2666 inlusa.
330 2609 432 2668 dantur
444 2617 538 2668 autem
551 2605 681 2666 conchae
693 2609 783 2666 ternis
796 2607 891 2668 obolis
906 2608 1001 2667 dilutis
1013 2609 1042 2667 in
1055 2609 1111 2666 vini

108 2693 244 2754 sextariis
263 2691 376 2751 duobus
392 2710 446 2771 per
462 2692 523 2752 dies
539 2691 713 2769 quindecim.

173 2777 258 2853 (31.)
281 2775 387 2835 Alvom
404 2776 514 2835 emollit
529 2776 635 2836 silurus
652 2793 668 2833 e
683 2777 745 2833 iure
760 2783 788 2832 et
801 2774 925 2852 torpedo
941 2775 969 2832 in
983 2776 1059 2836 cibo.
1082 2784 1155 2840 et94

73 2877 99 2919 ao
112 2859 176 2918 olus
193 2859 330 2918 marinum
349 2859 442 2918 simile
459 2861 563 2934 sativo,
581 2857 730 2918 stomacho
745 2857 898 2932 inimicum,
916 2857 1012 2917 alvom
1029 2859 1110 2919 facil·

107 2942 176 3002 lime
199 2951 320 3018 purgat,
345 2943 397 3002 sed
418 2949 541 3022 propter
557 2945 741 3002 acrimoniam
762 2959 825 3000 cnm
840 2941 937 3018 pingui
957 2959 1043 3002 carue
1060 2960 1110 3004 co·

108 3027 218 3105 quitur,
240 3035 270 3084 ct
287 3029 410 3085 omnium
432 3028 553 3104 piscium
576 3028 629 3085 ius.
653 3027 729 3085 idem
750 3034 779 3084 et
799 3027 896 3084 urinas
911 3026 985 3097 ciet,
1012 3027 1110 3087 evino

107 3127 251 3169 maxume.
276 3119 423 3189 optumum
436 3129 452 3168 e
464 3109 670 3188 scorpionibus
685 3119 714 3168 ct
725 3108 812 3168 iulide
828 3118 856 3166 et
871 3107 1040 3168 saxatilibus
1055 3129 1110 3170 nec

107 3194 187 3252 virus
203 3194 410 3270 resipientibus
432 3211 488 3252 neo
508 3193 672 3272 pinguibus.
702 3195 787 3270 coqui
804 3191 910 3251 dehent
933 3209 996 3250 curn
1013 3203 1109 3271 aneto,

73 3279 194 3355 scapio,
213 3278 384 3354 coriandro,
401 3295 502 3356 porro,
522 3277 625 3338 additis
639 3277 717 3354 oleo,
733 3276 803 3336 sale.
833 3283 957 3356 purgant
978 3285 1007 3334 et
1023 3275 1107 3351 cybia
1118 3289 1153 3343 95

106 3369 209 3420 vetera
226 3363 416 3439 privatimque
436 3359 607 3438 cruditates,
636 3363 753 3440 pituitas
775 3359 864 3419 bilem
886 3360 1008 3421 trahunt.
1042 3379 1108 3439 pur-

108 3453 177 3520 gant
203 3453 233 3504 et
261 3453 379 3519 myaces
406 3463 526 3523 quorum
549 3455 650 3505 natura
672 3455 732 3504 tota
760 3446 789 3503 in
813 3444 870 3503 hoc
896 3444 964 3504 loco
986 3444 1107 3504 dicetur.

108 3537 281 3588 acervantur
302 3531 441 3588 muricum
465 3527 551 3588 modo
573 3530 730 3608 vivantque
755 3531 783 3588 in
806 3529 933 3606 algosis,
954 3529 1108 3606 gratissimi
