2396 3922
155 205 158 210 λ
247 239 807 318 nsu.1stsr.xxv.a.to.(as--th)
981 237 1031 308 db

46 403 150 466 arbores
159 403 333 480 revolvens,
345 405 434 464 acinis
447 401 585 478 hederae,
600 403 1029 484 sedmollibus,ilorecandido,

45 489 178 566 specioso,
192 488 290 547 radice
305 505 496 567 supervacua.
527 489 602 546 acini
619 497 725 550 tantum
744 493 773 550 in
785 509 848 566 usu,
865 501 950 568 gustu
966 493 1032 563 acri

44 572 87 630 sed
101 571 176 634 lenti.
201 573 346 632 siccantur
359 574 389 632 iu
404 571 645 650 umbratunsiqne
660 572 822 634 dividuntur
837 577 866 634 in
883 576 1026 653 pastillos.

93 655 172 733 (69.)
193 653 262 714 blihi
287 663 316 714 et
333 657 418 716 tertia
435 655 613 729 cyclaminos
634 655 828 718 demonstrata
850 669 895 718 est
916 675 1031 736 cogno·
1142 686 1148 699 ·

27 740 107 796 amine
129 739 361 817 chamaecissos,
383 756 440 800 uno
461 741 576 799 omnino
592 739 681 817 lolio,
703 741 803 800 radice
820 761 951 821 ramosa,
973 761 1031 821 qua
1101 798 1103 806 ,
1179 783 1182 796 .

44 823 128 900 pisces
141 822 328 883 necabantur.
1000 889 1002 894 s

16 897 17 904 '
91 907 171 986 (70.)
195 906 255 966 Sed
269 907 344 966 inter
361 908 451 985 prima
465 905 630 967 celebratur
643 907 851 986 peucedanum,
867 909 1002 968 laudatis·
1019 917 1074 973 117

43 991 128 1048 sinum
149 991 178 1048 in
193 987 336 1066 Arcadia,
350 1009 420 1052 mcx
438 990 636 1052 Samothrace.
680 991 771 1052 caulis
788 994 815 1051 ei
828 993 942 1067 tenuis,
965 993 1026 1052 lon·

42 1090 98 1148 qus,
121 1073 250 1133 ianiculo
275 1074 393 1150 similis,
416 1075 620 1134 iuxtaterram
642 1075 784 1150 foliosus,
813 1076 913 1135 radice
934 1077 1026 1152 nigra,

21 1175 135 1232 ucrassa,
152 1158 236 1233 gravi
255 1156 359 1234 odore,
377 1177 491 1235 sucosa,
507 1160 634 1236 gignitur
649 1159 678 1232 ip
695 1159 838 1218 montibus
855 1160 1026 1238 opacis,·io·

41 1239 101 1300 ditur
117 1243 195 1300 exitu
218 1243 352 1302 autumni.
396 1242 514 1322 placent
532 1244 705 1302 tenerrimae
726 1251 755 1303 et
775 1242 932 1302 altissimae
954 1243 1027 1302 radi·

42 1341 91 1382 ces.
132 1324 189 1385 hae
211 1324 397 1385 conciduntur
419 1327 447 1384 in
473 1334 629 1404 quaternos
650 1326 757 1402 digitos
783 1329 878 1386 osseis
900 1327 1027 1386 cultellis

39 1405 204 1485 funduntque
221 1425 320 1468 sucum
335 1408 493 1485 inumbra,
518 1411 613 1486 capite
634 1411 713 1488 prius
728 1417 758 1469 et
768 1410 885 1470 naribus
900 1427 1025 1471 rosaceo

39 1493 184 1568 perunctis,
203 1509 240 1550 ne
256 1493 531 1569 vertigosentiatur.
551 1502 580 1552 et
594 1493 666 1551 alius
683 1511 769 1552 sucus
783 1495 926 1553 invenitur
941 1512 1005 1554 cau·
1020 1504 1073 1559 118

15 1573 102 1633 uittas
117 1575 281 1636 adhaerens
296 1577 454 1654 incisisque
467 1585 570 1636 manat.
596 1574 737 1654 probatur
750 1577 941 1636 crassitudine
955 1578 1025 1638 mel-

38 1656 89 1734 lea,
112 1659 217 1720 colore
231 1659 314 1734 rulo,
336 1659 427 1718 odore
443 1660 571 1718 suaviter
586 1660 685 1734 gravi,
705 1659 825 1720 fervens
844 1669 941 1737 gustu.
979 1661 1026 1720 hic

36 1742 119 1802 inusu
135 1752 164 1802 et
177 1741 261 1804 radix
277 1752 306 1802 et
317 1743 468 1802 decoctum
487 1744 548 1802 eius
560 1743 699 1821 plurumis
710 1743 936 1818 medicamentis,
954 1761 1025 1804 suco

36 1831 117 1884 tamen
133 1826 349 1904 efficacissimo,
366 1827 413 1905 qui
424 1827 579 1886 resolvitur
595 1827 697 1886 amaris
714 1828 874 1904 amygdalis
889 1835 937 1888 aut
950 1837 1024 1905 ruta,

36 1907 189 1987 bibiturque
207 1919 307 1970 contra
322 1912 465 1990 serpentis
481 1920 509 1970 et
524 1929 562 1972 ex
578 1910 645 1970 oleo
661 1921 818 1989 perunctos
833 1921 937 1971 tuetur.
962 1909 963 1913 ’

15 2005 30 2050 tt
90 1993 136 2052 10.
169 1994 257 2073 (71.)
279 1993 365 2053 libuli
384 2012 519 2072 quoque,
550 2011 634 2073 quam
659 2012 743 2054 nemo
768 1996 896 2072 ignorat,
925 1997 1004 2057 fumo
1018 2007 1071 2062 119

34 2073 158 2152 fugantur
174 2087 340 2156 serpentes.

88 2159 173 2239 (72.)
197 2159 333 2220 Privatim
353 2161 522 2222 adversatur
544 2161 749 2240 scorpionibus
770 2162 955 2241 polemoniae
980 2180 1024 2222 ra·

34 2240 83 2319 dix,
96 2245 144 2304 vel
160 2243 320 2320 adalligata
334 2254 455 2320 tantum,
479 2246 547 2304 item
562 2247 718 2324 phalangio
735 2265 770 2306 ac
788 2249 896 2307 ceteris
910 2248 1024 2306 minori·

35 2324 80 2384 bns
103 2329 265 2387 venenatis.
311 2328 516 2406 scorpionibus
535 2331 739 2406 aristolochia,
760 2333 907 2408 agaricum
931 2330 1025 2390 obolis

15 2419 157 2486 aquattuor
174 2413 204 2470 in
219 2413 277 2470 vini
292 2413 373 2472 mixti
389 2412 501 2486 cyathis
517 2414 652 2489 totidem,
674 2414 839 2474 verbenaca
855 2424 884 2473 et
906 2414 1024 2493 phalan-

33 2495 76 2567 gio
92 2513 155 2554 cum
171 2497 241 2556 vino
257 2505 305 2556 aut
322 2513 422 2574 posco,
435 2498 502 2556 item
518 2498 754 2575 quinquefolium,
769 2498 899 2556 daucum.

87 2578 172 2656 (73.)
194 2578 374 2639 verbascum
388 2578 492 2640 (irasci
508 2580 644 2658 phlomon
660 2589 776 2640 vocant.
792 2597 902 2656 genera
917 2579 1005 2638 habet
1019 2589 1069 2643 120

32 2663 114 2736 prima
132 2662 208 2722 duo:
225 2662 320 2722 album
336 2665 364 2722 in
381 2681 437 2742 quo
453 2681 514 2724 mas
529 2663 715 2740 intellegitur,
734 2663 855 2722 alterum
869 2665 980 2738 nigrum
997 2663 1025 2719 in

34 2759 83 2820 quo
99 2744 217 2806 femina.
254 2748 367 2806 tertium
383 2765 475 2822 genus
491 2764 548 2806 non
564 2749 618 2808 nisi
633 2750 661 2807 in
677 2749 758 2807 silvis
772 2748 925 2806 invenitur.
960 2755 1025 2808 suut

15 2825 95 2887 ticlia
106 2828 257 2890 brassicae
269 2830 382 2905 latiora,
399 2830 504 2908 pilosa,
515 2831 606 2890 caulis
619 2840 746 2904 erectus,
763 2829 879 2890 cubitali
891 2829 1023 2907 amplior.

33 2927 124 2970 semen
137 2915 253 2990 nigrum
269 2913 382 2988 inutile,
399 2913 482 2974 radin
497 2933 564 2990 una,
581 2914 771 2974 crassitudine
788 2915 879 2990 digiti.
903 2931 1024 2974 nascun-

32 3001 70 3053 tur
84 3003 113 3054 et
127 2997 158 3056 in
174 2995 395 3074 campestrihus.
425 2997 552 3058 silvestri
568 2997 638 3058 lolia
657 2997 840 3075 elelisphaci,
857 2998 925 3071 alta,
939 2999 1025 3056 ramis

32 3076 158 3153 lignosis.
174 3077 259 3162 (74.)
268 3089 332 3140 sunt
346 3089 376 3139 et
383 3081 544 3158 phlomides
552 3081 624 3141 duae
635 3080 773 3157 hirsutae,
780 3081 911 3143 rotundis
920 3081 1008 3155 foliis,
1016 3089 1063 3143 121

32 3158 157 3223 humiles.
190 3166 275 3224 tertia
299 3163 434 3238 lychnitis
456 3175 592 3240 vocatur,
620 3165 657 3224 ab
684 3153 748 3224 aliis
768 3165 917 3240 thryallis,
945 3164 1023 3224 foliis

15 3247 115 3306 varnis
132 3254 181 3308 aut
196 3265 261 3306 cum
276 3247 436 3326 plurumum
451 3250 597 3327 quaternis
614 3249 722 3308 crassis
737 3247 965 3327 pinguibusque,
988 3247 1024 3306 ad

31 3327 207 3392 lucernarum
226 3331 328 3393 lumina
352 3334 437 3410 aptis.
468 3335 543 3391 aiunt
563 3333 591 3389 in
614 3332 693 3391 loliis
708 3333 770 3392 eius
790 3351 874 3410 quam
890 3332 1022 3391 feminam

31 3410 149 3474 dirimas
169 3415 239 3476 licus
254 3419 368 3474 omnino
385 3433 442 3475 uon
457 3425 638 3495 putrescerc.
670 3416 805 3492 distingui
824 3434 933 3493 genera
949 3415 1024 3474 haec

32 3511 120 3570 paene
144 3515 353 3576 supervacuum
373 3509 432 3576 est,
457 3518 520 3559 cum
548 3501 605 3559 sint
624 3500 717 3560 omnia
741 3499 869 3559 eiusdem
891 3499 1022 3560 allectus.
