2370 3922
70 233 73 240 '
111 241 151 301 to
425 253 454 300 e.
476 255 572 302 rnrru
593 254 742 303 sncnnnr

109 407 180 466 illud
196 404 355 484 nepenthes
376 405 552 466 oblivionem
573 409 708 468 tristitiae
725 409 895 486 veniamque
912 409 1043 470 adferens
1060 420 1087 471 et

20 482 29 506 ‘
110 491 146 550 ab
160 489 271 550 Helena
286 491 384 566 utique
400 491 530 550 omnibus
551 491 720 550 mortalibus
742 493 957 568 propinandum.
989 495 1087 572 primus

111 581 205 632 autem
232 574 354 631 omnium
381 589 455 650 quos
471 575 608 633 memoria
632 577 712 634 novit
727 573 861 652 Orpheus
881 576 917 635 de
931 577 1029 636 herbis
1046 595 1087 636 cu·

112 657 216 715 riosius
234 655 328 731 aliqua
341 655 486 733 prodidit,
508 666 578 734 post
600 663 664 716 eum
682 655 818 716 Musaeus
841 667 870 717 et
883 658 1027 720 hesiodus
1043 677 1089 738 po·

69 736 143 814 ²¹33}
151 738 220 796 lium
236 736 353 797 herbam
372 741 401 797 in
422 748 555 816 quantum
575 742 668 800 mirati
693 742 750 799 sint
767 740 901 817 diximus,
916 741 1048 819 Orpheus
1064 753 1109 802 ets

69 834 103 888 13
113 821 256 881 Hesiodus
277 821 439 882 suffitiones
459 823 698 884 commendavere.
733 821 875 883 Homerus
897 833 929 884 et
952 825 1024 884 elias
1046 843 1090 884 no

110 905 235 964 minatim
255 903 361 964 herbas
391 905 536 982 celebrat,
560 924 630 983 quas
653 908 713 965 suis
736 906 809 966 loeis
833 907 970 968 dicemus.
1002 908 1036 967 ab
1059 927 1090 968 eo

110 987 291 1064 Pythagora-s
317 988 410 1048 clarus
431 991 573 1067 sapientia
595 991 702 1066 pnnrus
717 989 852 1049 volumen
871 991 907 1050 de
926 991 1034 1050 ellectu
1051 1011 1092 1050 ea·

110 1089 171 1129 rum
186 1073 355 1148 conposuit,
370 1071 511 1149 Apollini,
527 1071 704 1149 Aesculapio
723 1081 753 1132 et
772 1075 801 1130 in
821 1082 913 1132 totum
931 1075 976 1134 dis
996 1077 1092 1134 inmor-

110 1153 215 1214 talibus
232 1155 400 1213 inventione
416 1163 446 1213 et
463 1156 576 1231 origine
591 1155 753 1231 adsignata,
769 1160 925 1234 conposuit
947 1166 978 1216 et
995 1157 1117 1218 Demo-u

110 1238 313 1313 oritus,an1bu
331 1240 493 1314 peragratis
507 1237 648 1313 Persidis,
662 1238 807 1314 Arabiae,
829 1239 1025 1318 Aethiopiae,
1042 1241 1092 1299 Ae·

109 1322 190 1398 gypti
205 1320 314 1398 lllagis,
333 1319 466 1399 adeoque
484 1320 604 1380 adhaec
619 1323 740 1382 attonita
760 1323 914 1398 antiquitas
930 1325 988 1383 luit
1003 1333 1034 1383 ut
1051 1323 1092 1382 ad·

68 1413 102 1466 14
112 1405 267 1463 firmaverit
283 1406 368 1462 etiam
387 1404 567 1464 incredibilia
588 1404 673 1464 dictu.
702 1403 832 1465 Xanthus
852 1405 1039 1467 historiarum
1052 1425 1093 1466 au·

110 1495 173 1546 ctor
188 1488 217 1544 in
229 1489 319 1564 prima
342 1497 439 1547 earum
455 1487 571 1547 tradidit
586 1489 712 1548 occisum
727 1488 861 1550 draconis
873 1491 1001 1548 catulum
1017 1507 1093 1548 revo-

109 1579 200 1629 catum
217 1570 250 1629 ad
267 1573 351 1630 vitam
368 1591 383 1630 a
398 1579 519 1648 parente
534 1571 625 1632 herba
637 1589 720 1648 qaam
731 1572 818 1630 balim
833 1575 972 1650 nominat,
987 1571 1091 1634 eadem·
1101 1591 1119 1630 rs

109 1672 166 1734 que
192 1652 350 1729 Thplonem
372 1673 456 1731 quem
479 1655 565 1714 draco
591 1654 738 1715 occiderat
758 1657 923 1716 restitutum
944 1656 1041 1716 saluti.
1069 1664 1094 1716 et

110 1739 177 1798 luba
204 1740 234 1796 in
260 1738 367 1798 Arabia
394 1737 485 1798 herba
506 1748 673 1798 revocatum
694 1738 729 1799 ad
745 1738 990 1799 vitambominem
1006 1739 1091 1798 tradit.

110 1822 181 1881 dixit
196 1821 396 1897 Democritus,
414 1822 537 1882 eredidit
557 1819 775 1898 Theophrastus
792 1841 860 1881 esse
882 1823 1006 1882 herbam
1020 1825 1093 1882 euius

68 1927 97 1967 aa,
111 1924 135 1960 tr
153 1913 286 1964 contactu
301 1905 406 1965 inlatae
423 1906 459 1964 ab
476 1906 544 1965 alite
562 1923 645 1983 quam
668 1904 817 1965 retulimus
836 1906 974 1965 exsiliret
992 1923 1093 1966 cuneus

109 2008 125 2049 a
139 1988 304 2066 pastoribus
320 1989 417 2047 arbori
433 1988 566 2066 adactus,
584 2007 658 2066 quae
676 1991 786 2048 etiamsi
802 1989 857 2048 lide
876 1999 1006 2065 carent,
1016 1988 1120 2048 admi-ao

109 2073 249 2132 rationem
261 2079 355 2130 tamen
367 2071 477 2148 inplent
489 2081 656 2149 coguntque
666 2072 798 2131 confiteri
810 2071 928 2131 multum
939 2091 1011 2132 esse
1023 2071 1094 2149 quod

67 2168 100 2219 15
112 2171 184 2214 vero
196 2156 331 2230 supersit.
367 2154 434 2214 inde
452 2164 481 2214 et
502 2156 661 2232 plerosque
680 2157 720 2214 ita
735 2155 822 2214 uideo
842 2157 1014 2217 existimare
1029 2153 1093 2214 nibil

108 2255 167 2296 non
183 2237 335 2296 herbarum
352 2241 380 2296 vi
396 2239 471 2298 effici
487 2256 593 2315 posse,
607 2237 659 2298 sed
674 2238 866 2315 plurumarum
878 2240 949 2297 viris
969 2258 1039 2298 esse
1056 2240 1093 2296 in-

108 2323 255 2398 cognitas,
271 2339 391 2398 quorum
406 2324 434 2380 in
449 2339 567 2381 numero
579 2323 632 2381 luit
648 2321 822 2398 Herophilus
834 2321 928 2381 clarus
943 2323 1092 2395 medicina,

109 2423 125 2462 a
142 2421 198 2481 quo
211 2405 307 2463 ierunt
323 2404 427 2464 dictum
446 2405 581 2483 quasdam
601 2405 734 2464 fortassis
757 2406 843 2464 etiam
864 2405 990 2464 calcatas
1013 2400 1120 2482 prod-rt

109 2507 185 2547 esse.
219 2488 403 2548 observatum
424 2496 504 2548 certe
526 2497 572 2548 est
594 2488 759 2548 inflammari
782 2487 904 2546 volnera
923 2507 959 2554 aa
978 2488 1091 2547 morbos

109 2580 287 2650 superventu
307 2589 406 2630 eorum
419 2574 466 2648 qui
482 2571 604 2649 pedibus
620 2573 678 2630 iter
692 2571 889 2630 coniecerunt.

67 2666 101 2720 16
162 2654 221 2732 (6.)
253 2653 412 2714 Haeserat
431 2656 546 2732 antiqua
566 2653 706 2713 medicina
727 2671 800 2731 quae
824 2662 885 2712 tota
905 2653 1048 2729 migrabat
1067 2655 1091 2710 in

110 2736 248 2798 Graeciae
264 2736 392 2814 linguas,
409 2737 460 2796 sed
475 2755 563 2814 qnare
579 2755 638 2797 non
652 2737 750 2815 plures
763 2745 918 2796 noscantur
938 2753 1026 2795 causa
1051 2743 1091 2794 est

22 2869 27 2876 ,
109 2820 186 2899 qnod
203 2839 251 2879 eas
269 2829 404 2896 agrestes
426 2820 643 2898 litterarumque
665 2821 757 2895 ignari
776 2821 980 2896 experiuntur,
1002 2828 1033 2877 ut
1047 2818 1118 2894 quia

110 2905 165 2965 soli
182 2905 258 2962 inter
277 2904 342 2962 illas
365 2906 480 2979 vivant,
499 2911 653 2981 praeterea
671 2905 812 2962 securitas
834 2903 995 2980 quaerendi
1009 2903 1090 2960 obvia

106 2987 283 3048 ¹medicorum
298 2987 391 3046 turba.
413 2987 508 3046 multis
525 2989 611 3046 etiam
622 2987 748 3046 inventis
766 2985 869 3044 desunt
880 2986 1006 3060 nomina,
1022 2987 1090 3044 sicut

68 3091 137 3133 aaran
151 3070 192 3129 illi
209 3085 291 3147 quarn
308 3070 455 3129 retulimus
468 3073 497 3130 in
511 3071 623 3147 frugum
641 3086 709 3129 eura
726 3071 888 3145 scimusque
903 3068 1049 3127 defossam
1065 3068 1089 3123 in

110 3153 222 3231 angulis
237 3155 348 3230 segetis
360 3161 510 3230 praestare
522 3171 558 3212 ne
571 3171 625 3230 qua
639 3153 702 3212 ales
713 3153 811 3211 intret.
829 3153 995 3229 turpissima
1007 3165 1089 3210 eausa

109 3239 234 3298 raritatis
251 3236 327 3313 quod
342 3238 428 3294 etiam
443 3237 490 3312 qui
502 3239 594 3294 sciunt
609 3235 808 3296 demonstrare
824 3235 935 3309 nolunt,
952 3241 1117 3310 tamquamtt

109 3323 181 3398 ipsis
206 3323 364 3398 periturum
385 3319 422 3378 sit
442 3317 518 3398 quod
540 3318 709 3378 tradiderint
731 3319 803 3377 aliis.
836 3318 947 3376 accedit
961 3319 1036 3376 ratio
1052 3317 1089 3372 in·

109 3404 254 3462 ventionis
269 3419 393 3478 anceps,
407 3403 514 3478 quippe
529 3404 613 3460 etiam
629 3404 657 3460 in
669 3403 796 3478 repertis
815 3400 885 3461 alias
914 3401 1023 3458 inuenit
1047 3414 1089 3457 ca·

67 3495 171 3561 atsur,
191 3485 273 3560 alias,
288 3493 319 3544 ut
338 3503 408 3544 vere
421 3484 553 3561 dixerim,
569 3485 648 3544 deus.
667 3483 827 3544 insanabile
843 3483 878 3544 ad
894 3483 984 3544 hosce
1000 3498 1088 3542 annos
