2504 3930
308 252 388 300 nnn.
407 217 499 303 mrsu.
515 255 612 302 xxrx.
628 252 714 308 a—o.
733 243 877 321 (ao-34.)
1031 243 1099 308 225·
1178 227 1203 238 '¹

96 425 133 468 ex
147 415 244 481 aceto,
256 406 306 466 vel
321 407 392 486 pulli
409 408 567 468 hirundinis
583 409 735 486 combusti,
751 407 915 470 membrana
934 412 997 472 sive
1009 430 1094 473 aene·

95 500 158 552 ctus
173 489 309 568 anguium
324 493 493 552 vernatione
517 501 604 552 exuta
620 511 684 553 cum
699 511 806 555 cancro
827 494 957 555 masculo
973 513 1010 554 ex
1025 497 1093 556 vino

1 585 3 608 “
93 577 176 650 trita,
200 593 264 634 nam
279 577 365 636 etism
380 594 434 655 per
449 595 482 636 se
503 578 632 656 reposita
648 579 676 637 in
698 579 775 638 arcis
789 578 978 657 armariisque
1001 580 1105 640 tineas

93 669 189 720 necat.
220 659 287 718 rnali
309 668 385 720 tanta
405 661 450 720 vis
476 668 521 720 est
544 669 574 720 ut
594 661 675 721 urina
691 678 808 740 quoque
830 663 942 722 calcata
962 663 1072 723 rabiosi
1086 673 1137 728 102

70 744 173 804 scania
188 752 311 819 noceat,
330 761 462 804 maxume
473 745 559 804 ulcus
575 743 757 804 habentibus.
790 746 921 806 remedio
941 756 986 806 est
1000 747 1095 808 limum
1152 802 1155 810 .

94 826 266 888 caballinum
280 827 450 907 adspersum
468 838 552 890 aceto
568 837 597 887 et
618 828 792 888 calefactum
812 831 841 888 in
857 831 913 889 lico
929 831 1093 910 inpositum.

92 913 183 970 minus
197 911 256 970 hcc
270 912 388 971 miretur
403 914 450 991 qui
466 913 577 990 cogitet
590 911 716 990 lapidem
733 929 750 972 a
765 930 838 974 canc
854 930 983 974 morsum
1000 933 1093 993 usque

92 997 119 1054 in
145 994 331 1074 proverbium
358 996 522 1057 discordiae
551 995 677 1056 venisse.
709 998 782 1075 uui
815 997 845 1056 in
872 998 981 1058 urinam
1014 1000 1093 1060 canis

92 1097 170 1138 suam
188 1079 335 1155 egesserit
353 1088 502 1157 torporem
519 1079 678 1140 lumborum
694 1083 801 1140 sentire
823 1081 929 1142 dicunt.
962 1081 1094 1158 Lacerta,

58 1175 84 1216 1o
95 1179 177 1240 quarn
192 1180 274 1242 sepa,
291 1163 341 1228 alii
356 1163 537 1224 chalcidicen
555 1173 672 1240 vocant,
684 1164 713 1224 in
728 1166 797 1226 vino
810 1173 879 1245 pota
894 1183 1009 1226 morsus
1024 1182 1094 1226 suos

93 1255 184 1306 sanat·
1039 1268 1041 1272 ’

154 1330 238 1408 (63.)
260 1330 419 1391 venenatis
443 1349 480 1390 ex
506 1331 629 1392 mustela
644 1331 771 1394 silvestri
792 1333 878 1394 lactis
900 1333 1137 1398 contrarinm103

92 1422 135 1473 est
153 1417 197 1472 ius
214 1414 377 1491 gallinacei
385 1417 495 1476 veteris
513 1416 597 1492 large
611 1416 759 1492 haustum,
785 1417 970 1498 peculiariter
993 1425 1094 1476 contra

90 1498 233 1558 aconitata
249 1497 315 1559 addi
330 1517 430 1578 parum
446 1500 516 1558 salis
532 1510 679 1578 oporteat,
695 1501 866 1578 gallinarum
881 1502 994 1576 limum,
1015 1501 1092 1560 dnm·

57 1597 81 1636 ιι
90 1591 168 1641 taxat
181 1580 341 1658 candidum,
359 1585 388 1643 in
400 1583 514 1661 hysopo
524 1582 677 1644 decoctum
691 1594 738 1644 aut
750 1586 854 1660 mulso,
868 1593 970 1645 contra
980 1602 1093 1644 venena

89 1666 244 1742 fungorum
259 1666 496 1745 boletorumque,
522 1668 590 1728 item
606 1668 769 1730 inflationes
788 1687 824 1729 ao
838 1669 1094 1745 strangulationes,

90 1749 168 1828 qnod
183 1749 336 1826 miremur,
348 1770 423 1826 cum,
441 1755 464 1811 si
484 1751 560 1812 aliud
577 1752 681 1813 animal
694 1755 855 1829 gustaverit
869 1753 898 1812 id
913 1755 1017 1826 limum,
1034 1761 1092 1811 tor·

88 1833 210 1892 minibus
225 1842 254 1892 et
270 1835 464 1895 inflationibus
477 1835 636 1896 adficiatur.
666 1837 790 1914 Sanguis
801 1838 953 1896 anserinus
971 1843 1073 1896 contra
1084 1845 1136 1901 rot

90 1918 209 1996 lepores
229 1921 355 1978 marinos
372 1919 452 1978 valet
467 1937 530 1979 curn
546 1920 714 1997 oleiaequa
733 1923 884 1999 portione,
907 1921 976 1979 item
991 1927 1093 1980 contra

54 2002 163 2061 nomala
183 2001 392 2064 medicamenta
412 2005 507 2064 omnia
521 2037 564 2048 --
580 2003 750 2064 adservatur
767 2023 831 2066 cum
846 2003 962 2064 Lemnia
976 2002 1092 2064 rubrica

1 2095 2 2106 ¹
90 2074 122 2145 et¹
133 2086 236 2164 spinae
255 2087 340 2147 albae
356 2104 428 2147 suco
450 2121 493 2134 -
514 2088 696 2166 pastillorum
713 2089 857 2150 drachmis
873 2088 966 2166 quinis
982 2105 1056 2166 qnae
1074 2105 1092 2146 e

90 2169 202 2243 cyathis
218 2172 309 2230 ternis
324 2189 416 2250 aquae
432 2171 576 2249 bibantur,
592 2173 659 2231 item
678 2171 818 2233 mustelae
834 2171 945 2233 catulus
959 2179 989 2230 ut
1004 2187 1091 2250 snpra
1102 2191 1127 2226 so

89 2253 212 2312 diximus
233 2263 434 2334 praeparatus.
475 2254 771 2335 coagulum'quoque
794 2257 935 2333 agninum
950 2255 1092 2314 adversus

91 2337 184 2396 omnia
200 2339 275 2397 mala
290 2340 500 2400 medicamenta
515 2339 624 2418 pollet,
642 2342 710 2398 item
729 2342 845 2416 sanguis
862 2347 975 2399 anatum
994 2339 1090 2398 Ponti·

51 2433 197 2480 oscarum.
235 2423 333 2501 itaque
355 2432 384 2483 et
405 2424 547 2501 spissatus
568 2431 701 2482 servatur
721 2423 847 2500 vinoque
868 2420 994 2483 diluitur.
1031 2423 1090 2499 qui·

88 2503 152 2563 dam
167 2503 292 2564 feminae
307 2508 398 2568 anatis
414 2507 611 2568 efficaciorem
628 2515 736 2584 putant.
764 2505 855 2566 Simili
869 2504 956 2564 modo
970 2513 1070 2564 contra
1081 2514 1132 2566 105

88 2605 200 2647 venena
220 2592 314 2650 omnia
331 2591 505 2652 ciconiarum
520 2589 700 2650 ventriculus
712 2589 807 2666 valet',
833 2587 986 2665 coagulum
1002 2603 1090 2666 peco-

86 2674 138 2745 ris,
155 2674 199 2730 ins
214 2691 252 2732 ex
270 2693 358 2735 carne
375 2677 494 2735 arietum
510 2674 642 2752 privatim
657 2674 797 2734 adversus
814 2671 1007 2746 cantharidas,
1022 2671 1091 2730 item

87 2755 134 2814 lac
152 2759 247 2815 ovium
264 2759 387 2818 calidum
402 2767 579 2838 praeterque
595 2758 630 2816 iis
644 2759 691 2835 qui
706 2756 867 2837 buprestim
881 2764 929 2816 aut
946 2755 1090 2815 aconitum

51 2851 78 2894 st
87 2839 229 2916 biberint,
252 2841 446 2902 columbarum
464 2842 639 2902 silvestrium
658 2842 752 2900 limum
772 2841 904 2920 privatim
925 2847 1026 2898 contra
1044 2855 1089 2898 ar·

86 2924 168 2999 genti
184 2924 241 2983 vivi
257 2935 373 3004 potum,
400 2935 499 2992 contra
517 2928 615 2986 toxica
637 2925 759 2985 mustela
782 2922 1090 3001 volgaris'inveteratu

87 3007 233 3068 drachmis
245 3010 319 3069 binis
336 3019 432 3089 pota„

151 3091 181 3152 6.
207 3093 290 3172 (34.)
315 3094 477 3172 Alopecias
493 3095 589 3172 replet
604 3094 661 3154 limi
677 3092 818 3170 pecudum
831 3092 902 3150 cinis
918 3108 981 3150 cum
999 3091 1067 3149 oleo
1080 3097 1132 3154 106

87 3177 190 3254 cyprio
208 3185 237 3235 et
251 3177 348 3255 melle,
364 3181 432 3238 item
447 3179 616 3255 ungularum
628 3177 696 3237 muli
709 3177 758 3236 vel
773 3174 867 3235 mulae
880 3193 918 3234 ex
933 3175 1001 3234 oleo
1012 3191 1088 3248 myr-

50 3274 76 3316 ot
86 3268 148 3335 teo,
165 3270 330 3338 praeterea,
347 3273 377 3322 ut
391 3263 485 3324 Varro
501 3272 602 3323 noster
614 3260 708 3336 tradit,
724 3260 865 3319 murinum
881 3259 991 3333 fimum,
1011 3256 1089 3336 quod

84 3342 164 3402 idern
178 3345 347 3407 muscerdas
362 3345 510 3426 appellat,
527 3356 557 3406 et
571 3363 731 3406 muscarum
748 3343 842 3422 capita
863 3343 989 3403 recentia
1008 3343 1089 3419 prius

85 3427 160 3488 folio
187 3429 313 3488 ficulneo
340 3439 500 3510 asperatas.
536 3431 585 3490 alii
610 3431 748 3505 sanguine
775 3445 938 3486 muscarum
963 3433 1088 3501 utuntur,

85 3511 134 3572 alii
152 3512 255 3594 decem
270 3512 371 3573 diebus
384 3517 511 3574 cinerem
528 3532 626 3582 earum
639 3513 759 3574 inlinunt
777 3529 840 3573 cum
857 3513 955 3570 sinere
971 3509 1090 3570 chartae

139 3605 209 3660 nuri.
229 3619 292 3658 nar.
309 3617 380 3659 uren.
403 3603 451 3660 IV.
884 3595 922 3655 15
