2370 3922
262 261 343 308 unu.
361 257 684 311 msu.xx1111.1-4.
703 249 821 326 (1-6.)
973 248 1014 310 35

39 413 217 492 inpastillos‚
232 414 418 491 dysintericis
434 413 615 474 utilissimum
636 414 767 491 pondere
784 415 930 476 victoriati
951 433 1013 476 cum

40 516 102 576 equa
121 497 231 573 cyathis
249 498 350 557 tribus.

92 582 119 642 3.
140 582 200 659 (3.)
226 579 313 642 Glaus
329 583 428 641 intrita
443 582 562 642 duritias
579 597 650 658 quas
671 581 813 642 cacoethe
834 591 939 644 vocant
951 592 1039 648 cumi
1149 603 1153 616 ·

38 666 107 725 salsa
125 666 250 742 axungia
271 675 363 725 sanat.
395 665 633 726 vehementiores
654 663 744 742 iligna
769 673 799 724 et
825 668 854 725 iu
882 666 1013 726 omnibus

14 757 134 808 scortex
157 750 222 826 ipse
238 750 401 826 corticique
419 749 514 808 tunica
537 748 677 808 subiecta.
714 749 787 808 haec
815 749 938 810 decocta
968 752 1012 810 iu-

34 840 80 891 vat
96 831 251 912 coeliacos.
283 832 469 908 dysintericis
487 840 517 892 et
534 831 663 891 inlinitur
685 832 733 891 vel
757 834 820 910 ipsa
844 833 936 909 glans.
967 851 1014 893 ea-

33 915 94 976 dent
113 917 226 975 resistit
242 918 422 994 serpentium
443 916 565 990 ictibus,
580 915 808 992 rheumatismis,
832 919 1014 996 suppuratio·

32 999 120 1058 nibus.
146 998 217 1058 lolia
237 1006 267 1058 et
289 999 379 1059 bacae
404 999 453 1058 vel
468 1007 572 1058 cortex
592 999 643 1058 vel
659 1017 745 1058 sucus
761 999 874 1059 decocti
891 1009 1014 1077 prosunt

7 1090 127 1150 ,contra
142 1083 247 1141 toxica.
279 1091 383 1142 cortex
398 1082 528 1142 inlinitur
548 1082 686 1142 decoctus
710 1083 784 1142 lacte
808 1084 927 1142 vaccino
953 1101 1014 1142 ser-

30 1167 124 1244 pentis
153 1165 276 1244 plagae,
307 1166 390 1226 datur
418 1173 449 1226 et
476 1183 514 1225 ex
542 1167 610 1224 vino
636 1165 829 1242 dysintericis.
860 1168 1014 1227 eademst

29 1249 88 1309 ilici
104 1249 158 1308 vis.

7 1397 8 1404 χ
88 1335 116 1392 4.
139 1333 154 1411 (
177 1333 201 1411 .)
231 1330 355 1394 Coccum
369 1332 444 1392 ilicis
458 1333 629 1393 volueribus
642 1333 810 1392 recentibus
823 1351 861 1393 ex
875 1342 959 1394 aceto
971 1335 1040 1397 iu=8

28 1418 159 1494 ponitur,
176 1415 326 1494 epiphoris
343 1433 381 1475 ex
393 1433 482 1492 aqua,
504 1415 595 1476 oculis
610 1416 739 1476 subfusis
761 1417 901 1494 sauguine
922 1417 1014 1477 iustil-

7 1503 11 1526 ’“
28 1499 119 1560 latum.
140 1507 188 1559 est
202 1508 296 1558 autem
306 1516 400 1576 genus
414 1517 452 1560 ex
465 1516 503 1559 ec
518 1501 546 1558 in
557 1499 658 1559 Africa
670 1499 734 1559 lere
749 1508 780 1560 et
793 1500 864 1560 Asia
879 1518 1013 1577 nascens,

29 1582 182 1643 celerrime
197 1583 227 1642 in
242 1585 348 1642 vermis
364 1582 479 1643 subtilis
498 1602 531 1642 se
548 1591 671 1659 mutans,
687 1582 765 1661 quod
779 1584 847 1644 ideo
863 1583 1013 1644 scolecium

29 1675 130 1726 uocant
145 1666 368 1744 inprobautque.
400 1666 569 1746 principalia
583 1668 646 1726 eius
661 1684 772 1744 genera
786 1667 916 1730 diximum.
938 1669 940 1672 ’
988 1685 1016 1726 a,
1032 1687 1054 1722 aa

86 1751 148 1829 (5.)
180 1748 244 1810 Nec
264 1753 402 1829 pauciora
421 1750 516 1826 gallae
537 1768 647 1828 genera
663 1752 795 1826 lecimus,
810 1751 930 1810 solidam
944 1761 1039 1829 per-b

27 1833 158 1909 loratam,
173 1835 243 1893 item
256 1833 350 1893 albam
365 1834 492 1910 nigram,
506 1835 646 1894 maiorem
657 1838 806 1894 minorem.
823 1836 867 1894 vis
879 1835 968 1894 omni·
992 1832 1021 1872 ¹⁸·
1030 1833 1053 1868 2‘

7 1931 70 1978 2t1n
93 1916 215 1994 similis,
247 1926 364 1995 optuma
387 1915 588 1994 Commagena.
621 1920 823 1978 excrescentia
840 1921 869 1979 iu
886 1927 1019 1995 corpore

27 2000 147 2078 tollunt,
162 2009 286 2078 prosunt
297 2001 435 2078 gingivis,
448 2019 531 2077 uvae,
547 2003 607 2060 oris
622 2001 839 2061 exulcerationi.
868 2008 1012 2062 crematae

9 2108 18 2144 t·
30 2092 56 2143 et
72 2086 141 2144 vino
160 2085 325 2144 exstinctae
338 2085 489 2159 coeliacis,
506 2085 691 2161 dysintericis
706 2084 873 2162 inlinuntur,
889 2102 1013 2163 parony-

29 2166 94 2227 chiis
118 2186 159 2228 ex
179 2167 285 2244 melle,
310 2177 342 2227 et
360 2168 504 2244 unguibus
527 2168 656 2244 scabris,
678 2169 839 2245 pterygiis,
864 2169 1012 2228 ulceribus

11 2251 222 2327 innuantibus,
242 2251 468 2328 condylomatis,
496 2250 666 2311 volneribus
695 2268 768 2329 quae
797 2251 1012 2328 phagedaenica

11 2340 173 2395 liceantur.
203 2337 232 2394 iu
247 2336 319 2394 uiuo·
329 2344 424 2394 autem
439 2335 580 2394 decoctae
591 2334 706 2393 auribus
718 2333 903 2412 instillantur,
918 2335 1010 2394 oculis

12 2404 195 2498 liulinumur,
212 2418 351 2478 adversus
368 2421 550 2501 eruptiones,
572 2435 664 2496 panos
683 2435 746 2477 cum
761 2426 854 2476 aceto.
888 2417 1007 2477 nucleus
1020 2428 1054 2480 10

13 2501 267 2562 aconmauducatus
288 2501 415 2562 dentium
439 2500 571 2562 dolorem
594 2502 693 2578 sedat,
726 2503 795 2560 item
811 2502 1011 2577 intertrigines

14 2593 56 2662 yet
69 2586 211 2646 ambusta.
243 2586 400 2644 inmaturae
416 2603 454 2644 ex
468 2585 513 2645 his
529 2603 567 2644 ex
582 2593 666 2644 aceto
681 2592 770 2664 potae
785 2584 891 2644 lienem
909 2601 1011 2644 consu-

30 2679 109 2730 nunt.
144 2668 268 2728 eaedem
290 2675 433 2728 crematae
460 2677 490 2728 et
512 2676 595 2728 aceto
619 2667 696 2728 salso
719 2669 880 2728 exstinctae
896 2683 1011 2726 menses

31 2752 130 2812 usum
145 2753 308 2830 volvasque
324 2749 590 2830 procidentis'lotu.
621 2755 711 2810 omnis
730 2751 851 2830 capillos
868 2751 1009 2827 denigrat.

84 2837 149 2916 (6.)
182 2835 302 2896 Viscum
326 2853 343 2894 e
370 2835 479 2894 robore
502 2838 687 2913 praecipuum
703 2835 833 2907 ‚diximus
853 2834 1052 2909 haberi,et11

31 2935 79 2994 quo
94 2919 294 2980 conficeretur
307 2919 402 2978 modo.
431 2918 542 2996 quidam
557 2926 727 2985 contunsum
747 2921 776 2978 in
797 2935 869 2996 aqua
886 2918 972 2977 deco·
989 2914 1054 2991 ¹2⁶ta³⁰

30 3012 106 3080 cunt,
138 3003 234 3062 donec
260 3001 330 3060 nihil
346 3004 464 3064 iuuatet.
496 3002 609 3079 quidam
631 3001 888 3062 commanducantes
909 3002 1009 3061 acinos

32 3094 171 3164 exspuunt
187 3087 323 3145 cortices.
359 3094 504 3163 optumum
518 3085 595 3162 quod
610 3086 672 3143 sine
689 3086 799 3144 cortice
821 3085 954 3163 quodque
970 3084 1011 3142 le·

32 3169 190 3245 tissimum,
207 3176 290 3228 extra
313 3169 438 3245 fulvom,
461 3171 537 3228 intus
560 3184 737 3246 porraceum.
768 3167 836 3226 nihil
859 3178 905 3244 est
925 3167 1010 3246 gluti·

37 3255 136 3328 nasius.
174 3250 302 3327 emollit,
323 3252 440 3312 discutit
450 3263 596 3327 tumores,
617 3253 708 3310 siccat
725 3258 854 3310 strumas.
884 3271 947 3312 cum
962 3269 1008 3311 re·

54 3354 85 3396 na
106 3344 138 3396 et
152 3353 222 3395 cera
233 3353 324 3413 panos
339 3337 451 3413 mitigat
466 3337 557 3396 omnis
577 3337 704 3413 generis.
734 3334 845 3412 quidam
863 3344 893 3394 et
907 3335 1003 3413 galba·
1018 3344 1052 3398 12

48 3435 88 3478 um
103 3419 233 3480 adiciunt
248 3421 311 3496 pari
324 3419 454 3498 pondere
471 3419 665 3496 singulorum,
695 3435 790 3496 eoque
811 3419 896 3477 modo
922 3429 952 3478 et
971 3419 1006 3479 ad

49 3502 145 3564 ulnera
160 3510 287 3562 utuntur.
313 3505 448 3580 unguium
461 3504 611 3564 scabritias
625 3501 747 3580 expolit,
763 3505 787 3563 si
803 3503 934 3647 {eptenis
951 3502 1010 3563 die·
