2508 3924
94 250 110 306 “.
210 245 269 305 212
555 256 584 303 c.
601 257 695 303 unum
710 257 856 305 secuntur

167 423 198 474 31
213 413 359 470 contunsis
376 410 612 489 tumentibusque.
644 411 747 470 halitus
769 427 883 488 quoque
904 410 962 470 oris
985 413 1131 486 gratiores
1149 413 1186 472 fa·

209 513 277 553 cere
305 494 420 554 traditur
444 491 614 553 'contricatis
643 494 773 554 dentibus
801 503 886 571 atque
911 495 1034 570 gingivis
1064 495 1187 554 admixto

208 577 304 637 melle.
334 577 452 657 prodest
467 587 495 636 ct
510 577 684 655 phreneticis
700 577 804 636 suffitu.
834 578 999 652 sanguinem
1021 578 1049 636 in
1072 579 1185 637 naribus

208 662 282 720 sistit
295 679 357 719 curn
370 661 436 719 oleo
451 678 585 737 rosaceo,
601 669 630 720 et
645 661 701 720 alio
717 661 801 719 modo
817 659 901 719 indita
916 661 1031 720 auribus
1048 665 1186 739 opturatis

208 746 338 820 spissius.
369 747 436 822 quin
464 753 493 802 et
516 743 660 803 ulceribus
687 745 807 802 vetustis
831 745 974 820 inponitur
1003 762 1066 802 cum
1090 745 1208 805 melles
1242 751 1244 757 ’

208 826 326 886 volnera
348 845 384 884 ex
399 829 464 886 vino
480 827 528 886 vel
543 837 627 886 aceto
644 827 691 885 vel
703 845 776 904 aqua
796 826 898 903 frigida
920 836 949 885 et
964 826 1032 884 oleo
1047 845 1190 904 expressa

166 923 198 974 32
211 919 300 968 sanat.
326 912 423 968 arietis
434 910 544 968 vellera
562 910 620 970 luta
635 910 738 986 frigida
761 929 797 968 ex
817 911 883 969 oleo
903 909 1061 981 madefacta
1080 913 1109 968 in
1132 930 1190 969 mu·

207 993 344 1052 liebribus
359 994 441 1052 malis
454 993 687 1053 inflammationes
698 994 802 1052 volvae
816 993 915 1051 sedant
930 1002 973 1068 et,
991 994 1015 1051 si
1027 994 1190 1071 procidant,

208 1076 303 1135 suldtu
325 1080 487 1152 reprimunt.
518 1077 616 1135 sucida
635 1076 697 1135 lana
720 1077 843 1153 inposita
864 1076 1033 1153 subditaque
1061 1087 1192 1135 mortuos

203 1168 304 1237 partus
321 1169 433 1218 evocat.
463 1160 535 1218 sistit
551 1161 633 1218 etiarn
650 1160 789 1237 profluvia
807 1177 920 1233 earum,
944 1168 972 1218 at
986 1161 1063 1218 canis
1079 1159 1190 1219 rabiosi
1201 1175 1224 1214 m

207 1242 349 1300 morsibus
373 1243 513 1302 inculcata
535 1253 601 1320 Post
624 1242 696 1301 diem
717 1251 875 1321 septumum
894 1243 1024 1301 solvitur.
1056 1243 1192 1302 reduvias

175 1343 179 1354 ·
207 1335 287 1384 sanat
299 1343 334 1382 ex
348 1343 420 1402 aqna
434 1327 545 1401 frigida,
564 1326 663 1384 eadem
676 1327 761 1400 nitro,
777 1326 906 1404 sulpure,
920 1326 997 1396 oleo,
1014 1335 1109 1401 aceto,
1126 1329 1194 1404 pice

207 1408 313 1485 liquida
332 1409 563 1469 fervescentibus
585 1412 671 1468 tincta
694 1427 776 1486 quam
799 1409 969 1468 calidissima
997 1411 1124 1487 inposita
1146 1409 1194 1468 bis
1224 1479 1227 1486 Ι

209 1493 254 1550 die
265 1491 423 1551 lumborum
437 1493 554 1574 dolores
570 1493 660 1552 sedat.
675 1495 749 1551 sistit
761 1503 788 1552 et
803 1496 967 1568 sanguinem
985 1511 1021 1550 ex
1037 1494 1126 1569 ariete
1144 1511 1194 1551 su·

165 1587 199 1640 33
211 1574 273 1633 cida
290 1575 426 1634 articulos
448 1577 664 1634 extremitatium
684 1576 858 1654 praeligans.
891 1575 1082 1635 laudatissima
1098 1577 1194 1652 omnis
1205 1599 1228 1638 rs

207 1658 335 1733 ecollo,
361 1662 474 1717 natione
496 1677 566 1718 vero
588 1659 731 1734 Galatica,
748 1659 915 1734 Tarentina,
931 1658 1042 1733 Attica,
1067 1659 1195 1719 lllilesia.

178 1794 181 1810 ,
207 1741 332 1800 sucidam
348 1743 484 1820 inponunt
501 1752 529 1801 et
544 1743 743 1820 desquamatis,
762 1744 918 1822 percussiS,
935 1741 1038 1816 lividis,
1056 1743 1195 1814 incussis,

207 1825 333 1899 conlisis,
348 1826 487 1902 contritis,
500 1826 628 1901 deiectis,
648 1828 749 1902 capitis
766 1835 795 1884 et
807 1825 869 1884 aliis
879 1824 1196 1899 doloribus,'stomachi

205 1908 414 1966 inflammationi
430 1927 466 1966 ex
484 1919 566 1967 aceto
588 1918 617 1968 et
629 1926 771 1968 rosaceo.
804 1909 875 1967 cinis
891 1910 952 1966 eius
967 1909 1092 1968 inlinitur
1112 1911 1196 1968 attri-

204 1992 251 2064 tis,
270 1991 434 2064 volneratis,
450 1992 594 2050 ambustis.
626 2001 654 2050 et
675 1995 703 2050 in
726 1991 873 2052 oculorum
886 1991 1091 2050 medicamenta
1112 1993 1235 2052 addi-ao

165 2081 198 2134 34
209 2081 269 2147 tur,
293 2075 359 2131 item
379 2075 407 2130 in
423 2076 530 2132 listulas
546 2076 678 2152 aurisque
695 2084 874 2152 suppuratas.
909 2075 943 2133 ad
967 2074 1023 2134 lroc
1038 2074 1201 2147 detonsam

207 2173 278 2230 eam,
296 2156 342 2214 alii
362 2157 505 2231 evolsam,
522 2157 626 2217 decisis
649 2160 762 2217 summis
782 2157 908 2236 partibus
933 2159 1040 2216 siccant
1056 2168 1199 2234 carpunt-

207 2255 262 2314 que
279 2241 349 2296 otiu
364 2239 443 2297 fictili
460 2242 548 2299 crudo
566 2250 730 2318 conponunt
748 2259 783 2300 ac
798 2241 884 2298 melle
902 2240 1073 2318 perfundunt
1093 2253 1199 2301 urunt·

206 2339 271 2399 que.
305 2321 351 2380 alii
368 2323 468 2381 assulis
484 2323 585 2382 taedae
602 2324 737 2382 subiectis
754 2333 781 2381 et
796 2323 915 2382 subinde
931 2326 1103 2383 interstratis
1124 2327 1199 2384 oleo

205 2403 370 2481 adspersam
387 2406 545 2464 accendunt
557 2408 738 2484 cineremque
752 2409 780 2464 in
795 2406 908 2466 labellis
921 2425 994 2483 aqua
1011 2407 1107 2471 addita
1124 2427 1198 2468 con·
1209 2432 1234 2470 ss

204 2487 308 2546 fricant
321 2507 403 2547 manu
421 2498 449 2547 et
468 2489 617 2548 considere
632 2493 790 2568 patiuntur,
813 2489 904 2566 idque
914 2493 1029 2568 saepius
1048 2500 1200 2551 mutantes

206 2588 323 2648 aquam,
347 2571 440 2630 donec
456 2572 579 2648 linguam
595 2573 752 2648 adstringat
767 2573 869 2631 leniter
884 2591 939 2630 nec
961 2573 1103 2632 mordeat.
1136 2583 1199 2633 turn

207 2655 332 2713 cinerem
346 2665 494 2734 reponunt.
515 2655 565 2714 Vis
578 2659 639 2714 eius
652 2659 761 2734 septica
773 2665 817 2714 est
830 2656 1087 2732 efficacissimeque
1101 2675 1201 2734 genas

206 2747 318 2813 purgat.

164 2831 197 2882 35
262 2821 343 2896 (to.)
367 2821 440 2894 Quin
455 2823 536 2900 ipsae
559 2822 659 2881 sordes
681 2820 820 2899 pecudum
843 2822 985 2898 sudorque
1007 2821 1146 2880 feminum
1167 2831 1238 2884 etso

207 2902 312 2960 alarum
330 2903 604 2965 adhaerenteslanis
624 2939 667 2949 -
687 2923 827 2981 oesypum
843 2915 946 2964 vocant
962 2938 1004 2948 -
1024 2907 1200 2965 innumeros

208 3002 300 3063 prope
320 3005 387 3050 usus
402 2987 516 3046 habent.
547 2990 575 3047 in
589 2989 691 3047 Atticis
707 2988 809 3046 ovibus
826 2991 924 3063 genito
946 2987 1049 3065 palma.
1083 2990 1115 3047 lit
1131 2989 1199 3066 plu·

206 3067 283 3125 ribus
300 3070 407 3144 modis,
425 3071 476 3129 sed
494 3072 722 3147 probatissimum
740 3072 803 3130 lana
820 3072 854 3130 ab
876 3071 919 3129 his
936 3071 1063 3149 partibus
1079 3075 1202 3130 recenti

207 3161 362 3229 concerpta
377 3161 424 3210 aut
443 3154 666 3231 quibuscumque
682 3153 813 3212 sordibus
834 3153 940 3212 sucidis
963 3155 1083 3230 primum
1101 3155 1201 3214 colle-

206 3235 259 3292 ctis
274 3235 351 3293 lento
368 3237 425 3312 igni
440 3237 468 3294 in
486 3255 576 3296 aeneo
594 3236 812 3296 subfervefactis
832 3246 859 3295 et
880 3238 1060 3312 refrigeratis
1077 3239 1201 3315 pingui·
1213 3253 1244 3296 ao

206 3335 261 3394 que
278 3319 352 3394 quod
374 3329 538 3395 supernatet
560 3320 685 3378 collecto
706 3321 732 3378 iu
750 3321 836 3378 fictile
858 3339 909 3378 vas
925 3322 1086 3396 iterumque
1105 3322 1202 3380 deco·

206 3409 251 3458 cta
268 3401 356 3478 priori
372 3403 505 3476 materia,
529 3421 600 3479 quae
616 3403 782 3479 pinguitudo
798 3413 919 3480 utraque
936 3403 1039 3479 frigida
1061 3422 1135 3480 aqua
1153 3405 1202 3463 la-

205 3491 285 3541 vatur
301 3491 329 3541 et
340 3485 368 3543 in
383 3484 471 3544 linteo
487 3496 616 3544 saccatur
626 3503 661 3544 ac
675 3487 737 3545 sole
753 3495 887 3564 torretur,
901 3487 993 3546 donec
1006 3486 1127 3548 candida
1144 3487 1206 3547 frat
