2458 3906
125 199 187 262 200
469 211 498 259 c.
515 210 776 260 nnrmsnounon

125 365 329 444 collectiones,
348 384 434 428 sucus
450 365 565 428 decocti
582 376 712 428 ventrem
726 366 824 444 solvit,
841 368 963 430 iocineri
976 376 1007 428 et
1018 367 1139 428 renibus
1203 408 1204 411 κ

123 460 153 512 et
166 451 315 512 stomacho
329 451 458 530 prodest.
484 452 563 529 item,
581 452 645 511 siin
657 461 741 513 aceto
755 451 946 531 decoquatur,
962 453 1064 513 urinae
1077 461 1139 512 tor·

122 537 197 596 mina
212 535 337 612 discutit,
354 538 422 595 item
437 536 568 596 morbum
582 538 693 613 regium
710 553 727 595 e
743 534 854 614 mulso,
876 537 901 596 si
917 537 979 596 sine
996 535 1073 597 lebni
1089 537 1137 602 sit.

123 621 251 682 vesicam
266 619 389 680 adiuvat.
423 619 574 680 mulierum
601 621 715 700 quidem
737 619 957 699 purgationibus
979 620 1138 682 decoctum

124 706 151 764 in
165 722 239 782 aqua
253 703 328 764 adeo
346 703 469 783 prodest
485 711 516 763 ut
528 714 677 764 emortuos
690 713 789 784 partus
799 703 903 765 trahat.
937 703 1064 765 adiciunt
1077 703 1161 765 lla-s

124 789 153 867 gi
171 804 241 848 suco
259 789 345 848 totius
361 805 424 849 cnm
440 788 507 848 oleo
523 797 681 868 perunctos
701 787 924 849 favorabiliores
942 789 1004 848 lieri
1018 797 1047 849 et
1059 806 1138 867 quae

123 873 213 933 velint
234 871 349 934 iacilins
371 875 538 952 impetrare.
576 873 654 952 quod
676 870 792 952 quidem
816 881 940 952 propter
959 873 1140 951 singularem

125 955 322 1017 salubritatem
339 956 427 1036 aliqui
444 956 581 1018 chreston
596 957 755 1037 appellant,
772 955 820 1016 alii
832 959 1013 1035 pancration.

79 1052 116 1108 'to
171 1037 253 1120 (31.)
266 1039 320 1101 Est
332 1050 361 1101 et
375 1042 509 1102 silvestre
521 1059 626 1119 genus,
635 1041 685 1102 alii
697 1039 882 1120 hedypnoida
894 1051 1011 1118 vocant,
1022 1041 1139 1102 latioris

123 1126 185 1189 loli.
216 1125 392 1186 stomachum
409 1123 579 1187 dissolutum
595 1125 746 1202 adstringit
768 1134 869 1202 cocta,
892 1125 1038 1205 crudaque
1060 1125 1138 1186 sistit
1150 1137 1175 1179 ¹⁰

124 1211 228 1272 alvom.
265 1218 294 1269 et
319 1209 501 1285 dysintericis
522 1210 659 1289 prodest,
685 1209 776 1287 magis
802 1227 865 1270 enm
887 1209 976 1270 lente.
1004 1217 1139 1289 raptast

125 1293 265 1354 convolsa
279 1301 402 1371 utroque
416 1311 526 1371 genero
540 1296 689 1371 iuvantur,
706 1294 774 1354 item
789 1294 922 1371 genitura
939 1293 1043 1374 quibas
1055 1293 1138 1354 vale-

123 1378 227 1440 tudinis
244 1376 345 1438 morbo
363 1377 471 1439 eilluat.
531 1425 533 1430 .

81 1473 116 1528 76
192 1458 272 1546 (32.)
295 1462 375 1522 Senis
398 1465 512 1542 etipsa
535 1463 669 1523 lactucae
691 1462 834 1524 simillima
859 1463 979 1524 duorum
995 1480 1138 1540 generum

125 1557 185 1610 est:
202 1546 345 1608 silvestris
360 1546 474 1625 molior,
491 1548 573 1625 nigra
588 1547 642 1606 ista
664 1554 693 1606 et
713 1547 842 1622 aestiva,
865 1547 994 1608 deterior
1014 1546 1137 1608 hiberna
1149 1566 1174 1608 ιε

126 1642 155 1694 et
162 1630 329 1693 candidior.
359 1641 481 1710 utraque
495 1648 607 1706 amara,
623 1629 774 1692 stomacho
789 1631 957 1708 utilissima,
975 1634 1138 1711 praecipue

127 1735 212 1797 quem
226 1732 309 1776 umor
324 1725 421 1776 vexet.
453 1731 516 1776 cnm
530 1724 616 1776 aceto
630 1715 659 1774 in
675 1714 741 1775 cibo
758 1715 934 1793 refrigerant
953 1716 1003 1777 vel
1024 1715 1138 1791 inlitae,

83 1801 340 1879 ordinantiumque
357 1809 386 1860 et
400 1799 475 1860 alios
494 1818 578 1879 quam
594 1798 746 1860 stomachi.
775 1817 838 1858 cum
857 1799 977 1879 polenta
994 1799 1139 1860 silvestri·

127 1904 173 1947 um
187 1884 301 1944 radices
318 1884 459 1945 stomachi
477 1902 564 1945 causa
580 1883 750 1960 sorbentur,
774 1891 804 1944 et
819 1884 960 1944 cardiacis
982 1883 1140 1944 inlinuntur

125 1986 214 2048 snper
226 1969 369 2028 sinistram
384 1984 541 2044 mammam,
558 1978 588 2028 et
602 1987 640 2028 ex
654 1976 752 2044 aceto,
768 1985 868 2029 omnes
881 1966 936 2028 hae
953 1976 983 2028 et
999 1967 1136 2047 podagri·
1147 1987 1176 2028 co

128 2055 169 2114 cis
181 2053 267 2113 utiles
283 2061 312 2111 et
327 2053 495 2130 sanguinem
511 2052 716 2128 reicientibus,
732 2053 800 2112 item
815 2052 918 2131 quibus
936 2053 1067 2130 genitura
1083 2050 1137 2112 flu-

126 2147 164 2214 at,
182 2135 294 2196 alterno
311 2135 421 2196 dierum
436 2145 516 2216 pota.
552 2135 704 2197 Petronius
720 2133 880 2214 liiodotus,
898 2137 946 2216 qul
962 2135 1137 2214 anthologn·

126 2238 209 2281 mena
221 2221 355 2300 scripsit,
371 2221 399 2280 in
413 2229 504 2281 totum
519 2220 661 2281 damnavit
675 2222 762 2281 serim
777 2220 871 2282 multis
889 2221 981 2282 modis
997 2239 1137 2300 arguens,

127 2305 178 2366 sed
196 2305 315 2364 aliorum
333 2305 456 2364 omnium
473 2306 572 2384 opinio
592 2306 708 2364 resistit.

84 2398 118 2453 ts
190 2389 220 2450 9.
242 2384 321 2470 (33.)
344 2387 497 2450 Brassioae
518 2389 618 2449 laudes
641 2389 758 2467 longum
779 2399 824 2451 est
854 2391 992 2470 exsequi,
1020 2407 1085 2449 cum
1106 2396 1176 2453 etas

127 2471 307 2553 Chrysippus
321 2473 451 2534 medicus
466 2473 599 2551 privatim
616 2473 752 2534 volumen
767 2475 793 2533 ei
810 2473 950 2534 dicaverit
966 2491 1020 2553 per
1037 2474 1137 2551 singu-

127 2557 154 2616 la
170 2555 298 2618 membra
313 2557 436 2619 hominis
454 2557 607 2635 digestum,
624 2567 654 2618 et
667 2556 834 2635 Dieuches,
850 2567 915 2619 ante
932 2557 1024 2618 omnis
1040 2565 1137 2618 antem

126 2642 326 2720 Pythagoras,
346 2651 375 2702 et
389 2638 462 2702 Cato
480 2658 536 2701 nou
552 2641 668 2720 parcius
685 2641 897 2718 celebraverit,
920 2643 1000 2702 cuius
1018 2649 1137 2702 senten-

126 2727 192 2786 tiam
209 2725 260 2786 vel
276 2744 312 2787 eo
329 2726 494 2804 diligentius
505 2727 642 2805 persequi
656 2744 709 2805 par
724 2735 787 2802 est,
804 2735 833 2785 ut
847 2735 984 2786 noscatur
1001 2743 1058 2805 qua
1076 2743 1136 2785 nne·

84 2809 218 2873 79diciaa
235 2826 303 2868 usus
322 2812 358 2870 sit
375 2811 455 2872 annis
484 2823 531 2871 Dc
545 2809 690 2871 Romanus
714 2809 848 2890 populus.
886 2809 917 2870 ln
941 2810 992 2869 tris
1016 2810 1176 2888 speciesso

127 2894 253 2954 divisere
271 2911 334 2954 eam
350 2893 454 2956 Graeci
470 2894 672 2974 antiquissimi:
693 2897 828 2974 crispam,
845 2911 929 2974 quam
941 2891 1072 2954 selinada
1084 2909 1135 2952 vo-

126 2987 264 3039 caverunt
280 2995 296 3038 a
310 2979 493 3040 similitudine
509 2980 556 3057 api
574 2977 726 3056 loliorum,
742 2979 891 3039 stomacho
906 2977 1023 3053 utilem,
1039 2977 1136 3038 alvom

125 3062 238 3123 modice
254 3061 442 3138 mollientem,
459 3063 578 3123 alteram
592 3063 709 3138 heliam,
725 3061 790 3123 latis
804 3062 882 3123 loliis
899 3081 915 3122 e
929 3061 1013 3123 caule
1026 3079 1135 3122 exeun·

125 3146 213 3224 tibus,
230 3146 307 3206 ande
325 3145 475 3206 caulodem
492 3146 607 3245 quidam
628 3164 793 3223 vocavere,
816 3147 949 3206 nullins'
940 3165 968 3206 m
989 3145 1135 3206 medicina

126 3231 271 3292 momenti.
301 3231 386 3291 tertia
399 3241 444 3290 est
458 3233 577 3310 proprie
590 3231 737 3310 appellata
750 3231 877 3307 crambe,
892 3229 1074 3290 tenuioribus
1089 3229 1133 3290 fo·
1144 3249 1172 3291 as

123 3309 173 3374 lus
190 3323 219 3372 et
233 3312 409 3395 simplicibus
427 3312 677 3394 densissimisque,
701 3317 824 3375 amarior
843 3316 896 3376 sed
918 3314 1134 3374 efficacissima.

83 3394 275 3459 sosarnus
278 3417 343 3477 pam
359 3416 490 3459 maxume
511 3398 631 3477 probat,
658 3398 723 3459 dein
744 3399 839 3458 levem
860 3396 1017 3477 grandibus
1042 3398 1136 3478 loliis,

8 3507 64 3518 Α
85 3517 104 3523 -
125 3481 210 3572 caule
220 3414 339 3572 congano
373 3481 517 3561 prodesse
532 3482 617 3543 tradit
629 3483 731 3561 capitis
743 3480 904 3560 doloribus,
921 3482 1073 3542 oculorum
1086 3499 1134 3542 oa·
