2370 3922
144 263 181 324 tc
463 275 764 325 c.1³nrrv1sncurvn1

141 429 272 489 cauliculi
288 429 530 506 efflorescentes,
550 437 581 488 ut
596 431 668 488 cinis
685 431 768 508 spodi
783 432 877 490 vicem
891 423 1038 507 praestet,
1060 431 1135 489 vino-

70 509 72 514 ‘
142 532 199 591 que
220 513 315 573 infuso
338 515 443 573 iterum
464 516 563 572 uritur.
604 515 827 593 suppurationes
852 522 882 573 et
905 531 998 591 panos
1021 513 1138 572 inlinunt

142 600 241 656 cinere
263 615 300 657 eo
315 597 364 657 vel
380 597 464 657 *foliis
486 597 577 656 tunsis
593 616 657 656 cum
675 597 771 656 melle.
806 597 908 657 oculos
923 614 996 655 vero
1015 615 1077 656 curn
1090 613 1138 673 po·

142 681 230 741 lenta.
268 699 353 740 sucus
375 681 488 740 fruticis
508 682 637 740 recentis
659 684 773 740 accensi
791 680 943 740 destillans
958 689 1040 740 sanat
1056 679 1141 738 liche-

100 775 135 829 ta
146 783 213 841 naa,
228 764 373 841 luriures,
388 766 528 824 manantia
546 764 653 824 ulcera.
685 778 748 823 nam
763 765 880 824 lacrima
897 780 970 840 quae
987 782 1026 822 ex
1037 763 1167 822 arbores

143 852 207 927 ipsa
228 847 373 925 destillat,
398 847 591 926 Aethiopicae
611 865 740 908 maxume
757 848 859 923 oleae,
883 849 980 906 mirari
998 849 1070 905 satis
1088 864 1145 906 non

144 941 190 992 est
204 940 341 1009 repertos
352 934 404 1009 qui
420 932 547 991 dentium
565 931 685 992 dolores
703 931 867 992 inlinendos
884 938 1044 990 censerent
1058 947 1145 989 vene·

143 1034 209 1076 num
223 1034 290 1074 csse
306 1015 526 1093 praedicantes,
543 1024 630 1092 atque
646 1017 732 1076 etiam
747 1018 777 1075 in
793 1015 923 1074 oleastro
940 1013 1144 1091 quaerendum

145 1119 162 1160 e
176 1099 273 1159 radice
287 1099 372 1158 oleae
388 1115 472 1175 quam
488 1100 661 1159 tenerrimae
673 1108 778 1158 cortex
792 1100 911 1178 derasus
927 1100 956 1156 in
968 1096 1027 1156 mel
1039 1097 1145 1156 crebro

144 1191 261 1260 gustatu
283 1183 416 1241 medetur
438 1183 607 1259 sanguinem
622 1183 811 1245 reicientibus
827 1189 857 1240 et
872 1189 1031 1259 suppurata
1051 1188 1145 1240 extus
1154 1194 1179 1234 rc

144 1266 294 1327 sientibus.
325 1266 417 1343 ipsius
441 1265 526 1324 oleae
547 1267 619 1325 cinis
637 1285 700 1325 cum
715 1267 838 1342 axungia
854 1274 983 1323 tumores
1000 1273 1085 1323 sanat
1101 1283 1148 1324 ex·

145 1349 291 1426 trahitque
306 1347 409 1407 tistulis
425 1351 495 1408 vitia
510 1356 540 1408 et
557 1351 636 1426 ipsas
652 1356 740 1409 sanat.

103 1485 138 1540 to
209 1473 290 1552 (36.)
335 1471 437 1533 Olivae
458 1473 542 1533 albae
566 1475 713 1534 stomacho
739 1474 891 1550 utiliores,
922 1475 1019 1532 ventri
1046 1472 1147 1531 minus.

145 1557 323 1638 praeclarum
342 1557 449 1616 habeut
467 1576 548 1616 usum
568 1566 722 1636 antequam
741 1558 912 1618 condiantur
932 1565 1074 1616 recentes
1096 1574 1147 1634 per

145 1661 179 1702 se
203 1641 260 1699 cibi
282 1640 367 1700 modo
390 1641 556 1701 devoratae.
591 1642 741 1702 medentur
763 1643 839 1700 enim
853 1641 1017 1701 harenosae
1034 1640 1177 1714 urinaque

145 1723 214 1785 item
233 1725 367 1784 dentibus
383 1742 498 1783 carnem
511 1724 671 1784 mandendo
686 1727 792 1785 attritis
807 1733 855 1783 aut
869 1722 1029 1783 convolsis.
1066 1725 1145 1800 nigra

144 1809 222 1868 oliva
245 1808 392 1868 stomacho
412 1807 558 1885 inutilior,
583 1811 678 1868 ventri
695 1809 825 1886 iacilior,
848 1809 953 1886 capiti,
977 1806 1072 1866 oculis
1093 1824 1149 1865 non

106 1909 110 1918 ·
145 1893 290 1953 convenit.
320 1889 441 1968 utraque
457 1892 594 1951 ambustis
610 1894 732 1970 prodest
747 1895 813 1952 trita
828 1901 858 1952 et
874 1891 963 1951 inlita.
995 1890 1051 1950 sed
1065 1891 1150 1966 nigra

114 2009 115 2012 =
145 1974 404 2050 conmanducatur,
438 1983 468 2034 et
487 1977 619 2052 protinus
643 1996 681 2036 ex
703 1996 755 2038 ore
776 1978 902 2054 inposita
924 1973 1044 2052 pusulas
1066 1974 1150 2050 gigni

145 2056 290 2136 prohibet.
321 2057 506 2133 colymbades
529 2060 645 2119 sordida
660 2062 758 2121 ulcera
774 2067 913 2136 purgant,
937 2057 1059 2118 inutiles
1075 2057 1178 2116 ‹tiit-a

147 2139 301 2199 cultatibus
316 2143 424 2201 urinae.
456 2144 461 2150 “

103 2275 139 2329 tt
208 2264 289 2342 (37.)
317 2263 361 2325 Dc
387 2285 500 2326 amurca
529 2275 695 2345 poteramus
722 2265 814 2324 videri
836 2267 906 2324 satis
927 2265 1040 2325 dixisse
1062 2263 1166 2324 Cato·

106 2347 134 2386 55·
144 2347 167 2385 55
180 2365 246 2406 nem
262 2351 373 2428 secuti,
397 2352 450 2412 aed
464 2350 610 2411 reddenda
625 2349 784 2408 medicinae
800 2366 916 2426 quoque
932 2357 987 2408 est
1016 2351 1150 2425 gingivis

146 2440 176 2492 et
201 2433 261 2490 oris
285 2431 450 2531 ulceribus,
472 2435 599 2494 dentium
614 2433 763 2492 stabilitati
779 2432 981 2491 efficacissime
996 2432 1149 2509 subvenit,

144 2517 216 2574 item
239 2517 354 2592 ignibus
376 2519 465 2576 sacris
487 2517 581 2576 inlusa
598 2525 628 2575 et
642 2515 775 2592 hisquae
790 2523 918 2594 serpunt
952 2516 1149 2592 pernionibus
1158 2532 1178 2570 a

145 2600 247 2676 nigrae
265 2599 360 2658 olivae
376 2612 488 2658 amurca
503 2600 621 2675 utilior,
640 2601 710 2658 item
727 2599 881 2658 infantibus
897 2599 1046 2676 fovendis,
1063 2599 1150 2658 albae

145 2700 218 2742 vero
234 2682 384 2741 mulierum
398 2682 524 2742 volvae'
515 2700 545 2740 rn
560 2683 623 2741 lana
636 2682 812 2744 admovetur.
837 2681 927 2741 multo
943 2691 1041 2741 autem
1055 2685 1149 2742 omnis

82 2775 85 2784 ’
147 2783 276 2824 amurca
282 2766 404 2826 decocta
424 2766 579 2825 efficacior.
613 2768 747 2842 coquitur
762 2767 791 2824 in
806 2762 916 2848 Cyprio
932 2783 1003 2824 vase
1018 2766 1056 2826 ad
1071 2785 1150 2826 cras-

148 2847 302 2907 situdinem
321 2849 424 2908 mellis.
461 2868 529 2909 usus
553 2849 616 2908 eius
641 2867 704 2909 curn
722 2857 807 2909 aceto
831 2857 879 2908 aut
892 2851 961 2907 vino
978 2857 1085 2909 vetere
1101 2857 1150 2920 aut

146 2929 251 3006 mulso,
266 2940 297 2988 ut
309 2950 441 3009 quaeque
457 2951 542 2993 causa
558 2934 660 3010 exigit,
675 2934 704 2992 in
719 2935 897 2992 curationem
915 2932 988 3010 oris,
1006 2932 1177 3008 dentium,tt

105 3015 277 3090 ltaurium,
293 3015 420 3075 ulcerum
434 3019 615 3092 manantium,
630 3015 809 3114 genitalium,
825 3015 987 3099 rhagadum.
1018 3016 1148 3076 volneri-

147 3098 231 3157 bus'
223 3115 251 3154 rn
271 3095 400 3157 linteolis
422 3101 585 3178 inponitur,
609 3100 744 3159 luxatis
736 3118 764 3158 vn
783 3099 901 3198 lana,'
893 3117 998 3175 ungens
1013 3099 1063 3159 hic
1077 3119 1148 3158 usus

147 3183 247 3258 utiquc
265 3182 428 3242 inveterato
446 3184 670 3260 medicamento,
689 3184 747 3243 tale
766 3185 842 3242 enim
857 3175 967 3242 listulas
983 3192 1075 3243 sanat.
1107 3184 1147 3242 in-

147 3265 274 3324 funditur
295 3264 391 3341 sedis,
419 3267 602 3344 genitalium,
628 3266 734 3326 volvae
757 3266 985 3342 exulcerationi,
1016 3265 1147 3326 inlinitur

148 3365 222 3407 vcro
238 3347 376 3425 podagris
390 3350 605 3427 incipientibus,
621 3352 690 3410 item
701 3349 873 3410 articulariis
885 3349 1004 3410 morbis.
1035 3352 1061 3408 si
1073 3367 1175 3410 verost

150 3447 213 3488 cum
230 3432 380 3509 omphacio
396 3442 571 3509 recoquatur
589 3435 624 3494 ad
642 3433 737 3494 mellis
749 3433 979 3510 crassitudinem,
996 3434 1144 3493 causarios

150 3512 244 3571 dentis
261 3515 402 3590 extrahit,
420 3517 489 3575 item
505 3518 697 3578 iumentorum
712 3517 839 3578 scabiem
854 3533 916 3576 cnm
931 3516 1056 3577 decocto
1073 3515 1143 3596 lupi·
