2396 3922
80 174 85 182 '
165 182 224 246 142
380 220 383 228 ·
496 193 800 252 enumerentur

160 367 253 428 usque
275 349 342 412 dum
364 325 487 413 rudo'res
509 360 616 412 evocet
635 352 737 412 iterum
750 359 783 412 et
803 351 918 410 tertium
940 350 978 410 ita
1008 366 1046 408 ne
1071 349 1161 412 sudor

161 433 301 494 abluatur.

118 525 153 581 ta
227 517 310 597 (49.)
331 516 532 596 Dryophonon
551 517 651 578 similis
672 516 762 578 herba
784 526 830 577 est
849 516 1002 579 cauliculis
1026 516 1163 578 tenuibus

161 599 342 678 cubitalibus,
359 601 540 664 circumdatis
555 601 697 680 utrimque
712 601 792 662 loliis
812 601 947 680 pollicari
971 600 1161 680 amplitudine

160 683 254 762 qualia
271 687 484 760 oxymyrsinen,
501 684 554 746 sed
569 684 784 746 candidioribus
806 684 1073 762 mulieribusque,
1091 685 1176 746 dores

160 766 280 828 candido
296 767 406 828 sabuci.
436 767 523 830 edunt
536 768 697 830 cauliculos
712 768 864 844 decoctos,
880 770 994 828 semine
1011 785 1087 828 vero
1104 772 1159 828 eius

159 868 213 930 pro
228 853 333 931 pipere
347 859 470 912 utuntur.

117 944 152 999 tt
223 937 308 1016 (50.)
330 935 445 996 Elatiae
461 935 532 996 lolia
545 935 633 996 habet
649 937 756 1012 casiae,
773 935 888 1015 pusilla,
902 937 1012 1015 pilosa,
1028 935 1160 1014 rotunda,

158 1018 382 1096 semipedalibus
397 1019 513 1080 ramulis
528 1021 621 1098 quinis
636 1022 751 1081 senisve
770 1038 786 1080 a
803 1019 900 1080 radice
919 1022 1018 1080 statim
1034 1018 1158 1080 foliosis.

158 1104 284 1164 nascitur
297 1105 326 1162 in
341 1112 463 1180 segete,
490 1103 595 1164 acerba
609 1113 696 1180 gustu
713 1113 743 1164 et
765 1102 831 1164 ideo
849 1104 1002 1164 oculorum
1018 1103 1185 1164 ductioniu

159 1187 212 1246 bus
225 1187 331 1246 efficax
347 1187 506 1248 ioliiscum
524 1186 641 1265 polenta
655 1187 727 1248 tritis
749 1196 779 1246 et
795 1188 944 1265 inpositis,
965 1187 1091 1248 subdito
1112 1187 1157 1248 lin-

158 1271 249 1330 teolo.
282 1269 383 1331 eadem
403 1289 466 1340 cum
482 1271 532 1332 lini
547 1272 657 1332 semiue
674 1279 758 1332 cocta
774 1270 940 1332 sorbitionis
961 1290 1018 1332 usu
1033 1271 1158 1346 dysintc·

157 1356 200 1414 ria
217 1353 331 1414 liberat.

116 1447 150 1503 75
227 1437 313 1514 (51.)
333 1436 500 1516 Empetros,
517 1455 600 1516 quarn
614 1439 705 1498 nostri
721 1438 906 1515 calcifragam
920 1448 1050 1515 vocant,
1067 1442 1158 1500 nasci·

158 1523 244 1582 turin
258 1521 401 1581 montibus
418 1523 579 1598 maritimis,
600 1521 664 1581 iere
685 1521 713 1580 in
734 1537 815 1582 saxo.
845 1539 918 1598 quae
939 1525 1068 1601 propius
1093 1523 1181 1584 maha

157 1604 211 1666 fuit
225 1605 303 1666 salsa
324 1615 369 1666 est
384 1615 509 1683 potaque
525 1605 611 1666 trahit
626 1605 713 1664 bilem
735 1623 771 1664 ac
792 1607 925 1683 pituitas,
949 1625 1028 1683 quae
1045 1608 1156 1684 longius

156 1691 306 1767 magisque
329 1699 445 1749 terrena
468 1690 590 1749 amarior
610 1690 739 1749 sentitur.
782 1689 867 1750 trahit
887 1707 1011 1768 aquam,
1040 1693 1156 1752 sumitur

157 1781 252 1832 autem
267 1775 295 1832 in
315 1775 378 1833 iura
398 1773 496 1850 aliquo
514 1781 545 1832 ut
565 1772 770 1850 hydromelite,
793 1781 936 1835 vetustate
957 1775 1031 1834 viris
1054 1775 1154 1852 perdit,

158 1874 264 1916 recens
279 1857 373 1917 urinas
391 1858 448 1916 ciet
462 1856 615 1917 decoctum
634 1859 663 1917 in
684 1875 758 1935 aqua
778 1857 826 1916 vel
848 1858 943 1917 tritum
964 1857 1155 1936 calculosque

156 1939 271 2016 frangit.
304 1941 351 2018 qui
365 1940 450 2000 iidem
463 1942 606 2018 promisso
624 1940 689 2002 huic
704 1950 854 2018 quaerunt,
870 1941 1022 2001 adfirmant
1040 1942 1179 2022 lapillosa

159 2023 208 2101 qui
223 2022 432 2083 subferveiiant
448 2042 504 2084 unu
523 2027 624 2104 rumpi.

115 2114 150 2169 to
223 2106 306 2186 (52.)
329 2105 478 2184 Epicratis
493 2107 529 2170 ab
546 2108 610 2170 aliis
627 2107 787 2168 elleborine
798 2118 929 2184 vocatur,
947 2126 1043 2189 parva
1056 2109 1153 2184 herba,

159 2189 272 2266 exiguis
285 2189 374 2266 loliis,
386 2190 522 2251 iocineris
537 2193 612 2251 vitiis
624 2192 771 2252 utilissima
787 2201 817 2252 et
832 2202 931 2254 contro
944 2211 1064 2253 venena
1081 2203 1150 2273 pota.

220 2273 303 2353 (53.)
326 2271 497 2351 Epimedion
521 2275 610 2336 caulis
632 2285 677 2336 est
702 2292 758 2335 non
784 2294 905 2354 magnus
924 2276 1057 2337 hederae
1079 2278 1150 2338 foliis

157 2355 239 2416 denis
255 2365 342 2436 atque
358 2357 514 2433 duodenis,
532 2377 683 2436 numquam
697 2359 823 2435 floreus,
839 2360 938 2421 radice
954 2361 1046 2437 tenni,
1062 2363 1172 2438 nigras

157 2443 238 2518 gravi
257 2441 359 2518 odore,
373 2451 403 2502 at
419 2444 447 2501 in
462 2443 564 2502 umidis
579 2443 720 2520 nascitur,
742 2452 771 2502 et
787 2443 853 2503 huie
869 2443 1015 2522 spissandi
1030 2443 1146 2521 refrige

156 2524 294 2604 randique
309 2535 418 2602 natura,
434 2527 548 2586 leminis
563 2527 701 2588 cavenda.
726 2527 797 2586 folia
810 2528 839 2586 in
853 2529 919 2588 vino
931 2529 997 2587 trita
1012 2527 1147 2604 virginum

156 2626 291 2670 mammas
307 2609 452 2672 cohibent.

115 2701 148 2759 7⁷
226 2693 309 2772 (54.)
330 2693 551 2772 Enneaphyllon
566 2695 654 2770 longa
675 2693 746 2754 iulia
763 2710 876 2754 novena
897 2693 986 2754 habet
1007 2694 1147 2754 causticae

157 2785 286 2837 naturae.
318 2779 461 2857 inponitur
475 2777 540 2838 luna
555 2777 756 2838 circumdatum
771 2795 807 2836 ne
823 2785 886 2838 urat
900 2777 997 2854 latius,
1015 2779 1171 2838 continuat

157 2860 231 2920 euim
247 2861 364 2938 pusulas
376 2863 498 2936 excitat,
514 2861 673 2922 lumborum
685 2860 835 2921 doloribus
850 2869 879 2921 et
894 2861 1088 2922 coxendicum
1102 2862 1145 2922 uti-

156 2941 304 3002 lissimum.

114 3035 149 3090 to
219 3025 304 3103 (55.)
326 3026 435 3089 Felicis
454 3028 510 3088 duo
526 3046 635 3105 genera
650 3046 706 3088 nec
720 3027 822 3089 florem
841 3027 948 3090 babent
969 3042 1028 3088 nec
1044 3045 1144 3091 semen.

157 3111 261 3188 pterim
276 3119 381 3172 vocant
398 3111 509 3188 Graeci,
526 3112 574 3171 alii
588 3110 744 3188 blachno'n,
759 3112 840 3172 cuius
851 3130 888 3172 ex
902 3129 958 3170 una
971 3110 1072 3172 radice
1085 3129 1143 3170 con·

156 3192 255 3271 plures
274 3201 381 3252 exeunt
399 3194 502 3254 felices
522 3194 587 3254 bina
609 3196 694 3254 etiam
716 3195 811 3255 cubita
832 3193 1012 3256 excedentes
1029 3195 1168 3272 longitutt

157 3274 240 3351 dine,
262 3294 319 3335 non
337 3293 443 3352 graves
465 3277 567 3338 odore.
599 3277 673 3338 hanc
693 3295 800 3340 marem
822 3279 994 3340 existimant.
1033 3279 1142 3338 alterum

156 3376 249 3433 genus
269 3358 452 3435 thelypterim
466 3360 570 3422 Graeci
584 3371 700 3437 vocant,
714 3362 764 3422 alii
774 3362 963 3441 nymphaeam
978 3364 1092 3439 pterim,
1105 3369 1143 3420 cst

157 3449 251 3500 autem
271 3441 426 3517 singularis
440 3451 525 3521 atque
548 3463 606 3506 non
621 3444 779 3523 fruticosa,
798 3445 916 3506 brevior
931 3446 1104 3524 molliorque
1117 3452 1141 3504 et
