2406 3914
107 226 168 288 262
452 235 482 283 c.
498 236 596 282 enm
613 234 765 284 saeuum

104 393 235 472 partibus
256 392 334 452 aceti
358 392 540 468 permixtum.
580 388 788 468 Sampsuclrum
809 390 873 447 sire
898 405 1066 448 amaracum
1085 387 1115 446 ix

106 476 205 556 Cypro
231 476 455 536 laudatissimum
470 485 501 534 et
524 475 756 534 odoratissimum
781 471 990 550 scorpionibus
1011 471 1114 530 adrer-

106 571 185 621 satur
211 579 250 620 ex
276 568 361 620 aceto
390 576 427 619 ac
453 559 517 619 sale
542 557 663 618 inlitum.
719 558 874 616 menstruis
894 571 1018 634 quoque
1043 555 1114 614 rnul-

104 655 163 704 tum
180 645 294 704 confert
316 644 480 721 inpositum.
519 645 612 702 minor
638 641 732 702 eidem
759 649 830 718 poto
850 641 906 699 ris.
940 637 1065 698 cohibet
1087 647 1117 697 et

104 729 258 788 oculorum
284 728 442 806 epiphoras
468 745 532 787 cum
559 726 688 806 polenta.
734 742 823 784 sucus
845 724 965 783 decocti
991 725 1137 784 terminas

104 814 229 874 discutit.
253 821 283 871 et
294 812 383 870 urinis
395 821 425 870 et
437 811 606 888 hydropicis
619 811 699 870 utile.
721 817 821 868 movet
835 817 866 866 et
879 807 991 868 aridum
1002 816 1117 866 sternu-

103 907 207 956 menta.
224 897 255 955 lit
265 915 304 955 cx
316 914 353 955 eo
366 905 396 955 et
407 896 502 955 olen
514 895 593 974 quod
604 894 968 971 sampsuchinumrocatur
978 900 1029 951 aut
1039 907 1117 950 ama·

103 985 230 1041 racinum
251 980 287 1040 ad
306 978 542 1039 excalfaciendos
561 977 796 1056 molliendosque
817 993 944 1051 nervos,
964 984 996 1034 et
1012 973 1118 1033 rolras

104 1065 232 1125 calfacit
251 1064 321 1124 lolia
329 1063 494 1140 suggillatis
501 1081 565 1122 cum
576 1061 666 1122 melle
678 1072 709 1121 et
715 1061 822 1122 luxatis
829 1077 893 1120 curn
900 1077 972 1120 cera
981 1066 1117 1137 prosunt.

63 1162 114 1216 164
177 1149 228 1210 23.
250 1148 335 1225 (94.)
361 1148 526 1207 daemonas
549 1147 717 1206 coronarias
742 1154 849 1206 tanturn
870 1145 1015 1218 diximus,
1041 1159 1151 1201 nuncto

61 1237 117 1278 ⁸⁴⁸¹·
124 1233 276 1293 reddemus
293 1241 324 1290 et
339 1230 478 1290 medicas.
511 1232 585 1290 Sunt
598 1231 648 1309 qui
663 1230 807 1309 phrenion
823 1237 940 1292 vocent
980 1227 1039 1286 duo
1054 1227 1120 1286 eius

103 1334 229 1394 genera:
250 1319 342 1393 prima
358 1315 521 1390 silvestris,
541 1314 635 1374 altera
650 1314 736 1373 cultis
755 1331 898 1386 nascens,
920 1321 1049 1389 utraque
1072 1327 1119 1368 sa·

102 1400 224 1460 hulosis.
256 1399 340 1458 lruius
360 1399 461 1477 plnres
478 1401 614 1478 species,
636 1407 685 1457 aut
705 1399 781 1456 enim
800 1397 990 1475 phoenicium
1015 1394 1120 1454 dorem

103 1482 211 1557 inaltet,
233 1500 307 1561 qnae
323 1492 353 1542 et
367 1482 570 1560 copiosissima
586 1491 642 1556 est,
659 1489 709 1541 aut
721 1498 898 1560 purpureum
912 1488 963 1540 aut
978 1479 1117 1538 lacteum.

103 1569 202 1629 harum
222 1569 307 1626 trium
327 1567 399 1627 lolia
413 1568 481 1644 apio
497 1565 600 1625 similia
619 1575 701 1641 suut,
722 1583 779 1624 uec
799 1574 913 1624 temere
933 1561 1118 1640 semipedem
1129 1587 1153 1626 ιι

62 1663 112 1717 165
124 1650 273 1712 altitudine
296 1650 458 1725 excedunt,
480 1651 628 1710 cacumine
650 1650 797 1728 asparagi.
832 1649 889 1709 dos
906 1663 1065 1726 uunquam
1086 1663 1120 1704 se

104 1737 200 1814 aperit
223 1737 278 1794 nisi
304 1744 392 1794 vento
416 1735 564 1811 spirante,
589 1734 665 1794 unde
691 1743 722 1792 et
739 1750 846 1793 nornen
873 1749 1035 1810 accepere.
1069 1729 1120 1789 sil·

102 1821 194 1878 uestri
216 1818 374 1896 amplitudo
389 1818 481 1878 maior
498 1817 708 1896 latiorihnsque
724 1817 819 1892 loliis,
848 1817 923 1877 dore
946 1815 1119 1894 plroeuicio.

103 1904 177 1963 hanc
195 1919 296 1962 errore
321 1901 399 1961 ducti
421 1918 601 1978 argemonen
620 1911 722 1979 putant
742 1901 841 1977 multi,
863 1901 913 1962 alii
936 1917 1044 1959 rursus
1069 1914 1120 1976 pu·

62 2005 131 2048 seres
141 2002 232 2063 parer
246 1983 325 2062 qnod
344 1983 456 2043 rhoean
470 1986 648 2045 vocavimus.
669 1985 723 2046 sed
741 1985 887 2046 distinctio
902 2001 1021 2061 magna,
1041 1981 1154 2062 quode

103 2078 226 2145 utraque
241 2068 316 2127 haec
330 2077 434 2146 postea
447 2067 561 2144 dorent,
574 2087 631 2128 nec
645 2079 694 2130 aut
708 2089 808 2130 sucum
824 2068 941 2129 illarum
955 2083 1120 2127 anemonae

103 2151 226 2210 reddunt
243 2160 291 2211 aut
309 2150 429 2228 calyces
444 2151 552 2211 habent
568 2170 624 2216 nec
639 2153 695 2212 nisi
710 2153 848 2230 asparagi
863 2169 1018 2212 cacumen.
1051 2165 1120 2228 pro·

105 2242 170 2294 sunt
183 2251 342 2308 anemonae
362 2236 467 2314 capitis
488 2235 639 2296 doloribus
661 2245 691 2295 et
709 2235 1001 2311 inflammationibus,
1023 2233 1122 2293 rolris

103 2317 264 2393 mulierum,
277 2319 344 2378 lacti
358 2335 485 2397 quoque.
507 2328 537 2378 et
547 2329 694 2379 meusmua
705 2321 782 2378 cient
797 2337 862 2380 cum
874 2321 971 2379 tinam
984 2325 1121 2396 sumptae

63 2408 115 2466 166
126 2411 174 2460 aut
189 2402 303 2462 vellere
319 2401 481 2480 adpositae.
512 2403 597 2462 radix
620 2403 849 2464 conmanducata
874 2405 1009 2480 pituitam
1022 2401 1157 2475 manitas

106 2485 200 2546 dentis
214 2495 307 2560 sanat,
327 2485 452 2545 decocta
468 2486 619 2548 oculorum
634 2486 794 2565 epiphoras
811 2496 841 2546 et
852 2487 1022 2548 cicatrices.
1042 2483 1123 2561 lagi

105 2570 223 2629 multum
246 2571 362 2647 quidem
386 2569 423 2628 iis
448 2568 594 2644 tribucre,
623 2572 831 2649 quamprimum
857 2570 1056 2648 adspiciuntur,
1084 2583 1123 2626 eo

106 2671 180 2714 anno
196 2654 260 2713 tolli
277 2652 411 2712 iubentes
426 2653 543 2730 dicique
564 2652 666 2731 colligi
687 2672 750 2714 cam
770 2656 903 2714 tertianis
919 2663 950 2714 et
971 2652 1124 2732 quanams

105 2737 253 2812 remedio,
277 2745 383 2814 postea
408 2735 530 2814 adligari
549 2736 650 2796 dorem
672 2755 767 2816 pauno
783 2755 889 2797 russeo
912 2739 996 2798 etin
1019 2736 1124 2796 urnltra

107 2818 267 2894 adservari,
285 2821 335 2894 ita,
355 2838 418 2879 cum
434 2837 508 2898 opus
523 2823 571 2896 sit,
593 2821 755 2900 adalligari.
791 2839 868 2901 quae
883 2840 923 2880 ex
935 2822 983 2881 luis
999 2821 1123 2900 phoeni·
1133 2837 1159 2878 su

106 2903 180 2960 cium
196 2902 298 2960 dorem
320 2903 409 2962 habet
429 2905 530 2966 radice
549 2906 670 2965 contrita
688 2908 862 2984 cuicumque
888 2906 1057 2966 animalium
1081 2906 1124 2962 iu·

104 2986 202 3126 pddida
215 2984 299 3043 ulcus
313 2985 384 3044 iacit
406 2991 531 3067 styptica
551 2989 589 3046 ri.
614 2997 644 3047 et
658 2989 726 3048 ideo
748 2989 951 3068 expurgandis
971 2987 1124 3049 ulceribus

104 3085 123 3127 a
164 3069 268 3126 ictor.

64 3158 114 3215 167
178 3150 227 3210 24.
250 3149 336 3229 (95.)
359 3151 509 3215 Oenautlre
526 3155 618 3215 lucrina
635 3159 764 3217 nascitur
782 3159 812 3217 in
824 3158 930 3235 petris,
944 3156 1022 3216 lolio
1035 3157 1125 3235 pasti·

105 3251 214 3310 nacae,
240 3233 339 3294 radice
364 3253 483 3313 magna,
511 3256 674 3300 numerosa.
712 3241 804 3302 caulis
826 3243 890 3300 eius
906 3249 939 3300 et
962 3240 1038 3301 lolia
1059 3256 1160 3300 cumea

104 3316 192 3376 melle
219 3334 254 3375 ac
270 3319 337 3377 viuo
352 3321 436 3394 nigro
456 3331 525 3400 pota
545 3322 715 3384 facilitatem
741 3324 873 3404 pariendi
893 3333 1054 3402 praestant
1078 3342 1126 3384 se·

107 3399 273 3477 condasque
302 3413 439 3478 purgant,
466 3407 567 3464 tussim
595 3408 723 3468 emelle
750 3410 873 3485 tollunt,
897 3409 1014 3468 urinam
1036 3410 1125 3469 cient.

105 3481 189 3540 radix
203 3492 233 3542 et
246 3486 365 3543 vesicae
380 3487 456 3546 uitiis
471 3490 612 3550 medetur.
