2396 3900
230 246 310 295 nnn.
332 245 425 296 msa.
446 246 546 294 xvrrr.
569 233 838 320 e-to.(to-·21.)
970 237 1029 299 109

38 404 113 484 pticio
132 421 218 482 pane.
253 421 319 462 nam
342 403 489 464 furnaceis
508 402 593 464 binas
606 403 732 464 adiciunt
746 402 835 464 libras
850 405 879 464 in
894 421 1030 484 quocum·

68 505 216 566 egerere.

39 507 67 568 qu
88 572 134 633 10.
160 572 202 652 [a]
224 572 363 650 Similago
382 574 510 633 etritico
530 573 561 633 llt
580 573 785 633 laudatissima.
820 591 858 632 ex
872 573 975 634 Africo
990 575 1073 639 ιιι-89

39 665 97 716 dum
111 665 156 717 est
170 675 190 716 e
202 657 307 717 modiis
322 657 420 718 redire
435 658 583 718 semodios
601 666 630 717 et
651 656 768 736 pollinis
789 659 935 718 sextarios
950 659 1029 737 quin·

22 760 99 820 aque,
114 775 156 786 —
170 743 210 800 ita
227 751 323 801 autem
338 742 487 821 appellant
499 743 527 801 in
539 743 635 802 tritico
649 740 726 820 qnod
742 741 846 802 llorem
857 743 886 802 in
903 742 1028 821 siligine.

38 827 82 885 loc
91 829 221 887 aerariae
235 826 372 886 cilicinae
385 825 605 905 chartariaeque
616 833 731 886 utuntur
744 859 802 902 —,
816 835 1029 904 praeterea-se·

38 909 148 971 emdarii
181 911 328 970 sextarios
357 919 491 990 quattuor
515 911 714 989 iuniorumque
741 911 921 987 tantundem,
950 906 1031 989 panis

38 1012 94 1054 nero
112 995 242 1056 emedio
258 995 428 1072 similaginis
443 1008 551 1072 oxxtt,
569 1014 586 1055 e
603 994 685 1054 doris
706 994 806 1054 modio
824 1007 929 1055 oxma.
962 995 1074 1061 Fre-oo

36 1081 90 1138 tima
102 1081 169 1160 bnio
186 1097 301 1139 annona
315 1080 410 1140 media
424 1081 453 1139 in
463 1079 576 1142 modios
588 1079 699 1140 farinae
710 1092 757 1138 xi.
769 1096 864 1155 asses,
878 1079 1032 1157 similagini

12 1173 162 1224 mesenatae
188 1165 303 1224 octonis
326 1163 439 1224 assibus
461 1165 599 1243 amplius,
615 1164 722 1241 siligini
737 1172 882 1224 castratae
902 1163 1029 1242 duplum.

36 1247 77 1307 Est
89 1257 115 1310 et
129 1247 187 1309 alia
200 1249 348 1310 distinctio
362 1249 456 1310 semel
470 1259 602 1327 tempore
615 1246 646 1306 b.
672 1246 763 1307 Paulli
775 1257 851 1324 nata,
868 1261 944 1308 xvii
959 1267 1030 1328 pon·

36 1334 148 1412 dopaais
163 1333 294 1393 reddere
307 1335 381 1409 visa,
396 1347 495 1412 xvtn,
505 1334 589 1393 tertia
602 1345 665 1394 xlx
677 1348 741 1391 oum
756 1332 870 1407 triente,
888 1341 917 1392 et
928 1349 1030 1392 secun·

36 1417 92 1477 darii
105 1419 188 1497 panis
200 1419 306 1496 quinas
315 1417 453 1494 selibras,
469 1417 588 1478 totidem
601 1415 717 1495 cibarii,
734 1424 763 1476 et
776 1415 917 1476 furiarum
935 1427 1030 1476 sexta-

35 1504 82 1562 rios
103 1521 166 1563 sex.
200 1501 243 1582 [3]
275 1501 368 1579 siligo
390 1519 542 1582 numquam
559 1502 727 1562 maturescit
748 1501 872 1579 pariter,
894 1519 950 1560 neo
971 1500 1071 1566 ullam

13 1597 153 1664 „segetum
167 1588 261 1645 minus
273 1586 440 1647 dilationem
452 1587 559 1665 patitur
567 1594 689 1665 propter
704 1585 887 1644 teneritatem
904 1585 939 1644 iis
957 1603 1031 1662 quae

4 1713 6 1760 ᾗ
35 1681 184 1731 autumere
198 1673 332 1750 protinus
345 1689 466 1748 granum
478 1669 693 1730 dimittentibus.
711 1670 765 1730 sed
780 1669 871 1728 minus
884 1686 968 1747 quam
983 1687 1030 1728 ce·

4 1765 6 1836 l
35 1765 85 1816 tera
97 1757 241 1816 frumenta
258 1757 287 1815 in
298 1756 404 1834 stipula
416 1755 608 1834 periclitatur,
626 1755 759 1832 quoniam
783 1769 900 1831 semper
917 1762 1031 1822 ¹rectam

4 1849 7 1898 t
35 1839 107 1900 labet
122 1841 234 1920 spicam
249 1857 306 1900 nec
321 1857 419 1900 rorem
435 1841 563 1899 continet
575 1840 624 1917 qui
637 1838 801 1915 robiginem
812 1837 909 1898 iaciat.
929 1836 969 1916 [4]
985 1835 1031 1896 Ex
1039 1847 1073 1902 92

4 1925 6 1996 ἶ
35 1927 116 1985 arinca
131 1925 319 1986 dulcissimus
332 1926 424 2004 panis.
443 1925 507 2003 ipsa
520 1924 644 2002 spissior
661 1939 745 2001 qnam
760 1922 814 2002 lar,
832 1931 861 1982 et
869 1922 961 1982 maior
973 1922 1030 1999 spi-

4 2001 70 2100 }mca,
84 2011 183 2071 eadem
198 2019 229 2070 et
245 2008 450 2088 ponderosior.
481 2026 548 2068 raro
564 2008 676 2068 modius
693 2007 775 2084 grani
791 2023 849 2067 non
864 2019 926 2066 xvi
943 2005 1031 2065 libras
1056 2044 1060 2055 ·

4 2105 5 2140 1
35 2094 120 2172 inplet.
150 2097 294 2154 exteritur
308 2095 336 2154 in
352 2092 475 2156 Graecia
492 2092 666 2168 dilllculter,
685 2091 724 2150 ob
735 2092 765 2152 id
777 2092 910 2150 iumentis
922 2089 982 2149 dari
995 2089 1030 2150 ab

34 2177 146 2239 Homero
165 2179 253 2239 dicta.
280 2178 354 2238 baec
371 2179 448 2238 enim
472 2187 516 2238 est
528 2193 612 2256 qnam
629 2176 740 2252 olyram
757 2185 852 2235 vocat.
887 2174 989 2234 eadem
1004 2177 1032 2234 in

33 2262 158 2344 Aegypto
174 2263 271 2323 lacilis
286 2262 458 2341 sextilisque.
487 2261 544 2322 Far
552 2263 615 2320 sine
628 2261 716 2320 arista
731 2269 785 2335 est,
800 2260 868 2318 item
882 2258 968 2336 siligo
982 2277 1031 2319 ex·

4 2405 5 2408 ,
34 2358 108 2427 cepta
120 2343 195 2426 quae
206 2347 350 2408 Laconica
365 2347 540 2427 appellatur.
571 2345 741 2405 Adiciantnr
756 2344 800 2404 bis
816 2360 941 2421 genera:
964 2343 1074 2409 bro-93
1096 2403 1102 2414 ,

4 2443 99 2509 snos,
114 2432 199 2510 siligo
217 2441 343 2512 excepta
355 2441 385 2492 et
396 2441 509 2509 tragos,
526 2439 646 2490 externa
662 2430 756 2489 omnia
771 2428 807 2488 ab
825 2429 937 2487 oriente
951 2429 1031 2486 inve·

33 2525 82 2592 cta,
98 2535 203 2592 oryzae
219 2517 333 2577 similia.
363 2515 444 2595 tipbe
460 2525 489 2575 et
504 2517 566 2594 ipsa
580 2514 708 2574 eiusdem
720 2522 766 2573 est
779 2511 909 2590 generis,
920 2512 964 2569 'ex
977 2527 1032 2588 qua

32 2600 58 2660 it
69 2603 97 2660 in
109 2611 210 2663 nostro
226 2602 300 2662 orbe
315 2619 413 2676 oryza.
442 2600 517 2678 apud
530 2598 659 2660 Graecos
677 2607 766 2659 estet
782 2613 845 2672 nea,
862 2593 1032 2673 traduntque

32 2703 89 2746 earn
101 2705 134 2746 ac
148 2687 266 2766 tiphen,
292 2704 356 2746 cum
373 2687 430 2745 sint
449 2685 625 2762 degeneres,
641 2683 740 2743 redire
757 2681 793 2742 ad
804 2680 991 2757 frumentum,
1008 2681 1032 2739 si

4 2847 5 2850 Ἴ
32 2772 116 2848 pistae
128 2780 273 2847 serantur,
289 2788 344 2830 nec
356 2771 498 2849 protinus,
515 2768 568 2828 sed
583 2769 669 2830 tertio
685 2783 770 2828 anno.

4 2851 28 2928 fta
90 2856 170 2936 (21.)
194 2854 304 2915 Tritino
330 2854 401 2914 nibil
421 2863 467 2914 est
491 2852 624 2913 fertilius.
667 2852 725 2912 boc
748 2851 775 2910 ei
803 2855 904 2908 namra
924 2848 1075 2925 tribuit,94

34 2942 154 3018 quoniam
170 2957 209 3001 eo
225 2957 359 3000 maxume
380 2938 478 2999 alebat
497 2937 657 3012 hominem,
680 2943 782 3014 utpote
805 2951 868 2993 eum
891 2951 907 2992 e
924 2934 1031 3009 modio,

35 3026 55 3081 si
69 3025 103 3084 sit
116 3034 212 3105 aptum
225 3024 331 3100 solum,
348 3023 435 3103 quale
448 3024 477 3082 in
493 3021 619 3098 Byzacio
637 3020 757 3082 Africae
774 3034 894 3097 campo,
919 3020 1032 3078 centeni

35 3109 216 3189 quinquageni
233 3108 322 3170 modii
337 3109 501 3169 reddantur.
534 3108 610 3166 misit
626 3125 664 3166 ax
682 3123 718 3165 eo
735 3105 803 3164 loco
820 3104 887 3165 divo
899 3101 1032 3179 Augusto

34 3203 195 3271 procurator
211 3195 275 3253 eius
292 3211 329 3252 ex
343 3210 399 3252 uno
415 3208 506 3270 grarm
521 3226 564 3236 —
576 3193 626 3250 vix
642 3189 782 3251 credibile
797 3187 875 3248 dictu
890 3221 932 3232 -
948 3197 1033 3246 0000

4 3275 124 3355 F„paucis
138 3283 233 3340 minus
250 3279 390 3356 germina,
408 3285 580 3354 exstantque
593 3275 629 3335 de
644 3289 679 3335 ea
690 3292 723 3334 re
737 3272 890 3352 epistulae.
917 3271 994 3329 misit
1006 3277 1075 3332 et95

34 3360 129 3425 Neroni
143 3363 279 3424 similiter
292 3373 402 3424 000οΧ
414 3361 536 3440 stipulas
548 3379 586 3420 ex
597 3377 654 3420 uno
669 3375 770 3436 grano.
798 3375 862 3416 oum
874 3356 1033 3415 centesimo

34 3449 133 3525 quidem
149 3442 179 3511 et
195 3448 331 3509 Leontini
346 3447 464 3508 Siciliae
481 3447 576 3524 campi
592 3444 711 3504 fundunt
726 3443 832 3520 aliique
845 3448 874 3500 et
887 3447 946 3499 tota
960 3438 1032 3499 Bae·
1056 3501 1057 3505 ,

33 3532 77 3594 tita
93 3544 121 3595 et
138 3537 166 3595 in
186 3533 290 3614 primis
314 3531 477 3612 Aegyptus.
508 3528 686 3590 fertilissima
704 3527 790 3588 tritici
810 3541 920 3602 genera
940 3539 1033 3584 ramo·
