2458 3906
279 268 361 317 nur.
376 268 467 318 nrsr.
484 269 543 318 xx.
561 269 680 321 11--12
699 259 855 339 (et-48.)
1011 257 1072 323 tot

72 423 213 484 leoseliuo
228 426 274 484 vis
289 425 400 504 privata
416 434 516 486 contra
532 442 673 503 araneos,
691 421 744 488 sed
761 438 790 488 et
804 427 972 490 oreoselino
990 427 1072 488 lemi-

71 517 297 588 respergantur
315 529 331 570 e
348 511 426 571 vino.

124 592 174 654 12.
191 595 278 676 (47.)
297 593 365 655 Alio
382 611 493 672 genere
508 595 710 674 petroselinon
726 597 840 676 qnidam
857 596 1007 676 appellant
1025 597 1115 660 inite

71 679 267 757 wisantum,
287 681 475 758 praecipuum
490 680 526 740 ad
543 681 689 756 vomicas,
709 681 893 750 coclearibus
914 677 989 741 binis
1010 682 1072 741 suci

6 769 7 784 ³
51 761 170 826 sadditis
186 763 216 822 in
232 762 366 839 cyathum
383 763 507 824 marrnhi
523 765 586 824 suci
600 771 687 842 atque
700 765 739 825 ita
752 765 863 826 calidae
875 783 969 845 aquae
981 765 1071 825 trihus

5 879 6 914 3
71 847 188 922 cyathis.
218 846 358 908 addidere
372 848 487 926 qnidam
503 847 657 909 buselinon
673 848 811 910 differens
823 848 966 911 brevitate
980 849 1072 910 caulis

5 985 6 1014 ι
69 933 190 992 asatino
207 940 237 992 et
252 931 358 993 radicis
374 931 476 993 colore
494 933 571 1011 rulo,
587 933 717 994 eiusdem
735 933 869 994 effectus.
897 933 1071 1013 praevalere

5 1021 6 1030 ’
70 1024 167 1075 contra
182 1015 331 1095 serpentis
347 1025 418 1096 potu
434 1026 463 1076 et
477 1016 568 1078 linitn.

107 1100 193 1180 (48.)
215 1098 345 1160 Ocimum
361 1119 477 1180 qnoque
491 1099 672 1182 Chrysippus
687 1103 816 1179 graviter
833 1101 978 1180 increpuit
991 1103 1050 1161 inu·
1064 1112 1114 1167 119

41 1208 61 1248 rc
68 1183 115 1245 tile
132 1185 303 1262 stomacho,
318 1186 435 1262 urinae,
453 1187 603 1248 oculorum
624 1204 741 1266 quoqne
758 1186 897 1264 claritati,
918 1196 1073 1265 praeterea

68 1271 204 1330 insaniam
216 1270 316 1330 iacere
332 1279 362 1330 et
375 1269 525 1349 lethargos
541 1281 570 1331 et
584 1273 723 1331 iocineris
735 1272 813 1349 vitia,
828 1270 954 1350 ideoque
967 1288 1071 1350 capras

4 1393 5 1422 3
69 1353 94 1413 id
110 1353 300 1435 adspernari,
323 1352 485 1414 hominihus
505 1372 623 1434 qnoque
639 1353 806 1433 fugiendum
823 1364 934 1418 censet.
966 1353 1071 1416 addunt

4 1483 5 1488 ,
70 1439 179 1517 quidam
194 1439 307 1516 tritum,
325 1439 349 1498 si
364 1440 512 1517 operiatur
523 1437 637 1519 lapide
654 1439 842 1518 scorpionem
854 1441 987 1518 gignere,
1003 1458 1070 1501 coo·

4 1545 5 1548 ¹
68 1522 264 1584 manducatum
279 1531 307 1582 et
319 1523 347 1582 iu
363 1523 427 1584 sole
441 1523 566 1603 positum
580 1525 703 1600 vermis,
727 1523 792 1585 hiri
804 1540 892 1600 vero,
910 1526 934 1583 si
950 1541 987 1584 eo
1003 1523 1050 1585 die
1063 1532 1117 1588 120

4 1607 186 1670 rsieriatur
201 1607 344 1688 quispiam
363 1608 552 1688 ascorpione
569 1624 626 1687 quo
645 1607 740 1668 ederit
755 1608 893 1685 ocimum,
908 1625 966 1668 non
982 1624 1071 1687 posse

4 1687 6 1842 ι
67 1691 1072 1854 atil..tissiittltltllt.t³tttl3.?.⁰.¹hh“¹.ttitt⁵

3 1847 6 1938 l
67 1877 118 1920 nes
140 1877 177 1920 ex
201 1877 343 1939 proxumo
362 1861 463 1921 omnis.
500 1859 673 1921 Diodotns'
664 1878 693 1920 ιιι
714 1861 861 1939 empiricis
883 1861 968 1920 etiam
990 1859 1071 1938 pedi·

3 1949 5 2012 l
69 1945 148 2006 culos
160 1945 262 2006 iacere
275 1945 361 2004 ocimi
374 1943 477 2005 cihnm.
501 1954 601 2006 secuta
615 1953 696 2006 aetas
708 1946 816 2005 acriter
830 1944 970 2020 defendit,
986 1963 1051 2005 nam
1063 1954 1112 2007 121

3 2039 5 2106 i
40 2029 94 2096 aid
108 2047 176 2089 esso
192 2045 313 2108 capras,
335 2047 390 2089 nec
407 2031 539 2107 cuiquam
554 2038 679 2090 mentem
693 2037 816 2104 motam,
836 2036 866 2088 et
883 2029 1070 2108 scorpionum

67 2113 248 2174 terrestrium
270 2113 377 2174 ictibus
396 2115 629 2192 marinorumque
658 2115 779 2174 venenis
802 2113 913 2172 mederi
940 2131 978 2173 ex
1003 2113 1069 2172 vino

67 2197 159 2257 addito
183 2199 261 2258 aceti
284 2199 401 2276 exigno.
450 2215 504 2258 usn
527 2215 643 2278 quoque
666 2207 836 2276 conpertum
867 2195 1071 2257 deicientibus

67 2301 101 2341 er
122 2291 209 2342 aceto
232 2281 354 2342 odoratu
375 2281 502 2343 salutare
526 2301 611 2358 esse,
634 2284 702 2342 item
725 2279 895 2358 lethargicis
917 2289 946 2340 et
960 2281 1071 2342 indam·

3 2371 4 2426 ξ
66 2368 142 2427 matis
162 2366 400 2444 refrigerationi,
425 2367 534 2428 inlitum
562 2368 665 2446 capitis
686 2364 836 2427 doloribus
860 2383 923 2425 cum
943 2381 1069 2426 rosaceo

3 2517 4 2528 ,
36 2461 109 2516 ruant
120 2460 237 2528 myrteo
254 2460 303 2512 ant
317 2460 419 2528 aceto,
440 2452 507 2512 item
523 2451 674 2512 oculorum
690 2449 843 2530 epiphoris
859 2450 1015 2532 inpositum
1032 2467 1070 2508 ex

65 2537 138 2597 rino.
162 2534 317 2597 stomacho
335 2553 453 2615 qnoque
469 2536 540 2597 utile
557 2536 719 2596 inflationes
732 2544 815 2595 ructu
836 2552 873 2594 ex
890 2542 975 2593 aceto
992 2533 1115 2595 dis-122

65 2621 182 2682 soluere
205 2628 366 2699 sumptum,
392 2619 487 2680 alvorn
514 2621 619 2681 sistere
643 2620 815 2700 inpositum,
845 2617 954 2678 urinam
977 2618 1068 2691 ciere,

63 2706 103 2766 sic
124 2714 155 2766 et
178 2701 283 2766 morbo
304 2706 388 2782 regio
411 2713 440 2764 et
462 2705 630 2784 hydropicis
647 2704 808 2782 prodesse,
825 2703 909 2762 etiam
926 2701 1067 2775 choleris,

63 2790 276 2851 destillationes
290 2788 431 2850 stomachi
446 2788 579 2850 inhiberi.
604 2806 676 2866 ergo
692 2789 776 2848 etiam
790 2785 929 2846 coeliacis
939 2784 1069 2846 Philistio

36 2875 152 2951 adedit,
177 2883 207 2936 et
226 2882 339 2935 coctum
353 2873 548 2951 dysintericis,
568 2882 597 2933 et
618 2881 718 2933 eontra
734 2872 921 2933 Plistonicum
937 2869 1024 2949 aliqui
1041 2876 1070 2929 ct

63 2961 88 3019 iu
101 2969 239 3020 tenesmo
261 2967 290 3018 et
311 2959 479 3036 sanguinem
496 2956 740 3019 exscreantibus
730 2975 759 3016 ιιι
777 2956 860 3032 vino,
880 2953 982 3015 duritia
998 2971 1069 3034 quo-

63 3063 115 3125 que
128 3041 381 3124 praecordiorum.
404 3042 529 3104 inlinitur
540 3043 667 3104 mammis
681 3041 894 3140 exstinguitque
907 3039 991 3100 lactis
1002 3055 1068 3117 pro-

60 3138 185 3190 ventum.
209 3127 327 3190 auribus
340 3127 519 3188 utilissimum
531 3127 693 3202 infantium,
709 3127 870 3206 praecipue
886 3141 949 3183 cum
962 3122 1047 3201 adipe
1061 3129 1113 3184 123

61 3216 207 3276 anserino
231 3229 333 3273 semen
346 3212 440 3273 tritum
453 3221 482 3273 et
493 3212 624 3273 haustum
636 3211 752 3272 naribus
764 3217 960 3270 stemumeuta
971 3214 1070 3266 movet

33 3307 90 3362 net
103 3298 321 3360 destillationes
339 3313 455 3376 quoqne
474 3299 561 3377 capiti
576 3297 701 3371 inlitum,
718 3295 821 3355 volvas
836 3293 984 3373 purgatio
1001 3289 1067 3350 cibo

65 3403 99 3445 ex
114 3393 212 3446 aceto.
241 3399 385 3444 verrucas
400 3383 488 3442 mixto
507 3389 667 3442 atramento
684 3379 795 3440 sutorio
813 3377 898 3438 tollit.
930 3393 1069 3436 venerem

65 3470 205 3548 stimulat,
226 3467 294 3530 ideo
312 3467 398 3528 etiam
414 3467 496 3546 equis
511 3467 657 3546 asinisque
675 3463 851 3524 admissurae
869 3470 1002 3540 tempore
1025 3461 1067 3520 irr-

66 3556 180 3631 geritur.
