2458 3906
285 263 367 310 nnn.
383 261 474 311 unsa.
490 263 551 312 xx.
569 261 691 314 ao-at.
711 250 865 329 (tte—86.)
1021 250 1081 312 225

68 415 186 491 cyathis
208 419 298 478 ternis
320 415 452 496 tepidus,
479 427 509 478 et
528 417 735 478 insanientibus
758 417 921 497 quaternis,
940 417 1082 480 decoctae

3 519 5 570 ς
67 501 267 562 comitialibus
283 501 416 563 heminae
438 504 511 563 suci.
544 503 636 564 hicet
651 501 808 564 calculosis
824 511 853 562 et
869 501 1016 572 inflatione
1032 512 1062 563 et
1072 512 1125 569 228

3 603 4 606 ¹
66 585 242 646 torminibus
264 595 314 646 aut
341 585 558 665 opisthotonico
585 585 783 647 laborantibus
804 585 921 664 tepidus
946 587 1081 648 inlinitur.

67 677 95 730 et
109 671 209 730 sacris
224 671 340 748 ignibus
356 680 385 730 et
399 670 538 732 ambustis
555 671 678 732 decocta
693 672 721 731 iu
739 670 836 731 oleum
851 669 922 731 lolia
943 671 1081 751 inponun-

43 762 122 831 ctur,
138 763 171 814 et
187 754 224 815 ad
239 754 393 815 volnerum
407 756 530 834 impetus
542 756 631 817 cruda
644 772 708 815 cunr
723 771 810 833 pane.
840 772 926 814 sucus
939 755 1081 817 decoctae

66 839 166 897 nervis
184 839 309 918 prodest
327 849 358 900 et
375 841 495 901 vesicae
513 849 543 900 et
557 841 757 900 intestinorum
773 839 950 899 rosionibus.
978 841 1081 902 volvas

66 931 95 982 et
109 922 183 983 cibo
198 933 229 984 et
243 923 389 984 infusione
404 924 514 985 emollit
528 925 640 999 oleum,
657 941 745 984 sucus
759 923 903 984 decoctae
916 934 1082 1002 permeatus

66 1009 166 1068 suavis
182 1008 264 1068 iacit.
287 1007 430 1070 Althaeae
447 1010 475 1068 in
491 1008 623 1069 omnibns
640 1025 728 1088 snpra
745 1008 830 1069 dictis
848 1008 1000 1070 eldcacior
1016 1027 1061 1069 ra·
1072 1018 1124 1075 229

67 1091 130 1168 dix,
157 1093 327 1172 praecipue
351 1094 499 1155 convolsis
521 1094 683 1173 ruptisque.
721 1101 807 1153 cocta
833 1092 861 1152 iu
884 1111 958 1172 aqna
984 1094 1080 1154 alvom

37 1198 59 1239 so
67 1176 150 1235 sistit.
190 1194 229 1236 ex
251 1178 318 1238 vino
345 1177 412 1238 albo
428 1187 549 1239 strumas
565 1187 594 1238 et
609 1177 774 1258 parotidas,
795 1185 824 1238 et
841 1194 1023 1239 mammarum
1040 1179 1081 1237 in·

66 1258 282 1322 dammationes
307 1271 336 1322 et
353 1279 445 1341 panos
468 1263 497 1322 in
511 1263 579 1322 vino
595 1261 666 1322 iolla
682 1262 807 1326 decocta
824 1269 853 1322 et
868 1261 948 1324 inlita
965 1263 1079 1325 tollunt.

66 1345 170 1405 cadem
198 1345 280 1406 arida
314 1347 343 1406 in
368 1346 445 1408 lacte
468 1347 590 1408 decocta
616 1345 774 1427 quamlibet
796 1347 982 1425 perniciosae
1001 1348 1081 1409 tussi

66 1430 209 1490 citissime
232 1430 394 1491 medentur.
434 1431 630 1511 Hippocrates
656 1431 816 1492 volneratis
839 1431 1062 1512 sitientibusque
1073 1442 1125 1498 230

67 1513 189 1576 deiectu
207 1517 357 1593 sanguinis
372 1515 479 1578 radicis
494 1516 636 1577 decoctae
653 1533 752 1576 sucum
768 1514 923 1575 bibendum
938 1515 1035 1592 dedit,
1052 1526 1082 1577 ct

38 1615 59 1656 rs
68 1597 161 1676 ipsam
179 1599 353 1660 volneribus
370 1618 433 1661 cum
448 1600 536 1661 melle
553 1609 582 1661 et
600 1601 712 1678 resina,
729 1601 798 1660 item
817 1601 981 1678 contunsis,
1001 1600 1081 1661 luxa-

66 1683 117 1760 tis,
135 1684 318 1745 tumentibus
338 1694 368 1746 et
387 1685 536 1763 musculis,
559 1686 668 1762 nervis,
687 1684 815 1746 articulis
837 1686 965 1762 inposuit
987 1693 1017 1744 ut
1034 1703 1080 1745 su·

3 1769 4 1832 l
66 1783 127 1844 pta,
151 1770 310 1848 spasticis,
333 1768 517 1845 dysintericis
543 1770 572 1828 in
591 1770 658 1830 vino
680 1768 834 1830 bibendam
852 1767 940 1828 dedit.
980 1770 1081 1829 mirum

3 1855 5 1890 ἱ
67 1869 169 1930 aquam
185 1853 289 1914 radice
306 1871 342 1915 ea
358 1853 453 1914 addita
476 1854 629 1915 addensari
644 1853 697 1914 sub
715 1853 762 1914 diu
777 1862 866 1934 atque
882 1853 1078 1931 glaciescere.

68 1935 221 1998 eibcacior
236 1947 334 1999 antem
346 1955 403 2018 quo
418 1940 576 1999 recentior.

38 2034 60 2076 to
127 2019 218 2100 (85.)
240 2021 306 2084 Nec
327 2022 472 2102 lapathum
492 2023 637 2084 dissimilis
664 2023 787 2083 allectus
813 2021 910 2083 habet.
943 2030 989 2083 est
1011 2040 1060 2082 an·
1073 2031 1122 2086 231

4 2165 5 2184 ,
69 2112 95 2163 et
110 2114 171 2165 tem
186 2106 336 2185 silvestre,
358 2108 435 2187 quod
451 2108 501 2170 alii
516 2107 633 2168 oxalida
655 2106 821 2186 appellant,
847 2123 955 2186 sapore
973 2123 1080 2186 proxu-

4 2203 5 2206 ’
68 2205 156 2266 mum,
181 2191 263 2251 loliis
284 2193 392 2268 acutis,
417 2192 520 2254 colore
540 2191 628 2252 betae
650 2191 808 2267 candidae,
827 2191 927 2252 radice
947 2193 1080 2268 minuma,

4 2247 6 2294 ἒ
69 2277 157 2335 nostri
173 2292 249 2336 vero
266 2277 420 2353 rumicem,
443 2276 491 2338 alii
507 2276 653 2356 lapathum
669 2274 882 2352 cantherinum,
907 2275 943 2337 ad
958 2285 1081 2336 strumas

4 2423 6 2430 χ
69 2375 128 2418 oum
139 2363 271 2438 axungia
283 2360 527 2422 efficacissimum.
546 2369 590 2420 est
603 2369 632 2420 et
643 2359 764 2420 alterum
775 2378 868 2438 genus
879 2397 919 2407 —
931 2360 996 2420 iere
1009 2377 1080 2436 oxy·

40 2440 207 2521 aslapathon
219 2454 388 2521 vocant-,
401 2448 494 2506 sativo
507 2445 534 2506 id
547 2453 593 2506 est
604 2445 740 2521 similius,
753 2443 808 2504 sed
818 2446 949 2506 acutiora
960 2444 1031 2505 iolia
1046 2463 1081 2504 ac

69 2527 217 2606 mbriora,
234 2546 293 2590 uon
307 2531 361 2590 uisi
376 2531 405 2588 in
417 2529 594 2608 palustribus
610 2546 744 2589 nascens.
777 2538 842 2589 sunt
857 2530 906 2607 qui
927 2537 957 2588 et
974 2527 1080 2602 hydro·

4 2663 5 2678 ,
68 2609 206 2690 lapathon
222 2615 336 2675 tradant
357 2615 385 2673 in
403 2632 476 2694 aqua
492 2623 587 2674 natum
608 2623 638 2674 et
656 2613 734 2674 aliud
748 2611 978 2693 hippolapathon
990 2614 1080 2672 maios

68 2699 158 2757 sativo
175 2697 385 2778 candidiusque
412 2717 448 2760 ac
462 2700 595 2778 spissius.
627 2697 780 2759 silvestria
796 2699 983 2776 scorpionum
997 2698 1058 2756 icti·
1071 2706 1123 2762 232

69 2777 119 2840 bus
138 2783 295 2843 medentur
312 2792 342 2843 et
363 2781 444 2844 ieriri
461 2782 617 2862 prohibent
636 2782 779 2843 habentis.
820 2782 903 2843 radix
925 2790 1010 2842 aceto
1030 2782 1079 2842 de·

40 2875 168 2944 ococta,
192 2868 219 2927 si
239 2866 391 2928 conluatur
406 2885 509 2946 sucus,
530 2867 663 2928 dentibus
679 2865 847 2943 auxiliatur,
871 2869 895 2926 si
912 2885 985 2927 vero
1000 2865 1080 2926 biba·

69 2956 125 3027 tur,
140 2951 248 3011 morbo
266 2953 362 3029 regio.
397 2969 500 3013 semen
514 2953 656 3013 stomachi
670 2951 882 3013 inextricabilia
902 2953 971 3012 vitia
988 2961 1077 3013 sanat.

68 3030 269 3116 hippolapathi
280 3036 396 3097 radices
409 3038 541 3116 privatim
556 3038 658 3115 unguis
671 3035 794 3097 scabros
808 3036 969 3098 detrahunt.
993 3037 1059 3112 dys·
1071 3045 1123 3100 233

69 3117 205 3181 intericos
234 3137 337 3181 semen
359 3120 473 3199 ¹‹lnanbns
506 3122 650 3184 drachmis
675 3122 704 3180 in
734 3122 802 3182 nino
835 3132 934 3202 potum
964 3120 1078 3183 liberat.

68 3204 237 3284 oxylapathi
260 3223 362 3266 semen
383 3205 474 3267 lotum
495 3208 523 3267 in
540 3225 614 3286 aqua
635 3207 757 3268 caelesti
771 3210 939 3286 sanguinem
956 3206 1078 3266 reicien-

39 3297 60 3338 tt
70 3286 142 3348 tibus
165 3289 283 3350 adiecta
298 3291 398 3352 acacia
414 3291 499 3352 lentis
515 3292 710 3369 magnitudine
726 3293 856 3371 prodest.
890 3291 1078 3370 praestantis·

70 3371 155 3432 simos
170 3374 309 3453 pastillos
324 3375 433 3436 faciunt
448 3395 485 3437 ex
499 3376 579 3437 loliis
596 3385 625 3436 et
639 3375 738 3437 radice
760 3376 857 3437 addito
872 3379 948 3436 nitro
965 3385 995 3434 et
1013 3383 1076 3434 ture

71 3457 182 3535 exiguo.
217 3460 246 3518 in
264 3477 318 3519 usn
333 3470 420 3522 aceto
438 3461 557 3522 diluunt.

128 3542 213 3623 (86.)
237 3545 298 3605 Sed
313 3546 436 3607 sativam
457 3548 485 3606 in
505 3545 656 3625 epiphoris
672 3545 823 3606 oculorum
840 3544 959 3605 inlinunt
975 3544 1053 3605 iron·
1066 3554 1120 3608 234

108 3646 175 3691 rcus.
191 3649 342 3692 nsr.n1sr.
357 3635 402 3692 lll.
870 3629 909 3689 15
