2504 3930
218 279 297 326 unu.
313 278 403 326 rursu.
421 267 720 345 xxxr.11.(47.)-
738 281 840 328 xxxu
869 283 894 334 1.
917 272 976 349 (1.)
1023 271 1098 333 ¹285

388 479 596 566 uritur
622 464 856 568 inuuunt

213 647 597 743 urrunnurn
640 652 1021 747 nunnonrnu

436 829 799 896 LIBERXXXII.

519 996 520 999 =
533 995 686 1006 --.—..-...

6 1167 7 1170 Ἴ
160 1096 257 1174 (sect.
272 1097 317 1172 1.)
339 1095 462 1155 Ventum
474 1105 519 1156 est
534 1097 689 1158 adsumme
703 1108 822 1158 naturae
839 1098 1095 1177 exemplorumque
1107 1111 1121 1162 l

62 1195 150 1258 iopen
165 1172 262 1238 rerum
276 1178 421 1256 ordinem,
440 1189 469 1239 et
485 1183 580 1259 ipsum
597 1199 648 1241 sua
664 1191 769 1260 sponte
791 1186 917 1243 occurrit
936 1184 1095 1242 inmensum

97 1265 246 1340 potentiae
261 1263 396 1322 occultae
411 1263 623 1340 documentum,
639 1275 669 1324 ut
684 1283 805 1343 prorsus
820 1283 915 1344 neque
929 1265 1006 1325 aliud
1020 1266 1093 1325 ultra

98 1347 197 1423 quaeri
218 1347 324 1406 debeat
336 1365 392 1404 nec
409 1365 462 1424 par
483 1365 517 1407 ao
540 1349 632 1407 simile
647 1349 741 1426 possit
755 1351 887 1424 inveniri,
905 1351 967 1427 ipsa
985 1368 1017 1408 se
1033 1351 1092 1408 viu·

96 1439 182 1488 cente
193 1440 304 1506 natura,
317 1439 346 1488 ct
358 1430 472 1508 quidem
484 1433 644 1491 numerosis
655 1431 757 1492 modis.
774 1432 842 1510 quid
855 1433 928 1492 enim
940 1433 1093 1492 violentius

93 1514 168 1571 mari
182 1516 316 1573 ventisve
331 1523 360 1572 et
380 1513 540 1572 turbinibus
554 1533 590 1574 ae
608 1513 769 1593 procellis?
795 1533 851 1593 quc
875 1518 983 1575 maiore
1002 1516 1092 1576 homi·

60 1607 84 1652 ns
94 1613 163 1656 num
177 1598 295 1674 ingenio
310 1597 338 1656 in
354 1597 412 1656 ulla
427 1598 470 1656 sui
486 1607 569 1676 parte
583 1599 678 1658 adiuta
691 1608 735 1658 est
747 1617 829 1676 mam
843 1600 917 1658 velis
928 1597 1094 1677 remisque?

94 1681 224 1740 addatur
237 1681 282 1740 bis
304 1690 333 1740 et
353 1683 499 1759 reciproci
521 1691 619 1741 aestus
639 1682 838 1742 inenarrabilis
859 1684 903 1741 vis
920 1699 1093 1761 versumque

92 1773 186 1824 totum
206 1782 285 1824 mere
311 1766 340 1822 in
362 1764 475 1826 ilumen.
510 1764 582 1844 Gap.
598 1769 624 1826 1.
649 1773 742 1824 tamen
762 1766 855 1825 omnia
876 1767 950 1824 haec
972 1767 1120 1843 pariter-2

94 1865 153 1926 que
175 1848 279 1907 e'odem
298 1848 468 1925 inpellentia
491 1866 564 1907 unus
589 1867 625 1908 ac
644 1866 751 1927 parvos
772 1849 922 1908 admodum
938 1849 1093 1926 pisciculus

94 1931 232 1992 echenais
253 1932 417 2009 appellatus
439 1933 467 1991 in
490 1949 523 1991 se
544 1940 633 1992 tenet.
661 1941 742 1992 ruant
759 1935 838 1992 venti
857 1933 942 2007 licet,
965 1933 1094 1992 saeviant
1191 1955 1192 1960 ¹

55 2039 83 2079 ao
93 2015 263 2094 procellae,
285 2017 407 2093 imperat
428 2016 520 2076 furori
540 2017 667 2096 virisque
689 2025 781 2076 tantas
799 2018 951 2096 conpescit
971 2025 999 2076 et
1015 2018 1094 2092 cogit

93 2107 173 2159 stare
190 2099 321 2174 navigia,
345 2099 423 2178 quod
442 2117 500 2160 non
522 2100 637 2160 vincula
654 2100 728 2174 ulla,
754 2117 811 2160 non
825 2119 949 2162 ancorae
964 2099 1093 2177 pondere

92 2182 285 2242 inrevocabili
303 2184 404 2242 iactae.
432 2185 555 2244 infrenat
572 2185 695 2261 impetus
717 2193 747 2243 et
767 2184 863 2244 domat
876 2184 970 2244 mundi
985 2183 1093 2244 rabiem
1118 2205 1120 2209 ·

92 2265 174 2325 nullo
192 2283 245 2324 suo
264 2265 382 2342 labore,
407 2283 464 2326 non
478 2267 629 2326 renitendo
647 2277 694 2326 aut
711 2267 768 2327 alic
783 2268 870 2328 modo
885 2285 968 2346 quam
987 2267 1092 2327 adbae-

91 2349 196 2408 rendo.
228 2349 286 2408 hoo
307 2351 417 2410 tantulo
438 2352 507 2410 satis
528 2361 574 2410 est
591 2361 691 2411 eontra
708 2361 750 2410 tot
770 2352 893 2429 impetus
908 2360 938 2410 ut
952 2361 1031 2410 vetet
1048 2353 1121 2414 iret

56 2449 83 2490 2⁵
92 2431 217 2508 navigia.
241 2433 293 2490 sed
306 2443 432 2492 armatae
448 2434 560 2494 classes
572 2435 712 2512 inponunt
725 2434 780 2493 sibi
794 2437 911 2495 turrium
927 2453 1092 2512 propugna-

93 2515 159 2576 cula
174 2523 205 2574 ut
224 2517 253 2574 in
268 2519 338 2576 mari
355 2535 472 2594 quoque
487 2526 630 2596 pugnetur
651 2517 730 2576 uelut
746 2537 762 2576 e
776 2519 874 2577 muris.
905 2519 962 2577 beu
983 2519 1093 2577 vanitas

91 2599 231 2673 bumana,
249 2617 313 2658 oum
327 2609 422 2660 rostra
435 2600 486 2659 illa
501 2618 571 2662 aere
591 2601 729 2677 ferroque
747 2601 783 2659 ad
797 2604 872 2660 ictus
885 2611 991 2660 armata
1009 2602 1091 2659 semi·

3 2745 4 2754 ¹
92 2681 208 2760 pedalis
224 2682 355 2742 inhibere
372 2686 464 2762 possit
481 2702 516 2744 ac
538 2693 639 2744 tenere
653 2684 786 2744 devincta
802 2685 974 2763 pisciculus!
1002 2685 1093 2744 fertur

3 2757 6 2812 l
91 2767 216 2826 Actiaco
225 2767 320 2826 blarte
336 2769 466 2827 tenuisse
481 2769 658 2846 praetoriam
672 2785 774 2826 navem
788 2768 895 2828 Antoni
908 2768 1091 2846 properantis

3 2813 5 2906 l
55 2869 81 2912 ao
93 2851 245 2909 circumire
262 2859 292 2908 et
308 2851 453 2911 exhortari
471 2867 556 2925 suos,
581 2851 676 2910 donec
693 2853 827 2910 transiret
842 2853 870 2910 in
886 2853 979 2912 aliam.
1012 2851 1091 2912 ideo·

17 2976 21 2985 .
92 2951 150 3010 que
165 2929 339 2994 Caesariana
364 2935 467 2994 classis
486 2935 595 3012 impetu
613 2934 722 2993 maiore
744 2935 872 3012 protinus
888 2937 974 2994 venit.
1004 2937 1121 2999 tenuta

91 3025 121 3076 et
135 3024 238 3075 nostra
254 3019 391 3078 memoria
409 3016 460 3077 (lai
474 3019 613 3096 principis
627 3017 664 3077 ab
675 3017 781 3077 llstura
787 3018 902 3078 Antium
919 3021 1090 3095 renavigan-

90 3101 128 3158 tis
143 3108 238 3159 utres
254 3108 299 3160 est
313 3102 398 3160 etiam
414 3101 569 3179 auspicalis
585 3101 758 3178 pisciculus,
780 3103 920 3180 siquidem
934 3104 1091 3162 novissime

3 3203 4 3246 3
88 3191 148 3242 tum
166 3184 196 3240 in
212 3182 311 3242 urbem
325 3202 462 3244 reversus
474 3185 524 3244 ille
542 3185 699 3262 imperator
711 3186 770 3242 suis
785 3185 851 3245 telis
867 3186 1020 3246 confossus
1036 3195 1091 3244 estt

3 3259 5 3304 ἶ
53 3283 145 3328 asnec
162 3265 252 3342 longa
268 3268 319 3325 luit
332 3267 409 3326 illius
424 3285 522 3328 morae
541 3269 698 3344 admiratio,
715 3269 810 3328 statim
829 3287 915 3329 causa
930 3270 1089 3344 intellecta,

3 3349 4 3364 ¹
90 3367 155 3408 cunr
171 3367 187 3408 e
204 3358 264 3408 tota
280 3349 376 3410 classe
388 3353 601 3429 quinqueremis
615 3352 678 3412 sola
693 3368 751 3410 non
767 3354 936 3431 proliceret,
953 3353 1089 3412 exsilien-

88 3433 166 3492 tibus
188 3434 320 3510 protinus
343 3436 390 3512 qui
407 3445 582 3512 quaererent
596 3437 673 3496 circa
689 3453 802 3496 navem.
831 3438 970 3496 invenere
984 3435 1088 3496 adhae-
1149 3480 1151 3485 .
1248 3421 1249 3430 ¹

87 3525 202 3578 rentem
213 3516 416 3594 gubernaculo
427 3519 674 3598 ostenderuntque
681 3518 752 3582 Gaio
762 3520 919 3600 indignanti
928 3521 986 3582 boc
997 3519 1089 3580 luisse
