2396 3922
177 231 236 292 146
517 243 548 290 c.
565 243 661 291 enno
674 241 821 290 suenum

133 411 167 464 95
238 397 321 476 (71.)
344 396 474 472 lathyris
488 396 559 458 lolia
577 397 664 456 habet
678 397 765 456 multa
781 395 910 454 lactucae
932 395 1049 471 similia,
1071 406 1145 458 tenu

175 484 236 540 iora
248 481 378 557 ‘germina
395 480 495 557 multa,
517 483 546 540 in
568 482 669 558 quibus
684 498 782 540 semen
797 479 928 538 tuniculis
951 481 1109 540 continetur
1121 491 1149 541 ut

175 567 319 643 capparis,
335 582 408 643 quae
425 583 487 623 cum
498 566 640 636 inaruere,
655 565 813 621 eximuntur
823 579 912 638 mana
929 565 1038 640 piperis
1048 565 1149 640 magni-

174 648 281 722 tudine,
298 647 428 723 candida,
445 647 549 723 dulcia,
563 648 657 706 lacilia
675 655 807 724 purgato.
835 645 909 704 haec
923 647 1026 705 vicena
1041 648 1069 704 in
1083 665 1151 724 aqna

175 749 247 809 pura
268 741 315 790 aut
336 732 428 790 mulsa
450 741 517 809 pota
537 732 715 809 hydropicos
736 738 845 788 sanant.
874 729 989 789 trabunt
1008 738 1038 788 et
1061 729 1172 791 bilems

176 816 222 893 qui
239 816 435 874 vehementius
456 817 573 892 purgari
597 815 697 874 volunt
715 831 778 870 cum
797 802 936 872 folliculis
956 815 1028 890 ipsis
1048 823 1153 872 sumunt

175 916 219 973 ea,
235 917 299 957 nam
310 897 483 957 stomachum
496 898 620 974 laedunt,
634 899 730 974 itaque
741 899 884 956 inventum
898 905 945 954 est
960 906 991 954 ut
1002 915 1068 956 cum
1078 900 1154 975 pisce

175 991 221 1042 aut
236 983 298 1040 iure
313 982 468 1058 gallinacei
482 991 671 1042 sumerentur.

133 1075 167 1130 96
242 1064 324 1143 (72.)
346 1065 575 1141 Leontopetalon
588 1066 636 1124 alii
645 1063 850 1141 rhaphauidion
861 1073 978 1138 vocant,
993 1063 1068 1123 folio
1082 1063 1154 1122 bras·

174 1151 264 1222 sicae,
283 1147 364 1206 caule
381 1148 559 1226 semipedali,
574 1149 638 1208 alae
652 1150 751 1222 mirae,
766 1165 864 1206 semen
878 1149 907 1204 iu
920 1148 1073 1206 cacumine
1085 1149 1112 1205 in
1123 1146 1185 1204 sim

174 1232 258 1310 liquis
276 1232 379 1290 ciceris
394 1232 496 1308 modo,
514 1233 595 1291 radix
609 1249 685 1309 napo
701 1231 817 1306 similis,
832 1229 967 1306 grundis,
989 1231 1084 1306 nigra.
1112 1245 1155 1286 na·

175 1317 265 1374 scitur
279 1317 308 1372 in
324 1315 410 1373 arvis.
429 1315 511 1374 radix
526 1317 694 1375 adversatur
709 1316 832 1373 omniurn
847 1315 1026 1390 serpentium
1045 1312 1157 1388 generi·

174 1398 227 1456 bus
249 1413 286 1458 ex
305 1400 372 1456 vino
391 1406 475 1476 pota,
501 1417 556 1458 nec
577 1399 631 1458 alia
651 1415 699 1457 res
723 1396 858 1462 celerius¹
871 1397 997 1473 proficit.
1029 1395 1114 1454 datur
1133 1403 1160 1452 ct

176 1480 350 1540 ischiadicis.

133 1576 164 1630 97
238 1564 319 1643 (73.)
342 1565 490 1643 lycapsos
505 1565 683 1641 longioribus
699 1582 783 1641 quam
794 1563 926 1622 lactucae
939 1562 1020 1622 loliis
1036 1563 1186 1621 erassims

93 1717 105 1728 ι
175 1649 325 1727 cibusque,
352 1650 434 1709 caule
456 1649 562 1726 longo,
579 1648 702 1723 hirsuto,
719 1646 849 1724 adgnatis
863 1647 959 1706 multis
976 1645 1160 1718 cubitalibus,

174 1733 246 1792 llore
264 1748 370 1810 parvo,
393 1750 547 1811 purpureo.
582 1732 707 1790 nascitur
726 1731 754 1788 iu
782 1729 1003 1808 campestribus.
1037 1728 1161 1788 inlinitm

175 1833 238 1874 cum
252 1816 341 1874 farine
358 1815 519 1876 hordeacea
533 1817 591 1891 igni
607 1832 710 1890 sacro,
729 1814 850 1874 sudores
873 1817 902 1872 in
917 1813 1051 1873 lebribus
1066 1819 1161 1872 movet

175 1917 246 1958 suco
262 1916 352 1974 aquae
368 1899 468 1958 caldae
483 1899 616 1960 admixto.
856 1937 858 1940 -

132 1993 166 2046 99
236 1980 317 2059 (74.)
340 1980 419 2040 lnter
433 1985 525 2042 omnis
544 1981 651 2042 herbas
672 1980 862 2058 lithospermo
887 1979 959 2053 nihil
977 1989 1026 2039 est
1046 1976 1189 2038 minabit·

173 2065 237 2122 lius.
263 2063 350 2140 aliqui
365 2066 537 2138 exonychon
547 2073 663 2141 vocant,
679 2065 727 2124 alii
738 2064 909 2142 diospyrou,
925 2064 973 2122 alii
987 2061 1161 2122 Heracleus

173 2144 262 2204 herba
278 2148 483 2223 quincuncialis
500 2150 574 2224 fere,
589 2149 667 2209 loliis
688 2147 776 2226 duplo
792 2147 950 2206 maioribus
965 2165 1054 2224 qnam
1070 2153 1161 2217 rutae,

172 2228 287 2288 ramulis
302 2229 468 2301 surculosis,
484 2233 672 2293 crassitudine
684 2232 776 2306 iunci,
792 2232 868 2306 gerit
882 2231 962 2288 iuxta
977 2230 1054 2290 folia
1069 2229 1161 2302 singu·

171 2312 216 2370 las
231 2311 320 2370 veluti
334 2311 470 2373 barbulas
485 2324 514 2373 et
528 2317 557 2373 in
570 2333 667 2375 earum
683 2312 875 2374 cacuminibus
889 2313 1012 2391 lapillos
1034 2311 1160 2372 candore

172 2403 201 2453 et
214 2395 385 2454 rotunditate
403 2399 627 2474 margaritarum,
639 2397 831 2472 magnitudine
846 2397 961 2472 ciceris,
977 2397 1086 2456 duritia
1096 2402 1185 2453 remtt

173 2478 297 2557 lapidea.
327 2479 385 2557 ipsi
400 2498 456 2558 qua
474 2481 616 2558 pediculis
630 2480 805 2540 adhaereant
820 2480 995 2540 cavernulas
1011 2479 1125 2539 babent
1136 2485 1161 2536 et

130 2575 164 2629 99
176 2563 248 2621 intus
261 2580 368 2622 semen.
389 2565 514 2624 nuscitur
531 2573 560 2623 et
570 2564 700 2638 initalia,
717 2564 768 2624 sed
778 2563 1005 2624 laudatissimum
1020 2565 1050 2620 in
1066 2560 1159 2632 Creta,

173 2649 387 2725 necquicquam
401 2649 475 2706 inter
487 2646 592 2707 herbas
603 2648 712 2706 maiore
726 2647 860 2725 equidem
873 2647 1017 2706 miraculo
1029 2645 1158 2723 adspexi.

171 2737 265 2787 tentus
280 2739 324 2788 est
338 2730 429 2790 decor
443 2731 522 2789 velut
539 2731 684 2789 aurificum
698 2740 761 2790 arte
777 2730 897 2790 alternis
915 2732 992 2790 iuter
1007 2728 1084 2788 lolia
1100 2743 1160 2787 cao·

171 2809 329 2871 dicantibus
338 2815 509 2890 margaritis,
518 2823 572 2873 tam
583 2815 724 2889 exquisita
733 2813 887 2873 difficultas
902 2814 1011 2892 lapidis
1022 2831 1063 2871 ex
1076 2810 1187 2870 herbatt

171 2895 325 2952 nascentis.
355 2898 452 2956 iacere
470 2905 555 2973 atque
570 2896 646 2956 humi
662 2915 784 2974 serpere
799 2906 937 2956 auctores
952 2895 1090 2970 tradunt,
1107 2909 1160 2970 ego

102 3025 105 3034 .
170 2971 300 3048 volsam,
316 2993 373 3035 non
387 2979 554 3039 haerentem
570 2980 638 3040 vidi.
670 2979 716 3038 his
734 2978 841 3057 lapillis
856 2979 1017 3040 drachmae
1033 2978 1162 3056 pondere

172 3053 249 3128 potis
273 3056 301 3111 in
321 3059 388 3116 uino
406 3061 473 3122 albo
489 3062 619 3121 calculos
642 3063 737 3138 lrangi
750 3061 881 3140 pellique
896 3072 1015 3123 constat
1030 3073 1063 3122 et
1075 3071 1160 3122 stram

170 3135 281 3208 goriam
298 3135 410 3199 discuti.
439 3163 532 3222 neque
546 3146 575 3202 iu
592 3144 646 3204 alia
660 3143 813 3204 herbarum
828 3145 903 3206 lides
920 3155 969 3206 est
988 3147 1057 3206 visu
1074 3146 1160 3205 statim

169 3215 205 3310 ad
221 3234 304 3292 quiam
319 3220 485 3286 medicinam
500 3236 565 3286 nata
581 3229 627 3307 sit,
644 3236 796 3288 astantem
811 3231 873 3288 cius
890 3231 1015 3308 species
1031 3239 1065 3288 ut
1082 3229 1185 3289 etiams

170 3313 233 3354 sme
247 3308 364 3360 auctore
380 3307 442 3366 visu
460 3313 551 3368 statim
564 3311 646 3368 nosci
662 3312 764 3387 possit.

128 3386 179 3438 100
238 3380 322 3460 (75.)
343 3383 427 3463 Lapis
444 3392 572 3469 volgaris
587 3395 666 3454 iunta
681 3393 794 3454 illumina
813 3393 873 3454 lert
893 3411 1030 3456 muscum
1047 3397 1158 3472 siccum,
