2504 3930
166 241 227 302 240
521 253 551 302 e.
568 206 663 300 durni
679 253 829 302 saccum

123 409 239 474 aeduae
254 407 363 468 orbitas
385 409 557 467 occisorum.
583 407 622 467 Et
641 408 766 484 gryllum
783 407 904 466 inlinere
925 423 989 466 curn
1011 423 1062 464 saa
1084 415 1165 466 terra
1244 469 1245 476 χ

166 492 303 552 effossum
320 491 451 566 suadent,
469 493 541 550 item
556 491 650 550 limum
666 490 860 551 columbarum
875 507 929 568 per
946 507 1015 550 sese
1028 489 1078 548 vel
1100 507 1165 548 cum

165 575 256 634 farina
271 575 436 635 hordeacea
458 581 506 633 aut
524 593 670 636 avenacea
686 593 724 634 ex
742 583 843 650 aceto,
864 573 960 650 talpae
977 573 1105 632 cinerem
1127 589 1166 632 ex

165 657 254 718 melle
269 657 400 717 inlinere.
431 657 479 716 alii
492 659 573 717 iecur
588 659 717 718 eiusdem
736 659 886 716 contritum
906 659 981 716 iuter
1000 673 1101 732 manus
1123 657 1164 715 in·

165 742 255 801 linunt
276 749 306 799 et
326 741 419 801 triduo
441 757 498 799 nou
520 741 645 806 abluunt.
677 743 807 802 dextrum
831 758 947 818 quoque
969 741 1075 818 pedem
1102 742 1190 798 eiust

164 824 295 884 remedio
309 843 376 883 esse
391 827 505 884 strumis
521 824 678 885 adfirmant.
707 826 756 885 alii
771 823 941 902 praecidunt
954 832 1040 901 caput
1055 832 1085 882 et
1101 839 1166 881 cum

165 918 244 967 terra
265 907 380 985 atalpis
397 910 492 968 excita
508 916 620 967 tunsum
634 908 767 986 digerunt
786 909 815 967 in
835 907 968 985 pastillos
985 906 1094 986 pyxide
1111 915 1165 966 sta·

166 1009 241 1068 gnea
263 998 293 1048 et
311 999 427 1050 utuntur
443 991 585 1052 adomnia
601 1009 675 1070 quae
694 994 885 1050 intumescunt
903 999 933 1049 et
955 1009 1029 1068 quac
1046 999 1165 1067 aposte-

165 1082 239 1133 mata
254 1082 362 1133 vocant
376 1091 510 1153 quaeque
526 1077 554 1134 in
572 1079 689 1136 cervice
705 1077 771 1150 sint,
783 1077 863 1135 vesci
878 1073 962 1134 suilla
976 1083 1044 1132 tunc
1054 1082 1165 1133 vetant.

122 1171 156 1225 39
168 1157 253 1217 Tauri
266 1166 405 1217 vocantur
420 1159 568 1218 scarabaei
581 1168 736 1219 terrestres
745 1160 837 1218 ricino
849 1157 968 1234 similes,
983 1173 1090 1216 nomen
1102 1175 1166 1217 cor·
1175 1173 1206 1217 rc⁴

165 1240 259 1300 nicula
273 1241 392 1318 dedere,
407 1275 449 1286 —-
461 1242 508 1301 alii
521 1243 673 1320 pediculos
689 1249 910 1316 terraevooant,
925 1275 967 1286 -
983 1240 1075 1300 abhis
1094 1257 1166 1318 quo·

166 1341 223 1402 que
241 1332 347 1382 terram
362 1335 493 1402 egestam
509 1327 629 1385 inlinunt
647 1327 760 1384 strumis
776 1335 805 1384 et
819 1323 960 1384 similibus
974 1326 1052 1383 vitiis
1069 1333 1099 1383 et
1112 1343 1166 1403 po-

165 1408 273 1482 dagris,
290 1408 384 1467 triduo
397 1426 455 1469 non
470 1409 598 1470 abluunt.
633 1410 754 1487 prodest
768 1408 993 1473 haecmedicina
1008 1411 1038 1466 in
1053 1425 1165 1482 annum,

132 1512 156 1546 ae
168 1491 320 1568 omniaque
332 1491 376 1552 his
388 1493 553 1553 adscribunt
564 1511 639 1571 quae
652 1510 704 1552 nos
716 1495 744 1552 in
756 1492 860 1568 gryllis
871 1491 1030 1551 retulimus.
1050 1491 1167 1569 quidam

165 1583 195 1633 et
206 1593 222 1634 a
234 1573 363 1636 formicis
376 1585 453 1637 terra
465 1586 568 1654 egesta
584 1579 626 1636 sic
640 1585 764 1652 utuntur,
783 1576 831 1636 alii
844 1577 948 1635 vermis
960 1585 1093 1636 terrenos
1109 1584 1199 1634 tot-15

164 1658 240 1717 idem
264 1668 334 1736 quot
356 1660 411 1719 sint
432 1669 556 1721 strumae
586 1661 742 1738 adalligant
764 1662 930 1738 pariterque
953 1677 1017 1718 oum
1043 1659 1079 1718 iis
1102 1675 1166 1717 are·

121 1749 258 1804 eoseum.
289 1743 337 1801 alii
353 1745 482 1822 viperam
500 1745 576 1804 eirca
600 1747 679 1804 oanis
703 1753 796 1803 ortum
814 1742 1020 1804 circumcidunt
1042 1752 1073 1801 ut
1094 1743 1166 1801 dixi·

121 1824 276 1901 ²⁹s,l⁰mus,
300 1825 365 1884 dein
380 1827 474 1887 media
490 1827 674 1903 comburunt,
698 1829 826 1887 cinerem
843 1845 908 1886 eum
927 1827 994 1886 dant
1009 1823 1166 1885 bibendum

164 1916 209 1966 tar
227 1911 357 1986 septenis
379 1910 481 1970 diebus
504 1920 637 1989 quantum
657 1911 845 1988 prehenditur
866 1912 957 1970 ternis
977 1909 1094 1986 digitis,
1123 1911 1166 1968 sie

164 1995 280 2051 strumis
295 1993 453 2071 medentur,
472 1994 560 2073 aliqui
575 2011 648 2054 vero
662 1995 894 2072 circumligantes
909 1993 969 2052 lino
983 2010 1041 2072 quo
1057 1993 1200 2070 praeli-ac

164 2082 231 2152 gata
250 2075 323 2134 inira
346 2085 432 2154 eaput
450 2079 551 2156 vipera
570 2077 743 2157 pependerit
762 2079 856 2138 donec
873 2076 1097 2137 exanimaretur.
1130 2076 1169 2136 Et

163 2157 309 2234 milipedis
324 2167 440 2218 utuntur
462 2160 557 2222 addita
576 2164 692 2222 resinae
712 2161 924 2224 terebinthinae
945 2169 1029 2239 parte
1052 2169 1167 2238 quarta,

163 2257 221 2318 quo
234 2240 443 2302 medicamento
460 2246 554 2304 omnia
569 2253 747 2323 apostemata
763 2247 856 2305 curari
872 2243 980 2304 iubent.

121 2336 155 2387 41
221 2323 304 2404 (13.)
325 2327 424 2386 Umeri
440 2328 591 2390 doloribus
606 2329 747 2389 mustelae
763 2331 834 2388 cinis
851 2345 914 2388 cum
936 2344 1006 2388 cera
1019 2326 1166 2386 medetur.

163 2425 201 2466 ue
216 2409 272 2466 sint
291 2408 355 2469 alae
372 2409 499 2471 hirsutae
521 2412 706 2482 formicarum
729 2432 784 2473 ova
807 2414 905 2489 pueris
924 2413 1056 2470 inlricata
1078 2429 1199 2490 prae-as

164 2499 256 2567 stant,
272 2493 340 2552 item
355 2495 561 2572 mangonibus,
583 2505 614 2554 ut
627 2495 734 2573 lanugo
754 2495 862 2556 tardior
878 2497 915 2555 sit
930 2495 1166 2573 pubescentium,

164 2575 282 2651 sanguis
294 2593 311 2635 e
322 2578 464 2637 testiculis
477 2596 626 2657 agnorum,
644 2597 707 2642 oum
722 2588 892 2654 castrantur,
910 2581 958 2657 qui
969 2577 1081 2638 evolsis
1097 2578 1168 2656 pilis

164 2657 260 2716 inlitus
275 2668 305 2718 et
320 2670 421 2720 contra
437 2663 515 2722 virus
533 2664 656 2740 prolicit.

121 2750 155 2803 42
217 2743 302 2822 (14.)
323 2743 498 2806 Praecordia
519 2736 656 2806 ¹vocamus
680 2764 738 2806 uno
759 2747 873 2806 nomine
896 2754 962 2805 exta
984 2747 1013 2804 in
1034 2745 1166 2820 homine,

164 2841 284 2900 quorum
303 2829 331 2885 in
347 2829 455 2889 dolore.
468 2831 670 2909 cuiuscumque
694 2831 783 2908 partis
805 2831 828 2890 si
851 2828 960 2888 catulus
981 2829 1095 2888 lactens
1116 2828 1200 2886 ari-o

163 2916 314 2969 moveatur
331 2912 563 2992 adprimaturque
578 2913 622 2973 his
637 2913 777 2991 partibus,
798 2914 920 2972 transire
934 2913 963 2971 in
980 2929 1044 2970 eurn
1060 2911 1168 2971 dicitur

159 2990 297 3067 morbus,
325 2995 412 3073 idque
438 2999 599 3057 exinterato
627 2997 805 3075 perfusoque
828 2997 895 3056 vino
918 2995 1101 3074 deprehendi
1123 2996 1167 3053 vi·

163 3075 234 3135 tiata
250 3076 367 3137 viscere
381 3079 434 3140 illo
451 3081 528 3157 quod
541 3080 667 3140 doluerit
680 3081 813 3156 hominis,
830 3089 860 3139 et
874 3077 957 3139 obrui
972 3077 1040 3137 talis
1055 3078 1166 3154 religio

121 3167 155 3222 43
166 3167 219 3216 est.
258 3160 278 3216 ii
300 3177 417 3240 quoque
435 3181 509 3240 quos
531 3163 685 3225 Melitaeos
706 3181 843 3224 vocamus
866 3161 1006 3223 stomachi
1030 3161 1167 3221 dolorem

165 3241 267 3300 sedant
284 3244 420 3322 adplicati
436 3249 563 3324 saepius.
592 3248 715 3307 transire
730 3248 849 3307 morbos
864 3245 1041 3323 aegritudine
1059 3259 1199 3304 eorumne

162 3323 356 3403 intellegitur,
375 3329 542 3408 plerumque
561 3340 591 3389 et
605 3335 707 3392 morte·
738 3332 766 3394 6.
790 3331 934 3391 Pulmonis
949 3346 1066 3407 quoque
1084 3329 1165 3388 vitiis

127 3422 152 3456 aa
163 3405 311 3470 medentur
322 3413 408 3472 iidem
419 3431 525 3488 mures,
538 3431 668 3475 maxume
680 3415 820 3490 Africani,
833 3415 959 3474 detracta
972 3421 1037 3472 oute
1050 3414 1080 3471 in
1093 3413 1174 3472 oleo·

163 3495 192 3546 et
208 3489 270 3550 sale
281 3495 396 3556 decocti
408 3506 492 3576 atque
504 3500 533 3557 in
548 3498 613 3558 cibo
631 3500 743 3578 sumpti.
774 3499 874 3558 eadem
889 3515 938 3558 res
953 3506 982 3556 et
997 3496 1165 3575 purulentis
