2430 3896
149 228 187 286 14
501 233 531 282 ο.
547 234 644 282 amur
660 233 810 284 suenum

147 392 266 454 candida
284 389 531 470 praecellensque
551 399 606 450 eet.
628 389 729 449 mirum
750 390 779 449 in
800 388 857 450 bac
871 389 978 452 arbore
994 390 1158 453 fructuma

145 478 225 538 nullo
255 475 416 536 animalium
439 475 557 552 eulogi,
590 473 728 534 loliorum
758 475 936 554 corticisque
956 493 1057 536 sucum
1082 493 1158 536 esse

146 563 269 624 dulcem.
300 561 375 620 inter
396 560 535 619 corticem
553 575 588 618 ac
608 559 716 635 lignum
738 567 841 618 tenues
862 556 977 621 tunicae
999 560 1161 639 multiplici

145 645 322 721 membrana,
333 663 349 704 e
359 643 463 723 quibus
469 643 584 704 vincula
599 642 679 704 tiliae
687 651 839 717 vocantu,
853 645 1039 706 tenuissimae
1053 663 1160 706 carram

146 731 278 812 philyrae
301 745 474 790 coronarum
494 728 641 788 lemniscis
664 726 803 788 celebres
822 729 1002 807 antiquorum
1023 730 1156 792 bonore
1171 754 1187 796 s

144 816 281 876 materies
302 813 463 875 teredinem
484 829 543 872 non
558 812 654 889 sentit,
671 812 850 890 proceritate
870 832 1010 893 perquam
1024 815 1158 932 modica,

145 917 245 960 verum
260 900 350 959 utilis.

102 994 136 1049 66
213 983 371 1062 1.51(26.)
394 981 474 1042 Acer
488 980 619 1042 eiusdem
633 981 696 1042 iera
719 982 928 1062 amplitudinis,
951 999 1073 1061 operum
1090 981 1158 1042 ele·

143 1071 240 1146 gartia
256 1085 291 1128 ac
309 1066 468 1127 subtilitate
483 1068 556 1126 citro
573 1067 740 1128 secundum.
771 1067 855 1147 plura
876 1066 940 1127 cius
959 1085 1086 1145 genera:
1111 1066 1159 1127 al·

143 1152 227 1229 bum,
244 1152 322 1232 quod
334 1151 487 1231 praecipui
504 1150 656 1228 candoris,
677 1161 799 1213 vocatur
814 1151 957 1213 Gallicum
972 1153 1002 1212 in
1017 1161 1158 1230 transpa·
1171 1165 1213 1208 rc·

143 1237 216 1298 dana
235 1236 318 1297 ltalia
341 1246 478 1315 maneque
500 1235 586 1314 Alpis
607 1254 742 1298 nascens.
778 1237 899 1298 alterum
928 1254 1022 1314 genus
1050 1237 1158 1315 crispo

141 1323 318 1382 macularum
335 1321 478 1397 discursu,
497 1321 545 1398 qui
561 1338 624 1381 curn
640 1321 836 1382 excellentior
849 1321 913 1396 luit,
931 1340 948 1383 a
963 1321 1159 1382 similitudine

144 1407 253 1468 caudae
277 1423 421 1485 pavonum
438 1423 543 1466 nomen
559 1407 690 1484 accepit,
714 1407 742 1466 in
761 1405 868 1466 Histria
886 1405 1050 1484 Raetiaqae
1062 1423 1158 1484 prae·

100 1497 134 1554 et
148 1493 271 1571 cipuum.
302 1509 320 1550 e
334 1491 431 1552 viliori
447 1508 559 1568 genere
581 1491 790 1551 crassivenium
807 1499 938 1550 uocatur.
972 1490 1078 1552 Gracci
1095 1491 1160 1550 situ

141 1576 318 1651 discernunt,
328 1583 493 1654 campestre
506 1575 580 1635 enim
590 1575 741 1636 candidum
750 1593 880 1635 essenec
890 1576 1064 1656 crispum-
1072 1574 1160 1652 quod
1170 1587 1198 1628 ιι

142 1660 242 1739 glinon
255 1669 422 1736 vocant-3
431 1670 595 1720 montanum
604 1677 676 1720 uero
685 1660 810 1740 crispius
818 1660 986 1739 duriusque,
995 1660 1161 1720 etiamnum

142 1763 158 1804 e
174 1745 303 1806 mascula
324 1745 448 1824 crispius
471 1745 507 1806 ad
522 1745 646 1806 lautiora
662 1761 770 1823 opera,
793 1745 908 1805 tertium
925 1762 1018 1822 genus
1034 1745 1160 1821 augiam

141 1830 309 1904 rubentem,
328 1829 411 1889 lissili
426 1829 518 1905 ligno,
535 1829 646 1889 cortice
663 1828 752 1890 livido
768 1839 797 1890 et
812 1830 929 1890 scabro.
957 1829 1015 1890 hoc
1030 1828 1080 1889 alii
1098 1847 1159 1906 ge·

141 1914 220 1973 neris
235 1914 347 1992 proprii
365 1931 433 1972 esse
450 1912 558 1974 malunt
573 1921 602 1972 et
616 1911 716 1973 Latine
732 1915 880 1993 carpinum
896 1912 1055 1994 appellant.

97 2005 132 2061 68
208 1997 257 2058 16.
280 1998 365 2077 (27.)
386 1996 612 2057 Pulcherrimum
627 2014 700 2058 vero
714 2008 760 2059 est
770 1998 917 2075 bruscum,
932 1999 1084 2075 multoque
1097 2015 1156 2057 ex·
1166 2014 1196 2056 rc
1212 2029 1214 2036 ·

140 2081 295 2142 cellentius
308 2081 461 2142 etiamnum
474 2081 655 2142 molluscum.
681 2083 767 2143 tuber
779 2092 930 2162 utramque
945 2082 1059 2143 arboris
1073 2082 1156 2158 eins,

139 2165 275 2227 bruscum
302 2166 436 2226 intortius
464 2168 605 2245 crispum,
626 2168 798 2228 molluscum
822 2168 980 2246 simplicius
1002 2184 1155 2245 sparsum.

140 2259 169 2309 et
184 2252 209 2310 si
220 2249 444 2328 magnitudinem
459 2268 623 2312 mensarum
640 2261 772 2331 caperet,
787 2251 857 2313 baut
875 2253 961 2312 dubie
977 2251 1156 2330 praeferre-

139 2344 187 2394 tur
202 2336 285 2396 citro.
316 2335 477 2396 nuncintra
494 2336 657 2415 pugillares
680 2335 882 2417 lectorumque
908 2336 1019 2398 siliciae
1040 2343 1091 2396 aut
1107 2335 1155 2396 la·

138 2437 218 2480 muas
240 2437 307 2480 raro
326 2431 380 2480 usu
401 2430 559 2499 spectatur.
599 2439 616 2480 e
637 2420 744 2481 brusco
768 2422 836 2481 liunt
857 2430 888 2481 et
908 2437 1027 2481 messae
1048 2420 1212 2498 nigre-asp

95 2513 130 2568 69
141 2514 269 2565 scentes.
297 2504 455 2583 Reponitur
467 2515 497 2566 et
511 2507 540 2565 in
554 2505 620 2566 alno
637 2505 732 2581 tuber,
751 2507 803 2567 sed
819 2515 898 2568 tanto
915 2505 1044 2566 deterius
1058 2523 1155 2583 quan-

138 2597 197 2649 tam
210 2587 245 2649 ab
262 2607 349 2650 acere
374 2589 457 2651 alnus
478 2592 542 2669 ipsa
557 2589 654 2652 distat.
697 2588 804 2651 Aceris
820 2609 916 2651 mares
931 2591 1012 2669 prius
1027 2588 1152 2651 florent

138 2675 291 2733 etiamnum
316 2675 345 2734 in
373 2675 461 2734 siccis
488 2683 573 2736 natae
602 2674 806 2753 praeferuntur
832 2675 992 2756 aquaticis,
1019 2675 1096 2735 sicut
1122 2683 1154 2734 et

137 2757 252 2818 fraxini.
296 2756 351 2818 Est
369 2767 449 2819 trans
467 2759 552 2838 Alpis
571 2758 660 2820 arbor
674 2761 817 2821 simillima
835 2761 914 2820 aceri
940 2759 1008 2820 albo
1025 2759 1152 2819 materia
1209 2805 1211 2810 .

138 2859 212 2921 quae
228 2851 349 2904 vocatur
366 2842 645 2922 staphylodendron.
679 2844 738 2905 fert
749 2845 870 2923 siliquas
885 2853 915 2904 et
929 2846 958 2904 in
970 2843 1005 2903 iis
1020 2843 1211 2970 nucleoswp

137 2944 245 3006 sapore
260 2928 344 2988 nucis
357 2926 520 2990 abellanae.

95 3020 129 3076 to
203 3011 287 3093 (28.)
308 3010 340 3071 In
359 3013 459 3090 primis
477 3029 550 3072 vero
572 3014 710 3074 materies
734 3012 877 3074 honorata
898 3012 977 3073 buxo
1004 3021 1051 3073 est
1076 3028 1149 3074 raro
1209 3059 1210 3064 1

137 3097 274 3176 crispanti
288 3113 345 3156 uec
361 3097 416 3155 nisi
430 3097 541 3173 radice,
557 3097 594 3157 de
613 3106 716 3157 cetero
731 3097 806 3157 lenis
826 3099 910 3176 quies
934 3106 980 3158 est
1002 3099 1150 3159 materiae
1207 3089 1210 3152 l

136 3181 251 3240 silentio
267 3179 391 3259 quodam
413 3191 441 3241 et
457 3182 560 3241 duritie
577 3199 613 3243 ac
627 3180 741 3282 pallere
759 3181 1008 3258 commendabilis,
1033 3183 1063 3242 in
1078 3182 1149 3260 ipsa
1207 3161 1209 3198 ¹

135 3281 207 3324 vero
223 3264 330 3325 arbore
341 3266 465 3342 topiario
478 3283 580 3344 opere.
608 3267 662 3326 tria
675 3267 737 3326 eius
749 3285 874 3344 genera:
892 3264 1046 3342 Gallicum,
1063 3203 1209 3420 110134

134 3351 163 3408 1ιι
178 3357 271 3409 metas
286 3349 422 3409 emittitur
432 3350 618 3428 amplitudine
634 3352 815 3430 proceriore.
845 3351 1024 3412 oleastrum
1015 3369 1045 3412 ιιι
1063 3351 1145 3411 omni

136 3450 188 3491 usu
204 3433 364 3493 damnatum
380 3452 499 3512 gravem
518 3435 649 3513 praefert
677 3436 807 3497 odorem.
839 3436 954 3495 tertium
974 3453 1069 3512 genus
1086 3451 1143 3494 no·
1206 3441 1208 3489 l

136 3518 233 3576 stratis
248 3525 355 3576 uocant
356 3518 524 3595 ‚silvestre
540 3529 571 3580 ut
586 3520 687 3596 credo,
700 3522 858 3599 mitigatum
874 3528 949 3596 satu,
962 3519 1094 3582 diffusius
1111 3527 1145 3579 ct
1188 3549 1207 3894 p
