2370 3922
183 271 220 334 18
520 287 550 336 o.
565 287 661 334 runu
679 285 829 334 sucorum

184 443 346 523 emplastris
362 441 433 503 utile
449 443 551 502 taciem
566 449 678 520 purgat.
708 441 801 501 bubus
817 441 940 500 infusum
955 459 1006 520 per
1020 445 1106 520 naris,
1118 445 1160 506 de

138 539 173 593 82
183 545 238 589 uec
256 535 383 604 ructent,
400 525 577 585 inflationem
591 526 682 584 sedat.
711 533 796 587 vetus
811 534 906 584 autem
919 527 1007 602 magis
1023 527 1159 587 excalfacit

179 630 304 690 corpora
325 612 475 687 magisque
496 610 612 670 discutit
628 609 770 684 sudores,
790 609 910 668 duritias
924 611 1015 685 magis
1034 610 1160 687 diffundit,

181 696 348 772 lethargicis
371 693 511 753 auxiliare
534 702 564 752 et
586 692 722 770 inclinato
741 693 852 751 morbo.
883 691 1031 752 oculorum
1054 693 1160 756 claritati

179 780 295 840 confert
309 777 417 855 aliquid
434 795 496 836 cum
511 778 649 854 portione
662 774 757 834 mallis
773 777 881 853 acapni.
911 778 1014 854 capitis
1026 777 1171 840 doloribusr

180 862 338 923 remedium
354 870 416 936 est,
441 862 511 919 item
526 859 677 918 ardoribus
693 861 722 918 in
738 859 814 918 fabri
831 877 895 918 cum
909 877 990 936 aqua.
1024 863 1049 919 si
1069 864 1160 921 vetusti

180 963 237 1006 non
256 947 295 1004 sit
311 945 445 1020 occasio,
462 943 634 1020 decoquitur
648 949 679 1000 ut
695 951 870 1002 vetustatem
887 953 1101 1020 repraesentet.

136 1039 172 1095 83
247 1030 330 1108 (41.)
363 1027 465 1088 Oleum
480 1027 600 1086 cicinum
617 1026 726 1085 bibitur
741 1025 776 1085 ad
791 1029 981 1104 purgationes
992 1031 1104 1088 ventris
1114 1045 1162 1088 cun

179 1115 240 1192 pari
266 1112 364 1172 caldae
384 1128 525 1170 mensura.
571 1110 704 1188 privatim
727 1109 830 1168 dicitur
850 1127 977 1188 purgare
998 1112 1157 1188 praecordia

178 1196 301 1275 prodest
317 1204 347 1254 et
362 1195 547 1276 articulorum
561 1193 682 1269 morbis,
699 1193 811 1254 duritiis
826 1193 969 1270 omnibus,
986 1194 1094 1271 volvis,
1104 1183 1171 1264 aui-l

127 1275 136 1282 ”
179 1280 250 1354 bus,
277 1279 432 1354 ambustis,
463 1279 640 1352 cumcinere
658 1294 731 1336 vero
749 1279 902 1354 muricum,
931 1277 1013 1337 sedis
1030 1278 1159 1338 inflamma

179 1363 325 1444 tionibus,
349 1363 419 1420 item
441 1378 556 1437 psorao.
589 1360 719 1420 colorem
741 1363 814 1422 cutis
839 1362 1021 1420 commendat
1038 1362 1171 1440 capillunl

179 1463 236 1523 que
256 1444 347 1504 fertili
367 1452 467 1504 natura
484 1453 597 1505 evocat.
633 1462 733 1504 seman
756 1463 794 1504 ex
813 1462 870 1522 quo
896 1446 927 1504 ht
953 1444 1034 1506 nulla
1056 1447 1158 1504 animans

135 1539 170 1593 84
180 1530 303 1604 attingit.
334 1527 477 1604 ellychnia
492 1546 529 1587 ex
542 1546 597 1587 uva
613 1528 683 1587 fiunt
698 1528 836 1588 claritatis
850 1531 1042 1607 praecipuae,
1058 1549 1095 1589 ex
1109 1529 1157 1588 olet

178 1611 273 1672 lumen
301 1613 455 1672 obscurum
479 1621 602 1689 propter
622 1613 736 1670 nimiam
755 1613 994 1690 pinguitudinem.
1030 1613 1100 1674 lolia
1116 1585 1171 1692 igu'd

179 1712 263 1756 sucro
279 1695 435 1754 inlinuntur
452 1713 490 1754 ex
507 1703 609 1771 aceto,
628 1713 682 1773 per
698 1715 730 1754 se
747 1703 843 1756 autem
861 1699 994 1756 recentia
1011 1699 1154 1757 mammisct

179 1780 347 1858 epiphoris,
372 1779 472 1839 eadem
490 1773 610 1838 decocta
632 1781 662 1836 in
682 1780 751 1839 vino
766 1779 1041 1840 inflammationibus
1058 1795 1155 1856 cumpo

178 1862 272 1939 lenta,
293 1880 399 1938 croco,
416 1880 470 1940 per
486 1881 518 1922 sa
537 1871 631 1922 autem
649 1862 745 1922 triduo
759 1865 885 1941 inposita
901 1863 1008 1923 facicm
1025 1870 1139 1942 purgant.

136 1956 169 2008 85
240 1944 322 2024 (42.)
354 1944 456 2004 Oleum
472 1946 680 2023 amygdalinum
694 1956 809 2024 purgat,
824 1946 917 2007 mollit
929 1965 1070 2025 corpora,
1085 1953 1171 2006 cuten'

178 2037 296 2104 erugat,
322 2030 445 2087 nitorem
463 2030 658 2106 commendat,
684 2047 771 2090 raros
786 2048 849 2090 cum
863 2028 949 2089 melle
968 2031 1050 2090 tollit
1065 2030 1170 2104 efacic

177 2111 299 2188 prodest
328 2119 358 2170 et
384 2111 501 2171 auribus
528 2131 591 2171 cum
617 2130 741 2177 rosaceo
768 2122 798 2173 et
822 2113 909 2174 melle
934 2123 965 2174 et
993 2114 1060 2173 mali
1083 2111 1154 2190 punici

178 2195 306 2270 tegmine
322 2194 484 2270 decoctum,
502 2197 735 2274 vermiculosque
750 2198 779 2255 in
794 2197 838 2256 his
856 2206 940 2257 necat
959 2206 991 2257 et
1007 2199 1153 2275 gravitatem

177 2277 289 2336 auditus
315 2277 447 2354 discutit,
478 2297 567 2339 sonos
592 2284 721 2340 incertos
742 2288 772 2340 et
791 2283 927 2357 tinnitus,
952 2282 1052 2341 obiter
1076 2279 1152 2356 capitis

177 2359 297 2420 dolores
313 2370 343 2421 et
360 2360 516 2422 oculorum.
543 2364 676 2423 medetur
689 2363 846 2424 furunculis
865 2373 895 2424 et
910 2382 927 2423 a
943 2365 1012 2424 sole
1027 2365 1096 2424 ustis
1111 2377 1152 2420 cru

177 2461 252 2503 cera.
284 2445 382 2505 ulcera
403 2448 545 2506 manantia
567 2456 597 2507 et
618 2447 744 2507 furfures
762 2466 826 2506 cum
842 2450 910 2507 vino
931 2456 1090 2525 expurgat,
1106 2435 1169 2528 cuni

177 2526 320 2602 dylomata
336 2548 399 2589 cum
420 2528 560 2590 meliloto.
594 2548 648 2608 par
672 2551 705 2590 sc
725 2549 797 2591 vero
819 2533 906 2610 capiti
921 2531 1035 2593 inlitum
1050 2543 1153 2590 somnum

93 2625 95 2630 ’
177 2611 281 2671 adlicit.
598 2652 599 2655 ,

134 2703 168 2757 86
242 2696 324 2776 (43.)
355 2697 456 2757 Oleum
472 2697 610 2758 laurinum
626 2699 723 2758 utilius
741 2715 798 2777 quo
815 2700 962 2757 recentius
979 2715 1092 2774 quoque
1105 2693 1150 2751 riri·

176 2778 239 2838 dius
256 2780 366 2842 colore.
395 2784 440 2840 vis
457 2783 519 2841 eius
536 2781 758 2857 excalfactoria,
778 2789 808 2841 et
824 2782 892 2841 ideo
910 2781 1092 2858 paralyticis,
1106 2791 1150 2852 ma·

177 2864 277 2938 sticis,
300 2865 482 2942 ischiadicis,
505 2865 683 2942 suggillatis,
699 2867 802 2943 capitis
819 2864 986 2939 doloribus,
1003 2851 1167 2922 inveteratisd

177 2944 437 3025 destillationibus,
459 2950 574 3009 auribus
594 2951 623 3008 iu
646 2948 745 3025 calyce
761 2950 857 3025 punici
876 2949 1026 3007 calfactum
1038 2945 1148 3004 inlinitur

134 3037 168 3092 at
242 3029 323 3108 (44.)
359 3031 466 3092 Similis
491 3042 520 3093 et
539 3035 643 3108 myrtei
666 3033 723 3091 olei
745 3034 829 3092 ratio.
852 3033 1022 3108 adstringit,
1045 3027 1147 3096 indurat,

176 3113 308 3175 medetur
328 3115 472 3192 gingivis,
500 3117 626 3176 dentium
648 3113 761 3192 dolori,
787 3116 980 3192 dysinteriae,
1005 3113 1148 3172 volvacex·

176 3196 339 3272 ulceratae,
365 3201 490 3275 vesiciS,
519 3200 664 3260 ulceribus
693 3201 814 3260 vetustis
841 3198 888 3258 vel
912 3197 1085 3258 manantibus
1103 3204 1147 3250 cum

177 3299 292 3357 squama
307 3282 383 3339 aeris
400 3289 431 3340 et
447 3301 529 3359 cera,
546 3286 616 3343 item
632 3283 848 3361 eruptionibus,
864 3280 1093 3342 ambustionibus.
1118 3278 1165 3330 aps

139 3404 141 3408 -
177 3366 243 3423 trita
258 3372 339 3423 sanat
356 3371 385 3421 et
399 3364 537 3442 furfures,
553 3367 704 3444 rhagadas,
719 3366 928 3441 condylomata,
944 3363 1076 3424 articulos
1087 3357 1145 3448 lum:

177 3453 235 3521 tos,
253 3446 499 3522 odoremgravem
510 3452 652 3528 corporis.
680 3450 849 3510 adversatur
859 3448 1025 3523 cantharidi,
1037 3444 1142 3520 buprcsit

178 3528 299 3604 aliisque
313 3529 393 3588 malis
409 3531 623 3597 medicamentis
640 3553 714 3615 quae
728 3533 923 3596 exulcerando
937 3538 1048 3594 nocent.
