2508 3924
211 225 270 286 too
559 238 589 286 c.
605 239 864 288 PLINISEOUNDI

208 389 286 468 llagi
310 393 415 452 verriui
441 391 576 468 genitalis
605 393 703 452 cinere
727 401 797 472 poto
823 411 860 453 ex
879 395 948 452 vino
973 391 1050 452 dulci
1074 391 1176 450 demon

208 483 298 534 strant
326 477 433 535 urinam
456 476 556 535 lacere
577 477 606 534 in
625 479 704 536 oanis
731 476 815 536 cubili
837 493 873 536 ac
892 475 982 536 verba
1001 475 1130 549 adicere,
1147 493 1177 532 ne

209 560 273 636 ipse
289 560 394 619 urinam
409 559 495 618 iaciat
510 569 540 618 ut
556 559 634 618 canis
655 563 683 618 in
701 577 753 618 suo
769 559 864 619 cubili.
896 577 995 618 rursus
1013 560 1070 618 ciet
1082 559 1175 616 urinam

208 643 306 702 vesica
321 643 391 716 suis,
410 643 433 700 si
448 649 553 702 terram
569 661 627 704 non
645 644 785 720 attigerit,
802 645 924 721 inposita
944 641 1023 720 pubi.

164 733 216 788 216
279 721 362 802 (61.)
384 726 468 786 Sedis
492 727 568 784 vitiis
593 727 745 804 praeclare
768 725 888 804 prodest
912 725 953 784 iel
979 726 1105 784 ursinum
1127 738 1193 782 eunt

207 808 302 887 adipe.
331 808 444 885 quidam
457 809 581 868 adiciunt
600 827 727 888 spumam
749 812 860 886 argenti
883 827 918 870 ac
938 819 995 867 tus.
1027 807 1141 886 prodest
1156 815 1179 864 ct

206 891 337 966 butyrum
353 911 417 951 cunr
431 891 515 970 adipe
537 895 670 952 anserino
693 911 728 953 ac
745 909 878 952 rosaceo.
907 891 1023 951 modum
1045 892 1125 969 ipsae
1141 907 1181 948 res

207 984 347 1049 statuunt,
364 986 394 1035 ot
415 978 470 1033 siut
488 976 568 1035 inlitu
589 976 701 1035 faciles.
730 977 882 1054 praeclare
903 975 1038 1034 medetur
1055 983 1085 1033 et
1109 971 1181 1031 tauri·

205 1075 270 1118 uum
285 1057 325 1117 iel
341 1059 367 1116 in
383 1058 509 1118 linteolis
525 1061 707 1138 concerptis,
729 1061 871 1137 rimasque
886 1050 1020 1136 per'ducit
1035 1056 1071 1116 ad
1087 1055 1183 1115 cicatri-

206 1159 280 1201 cem.
311 1141 502 1200 inflationibus
519 1144 547 1201 in
562 1161 597 1202 ea
612 1153 693 1220 parte
709 1142 809 1202 sebum
826 1142 923 1218 vituli,
944 1157 1081 1200 maxume
1101 1138 1134 1197 ab
1151 1139 1207 1194 tuo

205 1223 354 1302 guinibus,
376 1243 439 1283 cunr
453 1233 531 1299 ruta,
556 1227 662 1285 ceteris
684 1227 761 1284 vitiis
782 1223 912 1284 medetitr
928 1225 1049 1300 sangnis
1065 1223 1185 1300 caprinus

206 1325 269 1366 cum
283 1306 415 1384 polenta,
429 1309 497 1367 item
514 1308 555 1368 fel
578 1310 724 1386 caprinum
743 1308 952 1382 condylomatis
974 1325 1032 1386 per
1052 1324 1104 1380 se,
1130 1305 1186 1362 item

166 1399 215 1454 217
228 1390 268 1448 lel
288 1390 413 1468 lupinum
429 1409 466 1450 ex
487 1393 565 1450 vino.
595 1392 690 1452 Panos
711 1400 741 1452 et
762 1399 941 1470 apostemata
960 1391 991 1448 in
1017 1403 1185 1468 quacumque

205 1481 288 1552 parte
313 1475 426 1533 ursinus
455 1475 572 1551 sanguis
596 1475 725 1552 discutit,
748 1477 816 1535 item
834 1477 961 1534 taurinus
982 1473 1086 1532 aridus
1106 1473 1185 1530 tritus.

205 1558 393 1636 praecipuum
407 1567 500 1616 tamen
514 1559 670 1618 remedium
681 1558 799 1618 traditor
815 1559 843 1616 in
859 1557 974 1616 calculo
991 1557 1099 1632 onagri
1113 1569 1208 1630 quercu

205 1639 318 1714 dicitur,
336 1657 399 1698 cunr
411 1641 605 1718 interficiatur,
619 1639 743 1701 reddere
758 1642 837 1700 urina
849 1641 1035 1718 liquidiorem
1051 1637 1131 1698 initio
1146 1633 1187 1696 sod

205 1723 233 1780 in
248 1731 324 1782 terra
339 1725 511 1801 spissantem
527 1743 569 1784 se.
598 1724 645 1784 hic
661 1724 832 1800 adalligatos
845 1722 942 1782 femini
958 1725 1056 1782 omnis
1078 1725 1187 1798 impetus

195 1805 319 1868 Giscutit
343 1809 477 1884 omnique
499 1809 704 1886 suppuratione
723 1806 837 1868 liberat.
873 1816 918 1866 est
940 1815 1041 1866 autern
1058 1821 1138 1864 rarus
1154 1804 1186 1860 in·

205 1898 291 1947 ventu
306 1906 360 1948 uec
375 1908 412 1948 ex
429 1894 503 1948 omni
522 1907 646 1968 onagro,
663 1891 715 1950 sed
730 1889 840 1950 celebri
860 1890 1000 1950 remedio.
1035 1887 1154 1967 prodest
1165 1893 1188 1942 et

205 1973 284 2030 urina
299 1971 369 2030 asini
384 1990 448 2032 curn
463 1974 616 2034 melanthio
636 1983 664 2032 et
679 1973 803 2050 ungulae
815 1975 938 2051 equinae
960 1975 1037 2032 cinis
1053 1989 1117 2030 cnm
1131 1968 1213 2027 oleon

207 2061 236 2111 et
253 2069 326 2129 aqua
341 2054 452 2132 inlitus,
477 2059 594 2133 sanguis
608 2059 683 2135 equi,
700 2058 858 2135 praecipue
879 2056 1064 2130 admissarii,
1087 2053 1190 2128 sanguis

162 2144 214 2198 218
224 2133 357 2210 bubulus,
368 2138 442 2196 item
458 2138 507 2197 lcl.
543 2156 611 2200 caro
625 2158 740 2218 quoqne
756 2140 876 2199 eosdem
892 2140 1020 2198 effectus
1042 2135 1132 2196 habet
1152 2151 1189 2196 ca·

204 2217 261 2278 lida
277 2219 399 2295 inposita
422 2229 450 2279 et
473 2223 594 2298 ungulae
611 2225 681 2282 ciuis
701 2241 737 2281 ex
753 2239 826 2299 aqua
842 2231 891 2282 aut
912 2221 1020 2296 melle,
1050 2221 1133 2279 urina
1152 2235 1188 2276 ca·

203 2319 328 2378 prarnm,
344 2302 486 2362 hircorum
504 2322 619 2383 quoque
635 2323 736 2365 carnes
753 2306 780 2364 in
791 2323 864 2382 aqua
880 2304 1025 2364 decoctae
1042 2313 1093 2364 ant
1108 2303 1188 2360 limum

206 2403 243 2443 ex
270 2383 314 2444 his
337 2403 401 2445 cum
422 2388 508 2446 melle
532 2388 698 2463 decoctum,
724 2388 765 2448 iel
781 2391 935 2464 verrinum,
966 2391 1054 2448 urina
1077 2383 1209 2444 suumiun

205 2466 268 2526 lana
290 2470 425 2546 inposita.
459 2469 582 2531 Femora
604 2472 687 2530 atteri
708 2471 847 2548 adurique
871 2473 999 2548 equitatu
1024 2477 1125 2529 uotum
1144 2474 1186 2526 est.

204 2550 382 2612 utilissimum
408 2553 506 2613 estad
526 2556 617 2614 omnis
637 2554 702 2614 inde
724 2571 826 2614 causas
847 2571 975 2632 spumam
998 2555 1071 2631 equi
1092 2569 1129 2611 ex
1148 2563 1187 2608 ore

204 2634 366 2708 inguinibus
381 2636 511 2696 inlinere.
531 2637 649 2714 Inguina
666 2647 694 2697 et
705 2655 742 2696 ex
753 2637 881 2698 ulcerum
894 2653 983 2696 causa
995 2639 1188 2696 intumescunt.

203 2716 331 2854 rulemedio
355 2729 420 2779 sunt
441 2722 506 2798 equi
527 2731 625 2781 saetae
645 2730 705 2780 tres
725 2721 843 2781 totidem
858 2720 941 2780 nodis
964 2720 1116 2796 adligatus
1129 2719 1188 2776 inor

203 2813 294 2855 ucus.
1194 2803 1211 2845 ³⁰

164 2885 215 2940 219
281 2880 328 2938 16.
352 2883 434 2963 (62.)
457 2886 597 2964 Podagrls
617 2887 747 2946 medetur
767 2891 880 2948 ursinus
896 2888 981 2964 adips
998 2887 1187 2960 taurinumque

204 2957 304 3016 sebum
325 2967 387 3037 pari
404 2969 533 3042 pondere
549 2979 578 3028 et
594 2987 690 3028 cerae.
713 2971 819 3030 addunt
832 2971 944 3048 quidam
960 2967 1187 3047 hypocisthidem

205 3048 234 3097 ⁰⁸
247 3041 361 3115 gallam,
390 3047 438 3106 alii
458 3051 596 3110 hircinum
617 3053 783 3130 praeferunt
800 3055 899 3113 sebum
917 3072 983 3113 cum
1004 3055 1076 3112 limo
1095 3066 1187 3130 caprae

205 3129 234 3178 et
248 3138 336 3180 croco
353 3128 482 3204 sinapiva
498 3135 545 3194 vel
566 3134 693 3195 caulibus
711 3137 837 3197 hederae
854 3139 927 3196 tritis
948 3136 1136 3215 acperdicio
1148 3129 1185 3189 vel

204 3201 277 3260 llore
293 3212 452 3300 cucumeris
466 3216 624 3292 silvestris,
640 3221 707 3278 item
721 3220 806 3280 bovis
821 3222 914 3280 limum
930 3238 994 3280 cum
1009 3221 1091 3279 aceti
1104 3220 1211 3278 tremus

162 3288 213 3340 220
222 3287 404 3358 magnificant
421 3302 448 3349 et
470 3297 550 3357 vituli
574 3303 621 3378 qui
638 3302 761 3362 nondum
781 3303 897 3362 herbam
919 3303 1087 3379 gustaverit
1106 3303 1187 3360 limum

204 3372 252 3420 aut
268 3381 321 3439 per
335 3384 367 3424 se
385 3378 550 3448 sauguinem
568 3387 657 3460 tauri,
680 3387 797 3464 volpem
814 3387 965 3446 decoctam
984 3387 1084 3444 vivam
1105 3383 1187 3443 donec

205 3456 273 3502 Ossa
291 3454 396 3509 tantum
412 3464 531 3540 restent,
548 3465 683 3546 lupumve
699 3471 795 3531 vivom
816 3469 883 3530 oleo
904 3471 997 3529 cerati
1012 3467 1102 3528 modo
1119 3468 1185 3526 iuco-
