2396 3922
287 264 367 311 usn.
383 263 473 314 man.
488 263 569 312 xxv
584 261 651 318 77
668 255 820 334 (777-77)
1008 253 1046 317 87

1 362 2 416 i
118 415 202 494 (35.)
223 415 338 478 invenit
355 423 386 476 et
402 415 586 493 Lysimachus
602 437 676 497 qnae
692 421 728 480 ab
745 437 782 480 eo
804 402 909 481 nomen
926 423 1047 498 7771777,
1056 431 1095 488 77

58 500 207 561 celebrata
220 497 408 560 Erasistrato.
434 499 505 561 77177
520 501 609 561 habet
627 503 723 563 salrcrs
736 503 849 581 vrndm,
865 505 1049 604 1177777777·-

1 601 194 681 pureum,
215 584 366 658 iruticosa,
388 584 503 644 ramulis
522 588 642 662 erectis,
663 586 755 647 odore
776 589 843 647 acri.
874 575 1029 666 gignitur
1019 607 1049 648 m

1 705 2 714 ι
1 659 182 764 aquosis.
212 669 257 725 vis
279 669 342 727 aius
359 675 436 726 tauta
457 676 555 728 estut
576 671 710 730 iumentis
727 671 987 733 discordantibus
977 689 1049 751 rugo

1 751 183 829 sinposita
197 752 385 828 asperitatem
402 750 546 824 cohibeat

115 834 199 912 (36.)
218 832 357 894 Mulieres
373 851 490 912 quoque
504 835 577 895 hanc
590 835 713 913 gloriam
727 837 946 914 adfectavere,
938 858 967 898 m
982 842 1044 917 qni·
1032 849 1091 904 -73

1 917 108 980 ims
123 917 282 977 Artemisia
299 935 375 977 uxor
389 916 511 978 Mausoli
528 919 664 998 adoptata
680 919 772 980 herba
788 938 861 999 quae
877 929 962 982 antea
983 939 1049 1020 par-

59 1001 150 1060 thenis
166 1001 333 1061 vocabatur.
364 1011 429 1061 sunt
443 1005 491 1079 qui
512 1003 547 1062 ab
563 1003 714 1063 Artemide
730 1002 846 1079 ilithyia
862 1009 1048 1081 cognomina·

1 1123 3 1159 ,
58 1092 111 1142 tam
131 1091 252 1162 putent,
282 1086 415 1161 quoniam
435 1087 567 1163 privatim
588 1086 738 1146 medeatur
761 1087 928 1147 laminarum
954 1087 1046 1148 maiis.

1 1209 2 1216 .
28 1176 103 1227 nest
116 1175 212 1226 autem
229 1166 355 1226 absinthi
373 1167 459 1227 modo
482 1169 632 1245 fruticosa,
657 1170 813 1230 maioribus
834 1170 913 1231 ioliis
934 1173 1048 1251 pingui·

1 1292 3 1328 ,
55 1251 174 1328 busque.
204 1252 296 1328 ipsius
317 1251 373 1310 duo
394 1269 521 1329 genem:
544 1252 632 1314 altior
657 1252 808 1313 latioribus
832 1254 925 1330 loliis,
950 1253 1043 1314 altera
1053 1265 1091 1319 tt

55 1334 179 1413 {tenera}
196 1334 378 1394 tenuioribus
403 1343 433 1394 et
455 1337 582 1394 nonnisi
603 1339 633 1395 in
650 1338 797 1396 maritimis
815 1355 947 1398 nascens.
979 1345 1048 1397 sunt

53 1419 143 1494 quiin
153 1417 376 1477 mediterraneis
393 1418 498 1478 eodem
512 1421 627 1478 nomine
639 1419 800 1497 appellent,
811 1421 934 1499 simplici
949 1420 1045 1496 caule,

53 1503 184 1560 minumis
200 1502 292 1577 loliis,
308 1500 389 1561 floris
404 1502 521 1579 copiosi
535 1505 712 1580 erumpentis
724 1520 788 1563 cum
801 1521 856 1562 uva
867 1506 1045 1580 maturescit,

1 1584 146 1644 »tundore
169 1601 228 1644 non
242 1583 407 1660 iniucundo,
430 1602 513 1662 quam
527 1585 641 1663 quidam
661 1585 778 1662 botryo,
801 1587 850 1647 alii
872 1587 1045 1648 ambrosiam

0 1725 1 1742 2
51 1676 166 1727 vocant.
200 1668 267 1728 talis
281 1669 311 1727 iu
326 1665 509 1746 Cappadocia
524 1671 659 1730 nascitur.

1 1797 2 1800 7
112 1751 196 1828 (37.)
217 1751 383 1828 Nymphaea
408 1760 472 1811 nata
500 1751 622 1820 traditur
647 1752 768 1831 nympha
795 1753 942 1831 zelotypia
970 1771 1042 1830 erga
1052 1761 1087 1816 75

49 1833 206 1893 Herculem
218 1843 341 1910 mortua,
352 1869 389 1879 -
402 1851 492 1912 quare
504 1833 668 1895 Heracleon
680 1844 785 1896 vocant
799 1836 898 1913 aliqui,
914 1836 961 1895 aiii
978 1835 1045 1896 rho·

0 1989 1 1994 γ
52 1916 166 1995 palona
182 1917 279 1977 radice
294 1917 392 1976 clavae
408 1917 493 1977 simili
503 1953 553 1995 —,
566 1918 691 1996 ideoque
705 1936 757 1979 eos
774 1921 821 1997 qui
836 1919 965 1979 biberint
980 1937 1044 1979 eam

22 2001 203 2061 ttduodeeim
228 2001 329 2060 diebus
352 2003 430 2061 coitu
445 2003 637 2079 genituraque
654 2004 770 2081 privari.
804 2002 996 2062 laudatissima
1013 2005 1044 2060 in

52 2082 244 2144 Orchomenia
267 2093 297 2144 77
311 2081 488 2144 1177777777.
520 2084 625 2146 Β77777
646 2085 751 2145 mallon
770 2095 875 2146 777777
890 2093 921 2145 77
942 2103 1044 2146 semen

1 2212 3 2250 ,
52 2167 146 2228 edunt.
177 2169 305 2228 nascitur
320 2169 349 2227 in
365 2169 493 2245 aquosis,
515 2168 595 2228 ioliis
615 2171 725 2245 magnis
746 2170 775 2227 in
796 2181 990 2247 summaeque
1008 2177 1088 2233 7776

1 2327 2 2330 ¹
51 2250 112 2309 aliis
126 2269 166 2310 ex
177 2251 287 2325 radice,
303 2250 376 2310 dore
389 2251 451 2311 lilio
464 2251 548 2310 simili
561 2260 603 2329 et,
615 2269 678 2311 eum
689 2251 836 2327 defloruit,
849 2255 944 2330 capite
955 2271 1042 2330 papa·

1 2382 3 2400 ‚
51 2336 127 2393 veris
144 2332 217 2393 pnes
229 2334 319 2394 caule.
342 2342 458 2394 secatur
473 2343 606 2394 autumno
620 2335 703 2394 radix
717 2338 809 2412 nigra,
824 2337 853 2394 in
871 2335 1042 2394 771777777-

22 2427 44 2466 75
53 2423 105 2494 tur,
116 2417 288 2476 adversatur
298 2435 332 2478 ea
343 2417 399 2476 alvi
411 2417 513 2477 maiis.
533 2417 587 2476 Est
599 2417 695 2478 777177
708 2417 867 2494 nymphaea
878 2420 907 2477 in
917 2417 1043 2477 Thessa·

51 2498 95 2578 iia,
107 2519 193 2560 amne
205 2499 308 2578 Penio,
321 2500 417 2561 radice
433 2500 509 2576 alba,
520 2503 616 2578 eapite
631 2501 723 2577 luteo,
736 2517 822 2560 rosae
835 2500 1039 2576 magnitudine.

109 2581 194 2662 (38.)
210 2581 323 2643 invenit
338 2591 370 2643 et
385 2593 496 2662 patrum
510 2593 675 2644 nostrorum
688 2592 785 2644 aetate
799 2599 854 2642 rer
869 2582 938 2641 iubn
955 2599 1037 2660 quam
1047 2593 1084 2649 77

50 2667 207 2744 appellavit
231 2665 436 2744 Euphorbeam
461 2666 564 2726 medici
587 2669 631 2726 777
657 2669 780 2727 nomine.
818 2666 911 2724 irater
936 2666 961 2723 is
987 2665 1042 2724 init

50 2746 180 2810 Musaeo
200 2767 258 2827 quo
277 2750 372 2810 divom
388 2750 551 2828 Augustum
573 2758 774 2810 conservatum
795 2747 1000 2807 indicavimus
999 2767 1037 2808 7
1046 2768 1084 2802 res

23 2842 43 2883 n
53 2832 135 2892 iidem
156 2833 264 2892 iratres
285 2835 438 2894 instituere
454 2853 470 2893 a
486 2834 609 2893 balineis
624 2829 728 2931 iri'gida
743 2830 830 2890 multa
851 2845 977 2908 corpora
994 2829 1041 2890 ad-

51 2917 204 2994 stringere.
242 2912 326 2976 77777
353 2935 411 2976 777
433 2925 495 2977 7777
516 2933 579 2976 mos
606 2918 660 2975 nisi
686 2913 778 2974 eahda
803 2920 912 2972 tantum
937 2909 1039 2990 lehari,

50 2999 131 3060 sicuti
154 2999 254 3080 apud
246 2998 401 3060 iiomerum
421 3002 507 3060 etiam
529 3001 698 3068 invenimus.
729 2997 782 3056 sed
796 2995 886 3056 iubae
900 2997 1085 3064 volumenta

51 3097 164 3162 quoque
181 3073 278 3142 exstat
291 3083 328 3142 de
350 3101 386 3143 ea
406 3083 497 3143 herba
521 3091 551 3142 et
574 3083 696 3141 ciarum
703 3080 897 3157 praeconium.
929 3083 1041 3141 invenit

51 3182 109 3224 earn
131 3169 162 3226 iu
182 3175 280 3226 monte
297 3166 426 3242 Atlante,
450 3169 550 3245 specie
575 3165 678 3241 thyrsi,
700 3162 779 3222 771777
798 3162 965 3223 acanthinis.
994 3167 1041 3223 777

24 3252 124 3310 777777
152 3259 199 3310 777
227 3258 259 3309 77
284 3269 300 3309 7
327 3248 486 3327 longinquo
514 3267 598 3308 sucus
623 3247 792 3324 excipiatur.
832 3247 923 3305 ineisa
950 3256 1041 3306 conto

51 3331 160 3393 subitur
184 3332 326 3411 excipulis
350 3331 513 3393 ventriculo
539 3331 672 3391 haedino.
713 3347 796 3388 umor
822 3328 904 3387 lactis
924 3328 1044 3389 ridetur

52 3411 188 3478 deluere.
219 3419 344 3476 siccatus
359 3434 424 3478 eum
437 3417 525 3491 coiit,
544 3416 615 3474 turis
631 3413 759 3488 eliiglem
775 3411 870 3470 habet.
893 3413 943 3487 qui
959 3413 1045 3472 colli-

51 3508 117 3570 gunt
134 3501 240 3561 clarius
265 3499 371 3560 vident.
405 3508 506 3558 contra
530 3499 675 3576 serpentis
694 3494 836 3569 medetur,
859 3511 1052 3579 quacumque·
1101 3570 1107 3578 ..

98 3603 165 3645 7777.
185 3604 248 3646 777.
267 3604 336 3643 nisu.
352 3588 401 3643 IV.
857 3576 877 3635 6
