2430 3896
10 231 12 296 t
286 231 368 280 nar.
385 231 476 280 urar.
499 233 571 281 xvr.
588 231 708 284 at-—as-
726 224 867 300 (et—tr)
1019 225 1055 284 19

10 377 11 460 j
115 383 199 462 (40.)
231 382 304 446 Illos
324 395 371 446 est
385 387 463 464 pleni
478 389 557 448 veris
571 387 704 448 indioium
727 397 756 447 et
777 387 842 474 aqui
863 390 1054 466 renascentis,
1064 399 1098 454 95

10 467 11 538 ᾗ
60 469 109 528 dos
126 467 264 543 gaudium
286 467 431 530 arborum.
466 481 533 532 tuno
558 490 591 532 se
612 488 704 532 noras
723 471 855 549 aliasque
880 489 965 550 quam
992 482 1057 544 sunt

10 549 11 582 ³
60 552 224 627 ostendunt,
248 561 317 612 tuno
341 555 428 614 variis
453 555 584 617 colorum
606 555 728 632 picturis
747 556 774 614 in
796 563 942 616 certamen
962 574 1053 634 usque

10 701 11 704 Ἴ
60 636 204 694 luxuriant.
239 635 293 695 sed
310 635 367 696 hor
383 647 516 715 negatum
533 638 692 717 plerisque.
722 638 871 700 nonenim
887 656 986 700 omnes
1003 639 1054 699 llo·

41 727 131 793 arent,
153 727 184 778 et
205 727 273 778 sunt
295 722 394 780 tristes
417 721 557 798 quaedam
577 739 711 800 quaeque
732 739 789 784 non
808 724 931 782 sentiant
952 723 1055 800 gaudia

10 877 11 888 ,
59 818 198 862 aurorum.
233 821 408 882 nemusque
422 804 497 880 ilex,
514 805 616 884 pioea,
633 805 723 881 larix,
740 808 823 885 pinus
838 806 897 866 ullo
912 805 985 866 llore
1004 825 1053 866 ex·

10 909 12 954 t
57 886 210 948 hilarantur
243 888 385 948 natalisre
420 906 570 967 pomorum
604 905 714 950 annuos
752 890 925 951 versicolori
956 893 1053 950 nuntio

57 972 235 1048 promittunt,
267 989 323 1032 nee
350 971 398 1031 liei
427 981 514 1050 atqua
540 972 680 1050 oaprilici.
727 975 858 1051 protinus
888 975 962 1033 enim
996 974 1052 1033 iru-

10 1061 11 1106 t
58 1063 126 1114 etum
143 1072 199 1132 pro
219 1054 295 1115 llore
310 1056 437 1132 gignunt.
461 1057 489 1114 iu
506 1055 567 1116 iiois
583 1055 730 1116 mirabiles
749 1065 812 1116 suut
829 1065 857 1116 et
871 1057 988 1118 abortus
1005 1059 1053 1136 qui

10 1195 11 1200 ,
32 1157 202 1217 utrumquem
216 1146 424 1200 matureseunt.
452 1137 516 1200 Neo
538 1140 650 1218 iunipiri
673 1139 787 1200 dorent.
819 1139 932 1219 quidam
953 1151 1094 1206 earum96

10 1245 11 1288 t
57 1223 105 1282 duo
119 1241 233 1299 genera
248 1222 377 1283 tradunt:
398 1225 518 1284 alteram
532 1223 639 1284 derare
651 1241 708 1284 neo
722 1224 812 1298 ierne,
826 1241 900 1302 quae
912 1243 983 1285 vero
997 1243 1053 1285 non

56 1305 151 1366 durent
173 1306 254 1366 ierre
277 1308 407 1384 protinus
429 1308 510 1368 baois
536 1306 721 1368 nascentibus
743 1324 817 1385 quae
845 1306 960 1379 biennio
983 1309 1051 1368 hae·

10 1413 12 1464 t
55 1398 139 1450 raant.
163 1391 219 1452 sed
233 1390 262 1451 id
278 1390 392 1466 laisum,
410 1390 599 1468 omnibusque
612 1390 656 1452 lris
673 1390 744 1452 dura
755 1391 846 1451 iaoies
856 1409 981 1470 semper.
1008 1393 1051 1452 sio

10 1469 12 1554 l
57 1482 81 1532 et
93 1473 239 1534 hominum
251 1474 347 1534 multis
361 1475 474 1534 fortuna
489 1476 550 1534 sine
568 1473 641 1533 llore
659 1483 713 1534 est.

10 1571 12 1634 p
33 1577 51 1616 o
111 1557 198 1636 (tt.)
228 1553 335 1618 Omnes
356 1568 450 1619 autem
472 1559 647 1636 germinant,
669 1559 754 1618 etiam
771 1575 844 1636 quae
863 1575 920 1618 non
934 1557 1049 1634 llorent,
1058 1566 1092 1621 97

10 1635 12 1718 Ι
56 1658 150 1718 nequa
166 1649 196 1702 et
213 1640 345 1702 locorum
366 1643 544 1717 dilierentia,
563 1643 670 1721 quippe
688 1659 751 1701 oum
767 1659 805 1700 ex
820 1641 924 1701 eodem
938 1659 1050 1717 genere

10 1719 12 1802 l
57 1743 122 1802 quae
140 1727 250 1785 suntin
265 1725 441 1804 palustribus
462 1728 561 1805 priora
580 1726 758 1801 germinent,
781 1742 848 1784 mon
864 1727 1048 1802 campestria,

10 1815 12 1918 p
57 1810 205 1868 norissima
220 1808 249 1868 iu
266 1809 360 1882 silvis,
377 1828 479 1889 perse
495 1818 589 1868 autem
605 1808 713 1869 tardius
726 1810 782 1886 piri
797 1809 949 1869 silvestres
966 1825 1050 1886 qnam

10 1921 12 1964 t
58 1901 157 1954 uetera.
186 1893 281 1971 primo
297 1894 415 1954 favonio
429 1910 544 1968 cornus,
555 1909 694 1972 proxume
709 1892 806 1952 laurus
822 1892 967 1971 pauloque
984 1901 1049 1966 ante

11 2027 12 2032 ,
33 1978 261 2054 aaeqmnootium
276 1977 353 2052 tilia,
373 1995 459 2054 noer,
481 1979 555 2037 inter
577 1977 682 2055 primas
699 1994 770 2036 vero
786 1976 928 2054 populns,
945 1975 1047 2050 ulmus,

11 2055 12 2128 J
58 2059 139 2136 salin,
158 2060 261 2135 alnus,
277 2078 377 2121 nnees.
403 2061 519 2121 iestinat
538 2069 567 2120 et
587 2061 728 2138 platanus.
759 2068 877 2120 ceterae
889 2077 961 2119 vere
978 2076 1045 2118 eoe·
1056 2068 1090 2122 98
1190 2111 1192 2114 .

11 2159 12 2208 ξ
58 2151 150 2220 pturo,
167 2143 355 2222 aquifolium,
371 2144 572 2218 terebinthus,
587 2143 731 2222 paliurus,
747 2153 898 2218 castanea,
914 2142 1047 2219 glandes,

11 2221 13 2300 ῗ
58 2229 176 2288 serotino
193 2237 287 2288 autem
300 2228 545 2305 germinemalus,
561 2227 724 2288 tardissimo
742 2226 840 2286 suber.
872 2224 1048 2300 Quibusdam

11 2309 12 2322 ¹
58 2313 223 2386 germinatur
238 2313 422 2389 germinatio,
436 2313 522 2372 nimia
536 2311 592 2370 soli
605 2310 736 2371 ubertate
756 2319 804 2370 aut
818 2311 961 2370 invitantis
974 2308 1048 2368 eaeli

35 2394 214 2473 avoluptate,
239 2395 317 2473 quod
333 2397 425 2472 magis
445 2394 587 2454 inberbis
605 2403 738 2472 segetum
757 2395 863 2454 evenit.
893 2394 922 2452 in
937 2392 1046 2452 arbori·

60 2475 104 2538 bus
120 2488 216 2540 tamen
232 2479 318 2538 nimia
334 2479 506 2556 germinatio
522 2477 685 2538 elasseseit.
717 2479 788 2538 Sunt
808 2477 882 2537 aliae
900 2475 1045 2536 naturales
1055 2483 1089 2538 99

60 2561 216 2638 quibusdam
233 2571 410 2642 praeterque
428 2579 562 2636 vernam,
586 2579 661 2638 qnae
675 2563 735 2622 suis
753 2569 885 2621 constant
904 2558 1046 2619 sideribus

60 2662 167 2721 quorum
181 2649 256 2706 ratio
271 2648 365 2726 aptius
381 2647 519 2706 reddetur
533 2647 618 2705 tertio
637 2645 673 2706 ab
689 2645 746 2706 boo
766 2645 920 2728 volumine.
951 2641 992 2701 hi·
1004 2639 1088 2726 „lfflqffi

59 2725 137 2789 berna
152 2732 266 2808 aquilae
283 2739 405 2806 exortu,
420 2731 532 2790 aestiva
549 2730 627 2789 oanis
644 2739 725 2804 ortu,
746 2729 831 2789 tertia
849 2727 963 2787 arcturi.
994 2724 1045 2784 bas

36 2811 121 2875 aduas
138 2815 250 2892 quidam
265 2813 398 2874 omnibns
412 2812 564 2874 arboribus
581 2814 738 2873 eommunis
753 2820 867 2890 putant,
884 2810 983 2870 sentiri
998 2827 1045 2868 au-

60 2902 109 2956 tem
121 2915 250 2958 maxume
269 2900 299 2957 in
315 2898 388 2971 lieu,
403 2899 479 2972 vite,
496 2897 626 2975 punicis,
644 2914 760 2956 oausam
775 2895 958 2970 adferentes,
976 2909 1045 2970 quo·

61 2980 124 3038 mam
142 2983 169 3042 in
190 2981 343 3043 l'bessalia
363 2979 592 3059 Macedoniaque
616 2980 747 3058 pluruma
775 2987 833 3038 tum
854 2977 926 3037 fieus
948 2984 1045 3036 exeat.

62 3079 176 3126 maxuma
190 3075 288 3127 tamen
301 3066 331 3124 in
344 3064 482 3144 Aegypto
504 3063 624 3142 adparet
639 3064 714 3124 haee
728 3063 812 3122 ratio.
846 3060 883 3121 Et
896 3061 1028 3139 reliquae
1038 3067 1088 3122 loo

63 3148 159 3222 quidem
176 3150 319 3224 arbores,
341 3156 371 3208 ut
385 3150 505 3228 primum
520 3164 665 3226 coepere,
685 3147 848 3206 continuant
863 3143 1045 3221 germinatio-

37 3244 131 3309 unetn,
148 3235 236 3296 robur
258 3243 289 3294 et
312 3232 395 3293 abies
417 3241 445 3292 et
461 3232 535 3292 larix
549 3233 736 3292 intermittunt
753 3230 897 3308 tripertito
914 3245 948 3287 ae
964 3235 1046 3286 terna

63 3320 172 3389 germina
186 3320 287 3380 edunt.
320 3317 386 3376 ideo
403 3324 433 3376 et
447 3325 492 3376 ter
505 3332 638 3393 squamas
652 3316 790 3374 oortioum
806 3320 955 3391 spargunt,
969 3308 1045 3388 quod

63 3401 174 3463 omuibus
189 3400 345 3464 arboribus
361 3402 388 3460 io
405 3401 614 3478 germinatione
629 3399 736 3475 evenit,
753 3399 887 3476 quoniam
902 3410 1044 3472 praequa-

62 3482 117 3544 tium
131 3489 268 3566 rumpitur
286 3493 398 3546 cortex.
429 3492 474 3543 est
485 3492 579 3543 autem
590 3485 680 3560 prima
695 3499 791 3542 earum
805 3481 960 3620 ino2ipieute
973 3494 1044 3535 vere
