<?xml version="1.0" encoding="UTF-8"?>
<!DOCTYPE html PUBLIC "-//W3C//DTD XHTML 1.0 Transitional//EN"
    "http://www.w3.org/TR/xhtml1/DTD/xhtml1-transitional.dtd">
<html xmlns="http://www.w3.org/1999/xhtml" xml:lang="en" lang="en">
 <head>
  <title>
</title>
<meta http-equiv="Content-Type" content="text/html;charset=utf-8" />
  <meta name='ocr-system' content='tesseract 3.04.00' />
  <meta name='ocr-capabilities' content='ocr_page ocr_carea ocr_par ocr_line ocrx_word'/>
</head>
<body>
  <div class='ocr_page' id='page_1' title='image "./naturalishistor00plingoog/naturalishistor00plingoog_0625.png"; bbox 0 0 2508 3924; ppageno 0'>
   <div class='ocr_carea' id='block_1_1' title="bbox 20 184 1111 3512">
    <p class='ocr_par' dir='ltr' id='par_1_1' title="bbox 89 184 1111 682">
     <span class='ocr_line' id='line_1_1' title="bbox 312 184 1069 270; baseline 0.008 -22"><span class='ocrx_word' id='word_1_1' title='bbox 312 202 391 250; x_wconf 82' lang='lat' dir='ltr'><strong>unu.</strong></span> <span class='ocrx_word' id='word_1_2' title='bbox 406 201 496 249; x_wconf 79' lang='lat' dir='ltr'><strong>arar.</strong></span> <span class='ocrx_word' id='word_1_3' title='bbox 513 202 609 248; x_wconf 83' lang='lat' dir='ltr'><strong>xxrx.</strong></span> <span class='ocrx_word' id='word_1_4' title='bbox 625 184 651 250; x_wconf 81' lang='lat' dir='ltr'><strong>a&#39;.</strong></span> <span class='ocrx_word' id='word_1_5' title='bbox 666 201 692 253; x_wconf 88' lang='lat' dir='ltr'><strong>a.</strong></span> <span class='ocrx_word' id='word_1_6' title='bbox 709 189 837 270; x_wconf 81' lang='lat'><strong>(9-11.)</strong></span> <span class='ocrx_word' id='word_1_7' title='bbox 1008 189 1069 254; x_wconf 81' lang='lat'><strong>213</strong></span> 
     </span>
     <span class='ocr_line' id='line_1_2' title="bbox 89 353 1111 436; baseline 0.001 -20"><span class='ocrx_word' id='word_1_8' title='bbox 89 354 297 430; x_wconf 82' lang='lat' dir='ltr'><strong>actralucida,</strong></span> <span class='ocrx_word' id='word_1_9' title='bbox 320 362 376 414; x_wconf 89' lang='lat' dir='ltr'><strong>tum</strong></span> <span class='ocrx_word' id='word_1_10' title='bbox 399 355 427 414; x_wconf 92' lang='lat' dir='ltr'><strong>in</strong></span> <span class='ocrx_word' id='word_1_11' title='bbox 447 363 565 431; x_wconf 84' lang='lat' dir='ltr'><strong>stagnea</strong></span> <span class='ocrx_word' id='word_1_12' title='bbox 587 353 693 432; x_wconf 78' lang='lat' dir='ltr'>pyxide</span> <span class='ocrx_word' id='word_1_13' title='bbox 714 356 853 416; x_wconf 87' lang='lat' dir='ltr'><strong>conditur.</strong></span> <span class='ocrx_word' id='word_1_14' title='bbox 883 357 1014 436; x_wconf 89' lang='lat' dir='ltr'><strong>probatio</strong></span> <span class='ocrx_word' id='word_1_15' title='bbox 1038 367 1067 418; x_wconf 91' lang='lat' dir='ltr'><strong>ut</strong></span> <span class='ocrx_word' id='word_1_16' title='bbox 1078 369 1111 424; x_wconf 84' lang='lat'><strong>36</strong></span> 
     </span>
     <span class='ocr_line' id='line_1_3' title="bbox 89 439 1070 520; baseline 0 -20"><span class='ocrx_word' id='word_1_17' title='bbox 89 439 214 500; x_wconf 84' lang='lat' dir='ltr'><strong>sordium</strong></span> <span class='ocrx_word' id='word_1_18' title='bbox 233 441 310 498; x_wconf 88' lang='lat' dir='ltr'><strong>virus</strong></span> <span class='ocrx_word' id='word_1_19' title='bbox 326 440 405 498; x_wconf 90' lang='lat' dir='ltr'><strong>oleat</strong></span> <span class='ocrx_word' id='word_1_20' title='bbox 420 447 448 496; x_wconf 88' lang='lat' dir='ltr'><strong>et</strong></span> <span class='ocrx_word' id='word_1_21' title='bbox 463 457 545 498; x_wconf 91' lang='lat' dir='ltr'><strong>manu</strong></span> <span class='ocrx_word' id='word_1_22' title='bbox 569 439 689 497; x_wconf 86' lang='lat' dir='ltr'><strong>fricante</strong></span> <span class='ocrx_word' id='word_1_23' title='bbox 715 457 752 498; x_wconf 84' lang='lat' dir='ltr'><strong>ex</strong></span> <span class='ocrx_word' id='word_1_24' title='bbox 772 457 845 516; x_wconf 90' lang='lat' dir='ltr'><strong>aqua</strong></span> <span class='ocrx_word' id='word_1_25' title='bbox 867 459 923 500; x_wconf 91' lang='lat' dir='ltr'><strong>non</strong></span> <span class='ocrx_word' id='word_1_26' title='bbox 946 443 1070 520; x_wconf 85' lang='lat' dir='ltr'><strong>liquatur</strong></span> 
     </span>
     <span class='ocr_line' id='line_1_4' title="bbox 89 521 1068 585; baseline 0.002 -3"><span class='ocrx_word' id='word_1_27' title='bbox 89 523 141 582; x_wconf 85' lang='lat' dir='ltr'><strong>sed</strong></span> <span class='ocrx_word' id='word_1_28' title='bbox 157 522 287 581; x_wconf 81' lang='lat' dir='ltr'><strong>albescat</strong></span> <span class='ocrx_word' id='word_1_29' title='bbox 303 530 332 580; x_wconf 91' lang='lat' dir='ltr'><strong>ut</strong></span> <span class='ocrx_word' id='word_1_30' title='bbox 348 539 474 582; x_wconf 76' lang='lat' dir='ltr'>cerussa.</span> <span class='ocrx_word' id='word_1_31' title='bbox 507 521 599 581; x_wconf 90' lang='lat' dir='ltr'><strong>oculis</strong></span> <span class='ocrx_word' id='word_1_32' title='bbox 614 521 789 581; x_wconf 87' lang='lat' dir='ltr'><strong>utilissimum</strong></span> <span class='ocrx_word' id='word_1_33' title='bbox 806 533 904 584; x_wconf 89' lang='lat' dir='ltr'><strong>contra</strong></span> <span class='ocrx_word' id='word_1_34' title='bbox 918 526 1068 585; x_wconf 90' lang='lat' dir='ltr'><strong>iollamma·</strong></span> 
     </span>
     <span class='ocr_line' id='line_1_5' title="bbox 89 604 1070 682; baseline 0.003 -17"><span class='ocrx_word' id='word_1_35' title='bbox 89 608 184 666; x_wconf 89' lang='lat' dir='ltr'><strong>tiones</strong></span> <span class='ocrx_word' id='word_1_36' title='bbox 205 622 399 682; x_wconf 83' lang='lat' dir='ltr'>genarumque</span> <span class='ocrx_word' id='word_1_37' title='bbox 421 604 533 664; x_wconf 89' lang='lat' dir='ltr'><strong>callum.</strong></span> <span class='ocrx_word' id='word_1_38' title='bbox 568 604 680 682; x_wconf 90' lang='lat' dir='ltr'><strong>quidam</strong></span> <span class='ocrx_word' id='word_1_39' title='bbox 700 607 728 663; x_wconf 90' lang='lat' dir='ltr'><strong>iu</strong></span> <span class='ocrx_word' id='word_1_40' title='bbox 750 615 824 666; x_wconf 88' lang='lat' dir='ltr'><strong>testa</strong></span> <span class='ocrx_word' id='word_1_41' title='bbox 847 616 956 669; x_wconf 87' lang='lat' dir='ltr'><strong>torrent</strong></span> <span class='ocrx_word' id='word_1_42' title='bbox 978 608 1070 668; x_wconf 85' lang='lat' dir='ltr'><strong>donec</strong></span> 
     </span>
    </p>

    <p class='ocr_par' dir='ltr' id='par_1_2' title="bbox 62 688 1110 1100">
     <span class='ocr_line' id='line_1_6' title="bbox 62 688 1068 768; baseline -0.002 -18"><span class='ocrx_word' id='word_1_43' title='bbox 62 711 75 751; x_wconf 83' lang='lat' dir='ltr'><strong>a</strong></span> <span class='ocrx_word' id='word_1_44' title='bbox 89 688 312 768; x_wconf 90' lang='lat' dir='ltr'><strong>pinguitudinem</strong></span> <span class='ocrx_word' id='word_1_45' title='bbox 328 689 449 762; x_wconf 79' lang='lat' dir='ltr'><strong>amittat,</strong></span> <span class='ocrx_word' id='word_1_46' title='bbox 470 689 565 747; x_wconf 90' lang='lat' dir='ltr'><strong>utilius</strong></span> <span class='ocrx_word' id='word_1_47' title='bbox 582 689 639 747; x_wconf 94' lang='lat' dir='ltr'><strong>tale</strong></span> <span class='ocrx_word' id='word_1_48' title='bbox 656 691 848 748; x_wconf 75' lang='lat' dir='ltr'><strong>existimantes</strong></span> <span class='ocrx_word' id='word_1_49' title='bbox 864 694 957 752; x_wconf 89' lang='lat' dir='ltr'><strong>erosis</strong></span> <span class='ocrx_word' id='word_1_50' title='bbox 979 700 1008 751; x_wconf 89' lang='lat' dir='ltr'><strong>et</strong></span> <span class='ocrx_word' id='word_1_51' title='bbox 1021 691 1068 750; x_wconf 93' lang='lat' dir='ltr'><strong>du-</strong></span> 
     </span>
     <span class='ocr_line' id='line_1_7' title="bbox 88 771 1110 848; baseline 0.006 -17"><span class='ocrx_word' id='word_1_52' title='bbox 88 774 128 832; x_wconf 91' lang='lat' dir='ltr'><strong>ris</strong></span> <span class='ocrx_word' id='word_1_53' title='bbox 144 773 237 848; x_wconf 87' lang='lat' dir='ltr'><strong>gehis‚</strong></span> <span class='ocrx_word' id='word_1_54' title='bbox 256 771 365 847; x_wconf 80' lang='lat' dir='ltr'><strong>angulis</strong></span> <span class='ocrx_word' id='word_1_55' title='bbox 377 771 517 830; x_wconf 83' lang='lat' dir='ltr'><strong>scabiosis</strong></span> <span class='ocrx_word' id='word_1_56' title='bbox 531 781 560 830; x_wconf 90' lang='lat' dir='ltr'><strong>et</strong></span> <span class='ocrx_word' id='word_1_57' title='bbox 574 771 794 831; x_wconf 84' lang='lat' dir='ltr'><strong>lacrimantibus.</strong></span> <span class='ocrx_word' id='word_1_58' title='bbox 819 774 917 833; x_wconf 90' lang='lat' dir='ltr'><strong>ulcera</strong></span> <span class='ocrx_word' id='word_1_59' title='bbox 931 793 987 834; x_wconf 95' lang='lat' dir='ltr'><strong>non</strong></span> <span class='ocrx_word' id='word_1_60' title='bbox 999 792 1064 834; x_wconf 87' lang='lat' dir='ltr'><strong>ocu·</strong></span> <span class='ocrx_word' id='word_1_61' title='bbox 1077 783 1110 839; x_wconf 79' lang='lat' dir='ltr'><strong>at</strong></span> 
     </span>
     <span class='ocr_line' id='line_1_8' title="bbox 89 851 1069 931; baseline 0 -15"><span class='ocrx_word' id='word_1_62' title='bbox 89 857 181 916; x_wconf 90' lang='lat' dir='ltr'><strong>lorum</strong></span> <span class='ocrx_word' id='word_1_63' title='bbox 195 851 281 912; x_wconf 91' lang='lat' dir='ltr'><strong>modo</strong></span> <span class='ocrx_word' id='word_1_64' title='bbox 300 863 380 913; x_wconf 91' lang='lat' dir='ltr'><strong>sanat</strong></span> <span class='ocrx_word' id='word_1_65' title='bbox 397 855 448 913; x_wconf 88' lang='lat' dir='ltr'><strong>sed</strong></span> <span class='ocrx_word' id='word_1_66' title='bbox 463 856 522 913; x_wconf 92' lang='lat' dir='ltr'><strong>oris</strong></span> <span class='ocrx_word' id='word_1_67' title='bbox 537 857 621 914; x_wconf 91' lang='lat' dir='ltr'><strong>etiam</strong></span> <span class='ocrx_word' id='word_1_68' title='bbox 637 863 665 913; x_wconf 87' lang='lat' dir='ltr'><strong>et</strong></span> <span class='ocrx_word' id='word_1_69' title='bbox 678 856 841 931; x_wconf 86' lang='lat' dir='ltr'><strong>genitalium</strong></span> <span class='ocrx_word' id='word_1_70' title='bbox 857 876 920 916; x_wconf 88' lang='lat' dir='ltr'><strong>cum</strong></span> <span class='ocrx_word' id='word_1_71' title='bbox 937 859 1069 917; x_wconf 89' lang='lat' dir='ltr'><strong>anserino</strong></span> 
     </span>
     <span class='ocr_line' id='line_1_9' title="bbox 88 937 1069 1016; baseline 0.004 -19"><span class='ocrx_word' id='word_1_72' title='bbox 88 938 183 1016; x_wconf 86' lang='lat' dir='ltr'><strong>adipe.</strong></span> <span class='ocrx_word' id='word_1_73' title='bbox 225 937 355 996; x_wconf 89' lang='lat' dir='ltr'><strong>medetur</strong></span> <span class='ocrx_word' id='word_1_74' title='bbox 370 945 398 995; x_wconf 93' lang='lat' dir='ltr'><strong>et</strong></span> <span class='ocrx_word' id='word_1_75' title='bbox 413 937 517 998; x_wconf 86' lang='lat' dir='ltr'><strong>volvae</strong></span> <span class='ocrx_word' id='word_1_76' title='bbox 534 937 795 998; x_wconf 81' lang='lat' dir='ltr'><strong>inflammationibus</strong></span> <span class='ocrx_word' id='word_1_77' title='bbox 821 948 850 998; x_wconf 95' lang='lat' dir='ltr'><strong>et</strong></span> <span class='ocrx_word' id='word_1_78' title='bbox 871 942 948 1000; x_wconf 90' lang='lat' dir='ltr'><strong>sedis</strong></span> <span class='ocrx_word' id='word_1_79' title='bbox 969 940 1069 1016; x_wconf 90' lang='lat' dir='ltr'><strong>rhaga-</strong></span> 
     </span>
     <span class='ocr_line' id='line_1_10' title="bbox 88 1020 1069 1100; baseline 0.003 -20"><span class='ocrx_word' id='word_1_80' title='bbox 88 1022 143 1080; x_wconf 85' lang='lat' dir='ltr'><strong>diis</strong></span> <span class='ocrx_word' id='word_1_81' title='bbox 157 1028 187 1079; x_wconf 89' lang='lat' dir='ltr'><strong>et</strong></span> <span class='ocrx_word' id='word_1_82' title='bbox 203 1020 412 1094; x_wconf 83' lang='lat' dir='ltr'><strong>condylomatis</strong></span> <span class='ocrx_word' id='word_1_83' title='bbox 428 1038 490 1079; x_wconf 90' lang='lat' dir='ltr'><strong>curn</strong></span> <span class='ocrx_word' id='word_1_84' title='bbox 510 1022 639 1081; x_wconf 88' lang='lat' dir='ltr'><strong>meliloto</strong></span> <span class='ocrx_word' id='word_1_85' title='bbox 661 1039 695 1080; x_wconf 93' lang='lat' dir='ltr'><strong>ac</strong></span> <span class='ocrx_word' id='word_1_86' title='bbox 714 1021 827 1095; x_wconf 79' lang='lat' dir='ltr'><strong>butyro.</strong></span> <span class='ocrx_word' id='word_1_87' title='bbox 856 1024 985 1100; x_wconf 86' lang='lat' dir='ltr'><strong>reliquos</strong></span> <span class='ocrx_word' id='word_1_88' title='bbox 1002 1042 1069 1084; x_wconf 89' lang='lat' dir='ltr'><strong>usus</strong></span> 
     </span>
    </p>

    <p class='ocr_par' dir='ltr' id='par_1_3' title="bbox 55 1103 1111 1516">
     <span class='ocr_line' id='line_1_11' title="bbox 55 1103 1069 1183; baseline 0.003 -20"><span class='ocrx_word' id='word_1_89' title='bbox 55 1105 151 1169; x_wconf 70' lang='lat' dir='ltr'><strong>socius</strong></span> <span class='ocrx_word' id='word_1_90' title='bbox 171 1121 223 1162; x_wconf 85' lang='lat' dir='ltr'><strong>suo</strong></span> <span class='ocrx_word' id='word_1_91' title='bbox 239 1103 306 1162; x_wconf 92' lang='lat' dir='ltr'><strong>loco</strong></span> <span class='ocrx_word' id='word_1_92' title='bbox 326 1104 499 1180; x_wconf 86' lang='lat' dir='ltr'><strong>digeremus.</strong></span> <span class='ocrx_word' id='word_1_93' title='bbox 526 1105 628 1164; x_wconf 88' lang='lat' dir='ltr'><strong>sordes</strong></span> <span class='ocrx_word' id='word_1_94' title='bbox 651 1122 765 1183; x_wconf 84' lang='lat' dir='ltr'><strong>quoque</strong></span> <span class='ocrx_word' id='word_1_95' title='bbox 784 1105 934 1166; x_wconf 90' lang='lat' dir='ltr'><strong>caudarum</strong></span> <span class='ocrx_word' id='word_1_96' title='bbox 951 1124 1069 1166; x_wconf 89' lang='lat' dir='ltr'><strong>concre-</strong></span> 
     </span>
     <span class='ocr_line' id='line_1_12' title="bbox 92 1186 1068 1265; baseline 0.003 -19"><span class='ocrx_word' id='word_1_97' title='bbox 92 1196 139 1246; x_wconf 88' lang='lat' dir='ltr'><strong>tae</strong></span> <span class='ocrx_word' id='word_1_98' title='bbox 159 1187 186 1244; x_wconf 92' lang='lat' dir='ltr'><strong>iu</strong></span> <span class='ocrx_word' id='word_1_99' title='bbox 201 1186 304 1265; x_wconf 89' lang='lat' dir='ltr'><strong>pilulas</strong></span> <span class='ocrx_word' id='word_1_100' title='bbox 320 1187 446 1246; x_wconf 88' lang='lat' dir='ltr'><strong>siccatae</strong></span> <span class='ocrx_word' id='word_1_101' title='bbox 467 1206 575 1265; x_wconf 89' lang='lat' dir='ltr'><strong>perse</strong></span> <span class='ocrx_word' id='word_1_102' title='bbox 589 1197 747 1265; x_wconf 89' lang='lat' dir='ltr'><strong>tunsaeque</strong></span> <span class='ocrx_word' id='word_1_103' title='bbox 767 1188 796 1246; x_wconf 93' lang='lat' dir='ltr'><strong>in</strong></span> <span class='ocrx_word' id='word_1_104' title='bbox 819 1189 936 1248; x_wconf 80' lang='lat' dir='ltr'><strong>farinam</strong></span> <span class='ocrx_word' id='word_1_105' title='bbox 957 1200 985 1250; x_wconf 93' lang='lat' dir='ltr'><strong>et</strong></span> <span class='ocrx_word' id='word_1_106' title='bbox 1006 1190 1068 1249; x_wconf 90' lang='lat' dir='ltr'><strong>inli-</strong></span> 
     </span>
     <span class='ocr_line' id='line_1_13' title="bbox 90 1269 1069 1351; baseline 0 -20"><span class='ocrx_word' id='word_1_107' title='bbox 90 1281 137 1331; x_wconf 87' lang='lat' dir='ltr'><strong>tae</strong></span> <span class='ocrx_word' id='word_1_108' title='bbox 154 1269 284 1328; x_wconf 89' lang='lat' dir='ltr'><strong>dentibus</strong></span> <span class='ocrx_word' id='word_1_109' title='bbox 299 1272 369 1328; x_wconf 87' lang='lat' dir='ltr'><strong>mire</strong></span> <span class='ocrx_word' id='word_1_110' title='bbox 386 1280 520 1348; x_wconf 86' lang='lat' dir='ltr'><strong>prosunt,</strong></span> <span class='ocrx_word' id='word_1_111' title='bbox 538 1273 622 1330; x_wconf 90' lang='lat' dir='ltr'><strong>ctiam</strong></span> <span class='ocrx_word' id='word_1_112' title='bbox 637 1269 814 1348; x_wconf 80' lang='lat' dir='ltr'><strong>labantibus,</strong></span> <span class='ocrx_word' id='word_1_113' title='bbox 836 1274 1029 1351; x_wconf 85' lang='lat' dir='ltr'><strong>gingivisque‚</strong></span> <span class='ocrx_word' id='word_1_114' title='bbox 1046 1272 1069 1332; x_wconf 89' lang='lat' dir='ltr'><strong>si</strong></span> 
     </span>
     <span class='ocr_line' id='line_1_14' title="bbox 87 1353 1111 1434; baseline 0.003 -21"><span class='ocrx_word' id='word_1_115' title='bbox 87 1357 252 1414; x_wconf 88' lang='lat' dir='ltr'><strong>carcinoma</strong></span> <span class='ocrx_word' id='word_1_116' title='bbox 267 1361 374 1430; x_wconf 89' lang='lat' dir='ltr'><strong>serpat.</strong></span> <span class='ocrx_word' id='word_1_117' title='bbox 402 1353 457 1412; x_wconf 88' lang='lat' dir='ltr'><strong>ianr</strong></span> <span class='ocrx_word' id='word_1_118' title='bbox 471 1371 542 1413; x_wconf 91' lang='lat' dir='ltr'><strong>vero</strong></span> <span class='ocrx_word' id='word_1_119' title='bbox 559 1373 628 1431; x_wconf 92' lang='lat' dir='ltr'><strong>pura</strong></span> <span class='ocrx_word' id='word_1_120' title='bbox 643 1354 754 1413; x_wconf 86' lang='lat' dir='ltr'><strong>vellera</strong></span> <span class='ocrx_word' id='word_1_121' title='bbox 769 1364 816 1414; x_wconf 92' lang='lat' dir='ltr'><strong>aut</strong></span> <span class='ocrx_word' id='word_1_122' title='bbox 830 1373 883 1434; x_wconf 91' lang='lat' dir='ltr'><strong>per</strong></span> <span class='ocrx_word' id='word_1_123' title='bbox 898 1375 929 1415; x_wconf 93' lang='lat' dir='ltr'><strong>se</strong></span> <span class='ocrx_word' id='word_1_124' title='bbox 944 1358 1067 1433; x_wconf 89' lang='lat' dir='ltr'><strong>inposita</strong></span> <span class='ocrx_word' id='word_1_125' title='bbox 1077 1368 1111 1422; x_wconf 82' lang='lat'><strong>38</strong></span> 
     </span>
     <span class='ocr_line' id='line_1_15' title="bbox 87 1435 1069 1516; baseline 0.003 -19"><span class='ocrx_word' id='word_1_126' title='bbox 87 1437 185 1497; x_wconf 84' lang='lat' dir='ltr'><strong>caecis</strong></span> <span class='ocrx_word' id='word_1_127' title='bbox 201 1435 348 1496; x_wconf 90' lang='lat' dir='ltr'><strong>doloribus</strong></span> <span class='ocrx_word' id='word_1_128' title='bbox 362 1445 410 1494; x_wconf 93' lang='lat' dir='ltr'><strong>aut</strong></span> <span class='ocrx_word' id='word_1_129' title='bbox 424 1447 546 1513; x_wconf 88' lang='lat' dir='ltr'><strong>accepto</strong></span> <span class='ocrx_word' id='word_1_130' title='bbox 562 1437 695 1515; x_wconf 85' lang='lat' dir='ltr'><strong>sulpure,</strong></span> <span class='ocrx_word' id='word_1_131' title='bbox 717 1447 746 1497; x_wconf 94' lang='lat' dir='ltr'><strong>et</strong></span> <span class='ocrx_word' id='word_1_132' title='bbox 762 1439 832 1498; x_wconf 84' lang='lat' dir='ltr'><strong>cinis</strong></span> <span class='ocrx_word' id='word_1_133' title='bbox 847 1458 945 1499; x_wconf 89' lang='lat' dir='ltr'><strong>eorum</strong></span> <span class='ocrx_word' id='word_1_134' title='bbox 961 1441 1069 1516; x_wconf 88' lang='lat' dir='ltr'><strong>genita·</strong></span> 
     </span>
    </p>

    <p class='ocr_par' dir='ltr' id='par_1_4' title="bbox 53 1521 1094 1850">
     <span class='ocr_line' id='line_1_16' title="bbox 53 1521 1069 1601; baseline 0.002 -21"><span class='ocrx_word' id='word_1_135' title='bbox 53 1521 155 1585; x_wconf 70' lang='lat' dir='ltr'><strong>talium</strong></span> <span class='ocrx_word' id='word_1_136' title='bbox 166 1521 253 1598; x_wconf 83' lang='lat' dir='ltr'><strong>vitiis,</strong></span> <span class='ocrx_word' id='word_1_137' title='bbox 270 1529 432 1596; x_wconf 87' lang='lat' dir='ltr'><strong>tantumque</strong></span> <span class='ocrx_word' id='word_1_138' title='bbox 444 1521 555 1598; x_wconf 90' lang='lat' dir='ltr'><strong>polleat</strong></span> <span class='ocrx_word' id='word_1_139' title='bbox 568 1530 598 1579; x_wconf 92' lang='lat' dir='ltr'><strong>ut</strong></span> <span class='ocrx_word' id='word_1_140' title='bbox 612 1521 826 1590; x_wconf 84' lang='lat' dir='ltr'><strong>medicamentis</strong></span> <span class='ocrx_word' id='word_1_141' title='bbox 840 1541 954 1601; x_wconf 89' lang='lat' dir='ltr'><strong>quoque</strong></span> <span class='ocrx_word' id='word_1_142' title='bbox 969 1541 1069 1601; x_wconf 90' lang='lat' dir='ltr'><strong>super-</strong></span> 
     </span>
     <span class='ocr_line' id='line_1_17' title="bbox 87 1604 1068 1684; baseline 0.005 -23"><span class='ocrx_word' id='word_1_143' title='bbox 87 1611 238 1683; x_wconf 87' lang='lat' dir='ltr'><strong>ponantur.</strong></span> <span class='ocrx_word' id='word_1_144' title='bbox 271 1604 419 1663; x_wconf 87' lang='lat' dir='ltr'><strong>medentur</strong></span> <span class='ocrx_word' id='word_1_145' title='bbox 441 1613 506 1662; x_wconf 90' lang='lat' dir='ltr'><strong>anto</strong></span> <span class='ocrx_word' id='word_1_146' title='bbox 527 1605 618 1662; x_wconf 90' lang='lat' dir='ltr'><strong>omnia</strong></span> <span class='ocrx_word' id='word_1_147' title='bbox 641 1614 669 1664; x_wconf 92' lang='lat' dir='ltr'><strong>et</strong></span> <span class='ocrx_word' id='word_1_148' title='bbox 688 1606 789 1683; x_wconf 85' lang='lat' dir='ltr'><strong>pecori</strong></span> <span class='ocrx_word' id='word_1_149' title='bbox 805 1607 878 1684; x_wconf 84' lang='lat' dir='ltr'><strong>ipsi,</strong></span> <span class='ocrx_word' id='word_1_150' title='bbox 908 1607 932 1665; x_wconf 95' lang='lat' dir='ltr'><strong>si</strong></span> <span class='ocrx_word' id='word_1_151' title='bbox 955 1606 1068 1666; x_wconf 87' lang='lat' dir='ltr'><strong>fastidio</strong></span> 
     </span>
     <span class='ocr_line' id='line_1_18' title="bbox 86 1685 1068 1767; baseline 0.005 -22"><span class='ocrx_word' id='word_1_152' title='bbox 86 1704 145 1745; x_wconf 93' lang='lat' dir='ltr'><strong>non</strong></span> <span class='ocrx_word' id='word_1_153' title='bbox 156 1695 318 1765; x_wconf 88' lang='lat' dir='ltr'><strong>pascantur.</strong></span> <span class='ocrx_word' id='word_1_154' title='bbox 341 1685 430 1746; x_wconf 92' lang='lat' dir='ltr'><strong>cauda</strong></span> <span class='ocrx_word' id='word_1_155' title='bbox 445 1689 519 1746; x_wconf 89' lang='lat' dir='ltr'><strong>eninr</strong></span> <span class='ocrx_word' id='word_1_156' title='bbox 531 1705 613 1764; x_wconf 89' lang='lat' dir='ltr'><strong>quam</strong></span> <span class='ocrx_word' id='word_1_157' title='bbox 623 1689 764 1747; x_wconf 87' lang='lat' dir='ltr'><strong>artissime</strong></span> <span class='ocrx_word' id='word_1_158' title='bbox 780 1690 950 1767; x_wconf 87' lang='lat' dir='ltr'><strong>praeligata,</strong></span> <span class='ocrx_word' id='word_1_159' title='bbox 969 1691 1068 1750; x_wconf 88' lang='lat' dir='ltr'><strong>evolsa</strong></span> 
     </span>
     <span class='ocr_line' id='line_1_19' title="bbox 87 1769 1094 1850; baseline 0.004 -21"><span class='ocrx_word' id='word_1_160' title='bbox 87 1769 153 1846; x_wconf 85' lang='lat' dir='ltr'><strong>inda</strong></span> <span class='ocrx_word' id='word_1_161' title='bbox 168 1769 242 1844; x_wconf 82' lang='lat' dir='ltr'><strong>lana,</strong></span> <span class='ocrx_word' id='word_1_162' title='bbox 259 1770 351 1829; x_wconf 89' lang='lat' dir='ltr'><strong>statim</strong></span> <span class='ocrx_word' id='word_1_163' title='bbox 368 1779 531 1848; x_wconf 87' lang='lat' dir='ltr'><strong>vescuntur,</strong></span> <span class='ocrx_word' id='word_1_164' title='bbox 546 1771 714 1849; x_wconf 89' lang='lat' dir='ltr'><strong>traduntque</strong></span> <span class='ocrx_word' id='word_1_165' title='bbox 729 1771 805 1850; x_wconf 82' lang='lat' dir='ltr'><strong>quod</strong></span> <span class='ocrx_word' id='word_1_166' title='bbox 822 1783 902 1832; x_wconf 85' lang='lat' dir='ltr'><strong>extra</strong></span> <span class='ocrx_word' id='word_1_167' title='bbox 916 1772 1018 1832; x_wconf 90' lang='lat' dir='ltr'><strong>nodum</strong></span> <span class='ocrx_word' id='word_1_168' title='bbox 1034 1776 1070 1833; x_wconf 88' lang='lat' dir='ltr'><strong>sit</strong></span> <span class='ocrx_word' id='word_1_169' title='bbox 1092 1801 1094 1806; x_wconf 89' lang='lat'><em>·</em></span> 
     </span>
    </p>

    <p class='ocr_par' dir='ltr' id='par_1_5' title="bbox 20 1852 380 1929">
     <span class='ocr_line' id='line_1_20' title="bbox 20 1852 380 1929; baseline -0.014 -15"><span class='ocrx_word' id='word_1_170' title='bbox 20 1887 22 1891; x_wconf 66' lang='lat'>,</span> <span class='ocrx_word' id='word_1_171' title='bbox 87 1852 209 1913; x_wconf 90' lang='lat' dir='ltr'><strong>ecauda</strong></span> <span class='ocrx_word' id='word_1_172' title='bbox 228 1854 380 1929; x_wconf 89' lang='lat' dir='ltr'><strong>praemori.</strong></span> 
     </span>
    </p>

    <p class='ocr_par' dir='ltr' id='par_1_6' title="bbox 53 1935 1110 2351">
     <span class='ocr_line' id='line_1_21' title="bbox 53 1935 1110 2013; baseline 0.008 -18"><span class='ocrx_word' id='word_1_173' title='bbox 53 1961 79 2003; x_wconf 81' lang='lat'><strong>20</strong></span> <span class='ocrx_word' id='word_1_174' title='bbox 151 1936 179 1996; x_wconf 87' lang='lat'><strong>3.</strong></span> <span class='ocrx_word' id='word_1_175' title='bbox 208 1936 292 2013; x_wconf 88' lang='lat' dir='ltr'><strong>(ll.)</strong></span> <span class='ocrx_word' id='word_1_176' title='bbox 320 1935 413 1996; x_wconf 88' lang='lat' dir='ltr'><strong>Lanae</strong></span> <span class='ocrx_word' id='word_1_177' title='bbox 434 1935 539 1997; x_wconf 91' lang='lat' dir='ltr'><strong>babent</strong></span> <span class='ocrx_word' id='word_1_178' title='bbox 560 1946 588 1996; x_wconf 94' lang='lat' dir='ltr'><strong>et</strong></span> <span class='ocrx_word' id='word_1_179' title='bbox 614 1955 675 1997; x_wconf 92' lang='lat' dir='ltr'><strong>cum</strong></span> <span class='ocrx_word' id='word_1_180' title='bbox 696 1938 758 1997; x_wconf 90' lang='lat' dir='ltr'><strong>ovis</strong></span> <span class='ocrx_word' id='word_1_181' title='bbox 779 1940 964 1998; x_wconf 89' lang='lat' dir='ltr'><strong>socieatatem</strong></span> <span class='ocrx_word' id='word_1_182' title='bbox 986 1939 1110 2004; x_wconf 69' lang='lat' dir='ltr'><strong>simulas</strong></span> 
     </span>
     <span class='ocr_line' id='line_1_22' title="bbox 87 2020 1069 2101; baseline 0.002 -22"><span class='ocrx_word' id='word_1_183' title='bbox 87 2021 174 2079; x_wconf 79' lang='lat' dir='ltr'><strong>tronti</strong></span> <span class='ocrx_word' id='word_1_184' title='bbox 198 2020 338 2096; x_wconf 84' lang='lat' dir='ltr'><strong>inpositae</strong></span> <span class='ocrx_word' id='word_1_185' title='bbox 361 2027 459 2080; x_wconf 91' lang='lat' dir='ltr'><strong>contra</strong></span> <span class='ocrx_word' id='word_1_186' title='bbox 484 2021 649 2099; x_wconf 89' lang='lat' dir='ltr'><strong>epiphoras.</strong></span> <span class='ocrx_word' id='word_1_187' title='bbox 678 2039 734 2079; x_wconf 96' lang='lat' dir='ltr'><strong>non</strong></span> <span class='ocrx_word' id='word_1_188' title='bbox 751 2038 823 2101; x_wconf 90' lang='lat' dir='ltr'><strong>opus</strong></span> <span class='ocrx_word' id='word_1_189' title='bbox 842 2031 886 2081; x_wconf 92' lang='lat' dir='ltr'><strong>est</strong></span> <span class='ocrx_word' id='word_1_190' title='bbox 904 2041 953 2082; x_wconf 90' lang='lat' dir='ltr'><strong>eas</strong></span> <span class='ocrx_word' id='word_1_191' title='bbox 971 2023 999 2082; x_wconf 89' lang='lat' dir='ltr'><strong>in</strong></span> <span class='ocrx_word' id='word_1_192' title='bbox 1013 2023 1069 2082; x_wconf 92' lang='lat' dir='ltr'><strong>hoc</strong></span> 
     </span>
     <span class='ocr_line' id='line_1_23' title="bbox 87 2101 1068 2181; baseline 0.004 -19"><span class='ocrx_word' id='word_1_193' title='bbox 87 2121 140 2162; x_wconf 85' lang='lat' dir='ltr'><strong>usu</strong></span> <span class='ocrx_word' id='word_1_194' title='bbox 152 2101 278 2161; x_wconf 93' lang='lat' dir='ltr'><strong>radicula</strong></span> <span class='ocrx_word' id='word_1_195' title='bbox 293 2120 360 2161; x_wconf 87' lang='lat' dir='ltr'><strong>essc</strong></span> <span class='ocrx_word' id='word_1_196' title='bbox 375 2111 486 2162; x_wconf 92' lang='lat' dir='ltr'><strong>curatas</strong></span> <span class='ocrx_word' id='word_1_197' title='bbox 498 2122 591 2181; x_wconf 89' lang='lat' dir='ltr'><strong>neque</strong></span> <span class='ocrx_word' id='word_1_198' title='bbox 604 2103 678 2163; x_wconf 92' lang='lat' dir='ltr'><strong>aliud</strong></span> <span class='ocrx_word' id='word_1_199' title='bbox 694 2121 776 2181; x_wconf 89' lang='lat' dir='ltr'><strong>quam</strong></span> <span class='ocrx_word' id='word_1_200' title='bbox 795 2105 942 2165; x_wconf 90' lang='lat' dir='ltr'><strong>candidum</strong></span> <span class='ocrx_word' id='word_1_201' title='bbox 959 2125 996 2166; x_wconf 86' lang='lat' dir='ltr'><strong>ex</strong></span> <span class='ocrx_word' id='word_1_202' title='bbox 1012 2124 1068 2166; x_wconf 87' lang='lat' dir='ltr'><strong>ovo</strong></span> 
     </span>
     <span class='ocr_line' id='line_1_24' title="bbox 88 2185 1068 2265; baseline 0.002 -20"><span class='ocrx_word' id='word_1_203' title='bbox 88 2185 196 2246; x_wconf 87' lang='lat' dir='ltr'><strong>inlundi</strong></span> <span class='ocrx_word' id='word_1_204' title='bbox 212 2203 246 2244; x_wconf 90' lang='lat' dir='ltr'><strong>ac</strong></span> <span class='ocrx_word' id='word_1_205' title='bbox 261 2185 397 2263; x_wconf 89' lang='lat' dir='ltr'><strong>pollinem</strong></span> <span class='ocrx_word' id='word_1_206' title='bbox 413 2188 492 2245; x_wconf 89' lang='lat' dir='ltr'><strong>turis.</strong></span> <span class='ocrx_word' id='word_1_207' title='bbox 528 2204 656 2265; x_wconf 86' lang='lat' dir='ltr'><strong>ova.per</strong></span> <span class='ocrx_word' id='word_1_208' title='bbox 670 2207 702 2246; x_wconf 93' lang='lat' dir='ltr'><strong>se</strong></span> <span class='ocrx_word' id='word_1_209' title='bbox 725 2188 817 2248; x_wconf 87' lang='lat' dir='ltr'><strong>inluso</strong></span> <span class='ocrx_word' id='word_1_210' title='bbox 835 2190 954 2250; x_wconf 86' lang='lat' dir='ltr'><strong>candido</strong></span> <span class='ocrx_word' id='word_1_211' title='bbox 976 2190 1068 2250; x_wconf 92' lang='lat' dir='ltr'><strong>oculis</strong></span> 
     </span>
     <span class='ocr_line' id='line_1_25' title="bbox 89 2267 1069 2351; baseline 0.005 -24"><span class='ocrx_word' id='word_1_212' title='bbox 89 2269 246 2346; x_wconf 90' lang='lat' dir='ltr'><strong>epiphoras</strong></span> <span class='ocrx_word' id='word_1_213' title='bbox 269 2267 403 2328; x_wconf 90' lang='lat' dir='ltr'><strong>cohibent</strong></span> <span class='ocrx_word' id='word_1_214' title='bbox 425 2270 590 2346; x_wconf 87' lang='lat' dir='ltr'><strong>urentisque</strong></span> <span class='ocrx_word' id='word_1_215' title='bbox 612 2270 783 2346; x_wconf 81' lang='lat' dir='ltr'><strong>refrigerant</strong></span> <span class='ocrx_word' id='word_1_216' title='bbox 802 2305 844 2318; x_wconf 91' lang='lat'><em>-</em></span> <span class='ocrx_word' id='word_1_217' title='bbox 866 2274 978 2351; x_wconf 85' lang='lat' dir='ltr'><strong>quidam</strong></span> <span class='ocrx_word' id='word_1_218' title='bbox 1005 2291 1069 2332; x_wconf 89' lang='lat' dir='ltr'><strong>cum</strong></span> 
     </span>
    </p>

    <p class='ocr_par' dir='ltr' id='par_1_7' title="bbox 51 2352 1111 2764">
     <span class='ocr_line' id='line_1_26' title="bbox 51 2352 1067 2430; baseline 0.005 -21"><span class='ocrx_word' id='word_1_219' title='bbox 51 2369 179 2417; x_wconf 70' lang='lat' dir='ltr'><strong>2ecroco</strong></span> <span class='ocrx_word' id='word_1_220' title='bbox 195 2352 359 2429; x_wconf 83' lang='lat' dir='ltr'><strong>praeterunt</strong></span> <span class='ocrx_word' id='word_1_221' title='bbox 377 2385 419 2396; x_wconf 94' lang='lat'><em>-</em></span> <span class='ocrx_word' id='word_1_222' title='bbox 434 2361 462 2410; x_wconf 89' lang='lat' dir='ltr'><strong>et</strong></span> <span class='ocrx_word' id='word_1_223' title='bbox 480 2371 533 2429; x_wconf 94' lang='lat' dir='ltr'><strong>pro</strong></span> <span class='ocrx_word' id='word_1_224' title='bbox 550 2371 622 2430; x_wconf 81' lang='lat' dir='ltr'><strong>aqua</strong></span> <span class='ocrx_word' id='word_1_225' title='bbox 643 2356 796 2414; x_wconf 90' lang='lat' dir='ltr'><strong>miscentur</strong></span> <span class='ocrx_word' id='word_1_226' title='bbox 811 2356 950 2430; x_wconf 89' lang='lat' dir='ltr'><strong>collyriis.</strong></span> <span class='ocrx_word' id='word_1_227' title='bbox 979 2357 1067 2416; x_wconf 87' lang='lat' dir='ltr'><strong>inlan-</strong></span> 
     </span>
     <span class='ocr_line' id='line_1_27' title="bbox 88 2434 1067 2512; baseline 0.004 -18"><span class='ocrx_word' id='word_1_228' title='bbox 88 2434 164 2494; x_wconf 90' lang='lat' dir='ltr'><strong>tibus</strong></span> <span class='ocrx_word' id='word_1_229' title='bbox 178 2452 247 2494; x_wconf 86' lang='lat' dir='ltr'><strong>vero</strong></span> <span class='ocrx_word' id='word_1_230' title='bbox 264 2445 363 2496; x_wconf 87' lang='lat' dir='ltr'><strong>contra</strong></span> <span class='ocrx_word' id='word_1_231' title='bbox 383 2435 567 2512; x_wconf 89' lang='lat' dir='ltr'><strong>lippitudines</strong></span> <span class='ocrx_word' id='word_1_232' title='bbox 585 2438 634 2494; x_wconf 90' lang='lat' dir='ltr'><strong>vix</strong></span> <span class='ocrx_word' id='word_1_233' title='bbox 657 2437 731 2495; x_wconf 93' lang='lat' dir='ltr'><strong>aliud</strong></span> <span class='ocrx_word' id='word_1_234' title='bbox 751 2438 878 2498; x_wconf 89' lang='lat' dir='ltr'><strong>remedio</strong></span> <span class='ocrx_word' id='word_1_235' title='bbox 901 2449 945 2498; x_wconf 90' lang='lat' dir='ltr'><strong>est</strong></span> <span class='ocrx_word' id='word_1_236' title='bbox 965 2440 1067 2512; x_wconf 82' lang='lat' dir='ltr'><strong>butyro</strong></span> 
     </span>
     <span class='ocr_line' id='line_1_28' title="bbox 87 2517 1111 2596; baseline 0.004 -20"><span class='ocrx_word' id='word_1_237' title='bbox 87 2518 212 2577; x_wconf 86' lang='lat' dir='ltr'><strong>admixto</strong></span> <span class='ocrx_word' id='word_1_238' title='bbox 229 2521 349 2578; x_wconf 90' lang='lat' dir='ltr'><strong>recenti.</strong></span> <span class='ocrx_word' id='word_1_239' title='bbox 384 2517 483 2578; x_wconf 88' lang='lat' dir='ltr'><strong>eadem</strong></span> <span class='ocrx_word' id='word_1_240' title='bbox 501 2537 564 2577; x_wconf 91' lang='lat' dir='ltr'><strong>cum</strong></span> <span class='ocrx_word' id='word_1_241' title='bbox 579 2517 645 2576; x_wconf 91' lang='lat' dir='ltr'><strong>olco</strong></span> <span class='ocrx_word' id='word_1_242' title='bbox 664 2521 729 2579; x_wconf 92' lang='lat' dir='ltr'><strong>trita</strong></span> <span class='ocrx_word' id='word_1_243' title='bbox 748 2522 823 2596; x_wconf 89' lang='lat' dir='ltr'><strong>ignis</strong></span> <span class='ocrx_word' id='word_1_244' title='bbox 844 2539 943 2580; x_wconf 88' lang='lat' dir='ltr'><strong>sacros</strong></span> <span class='ocrx_word' id='word_1_245' title='bbox 958 2523 1111 2587; x_wconf 74' lang='lat' dir='ltr'><strong>leniuntto</strong></span> 
     </span>
     <span class='ocr_line' id='line_1_29' title="bbox 87 2599 1068 2683; baseline 0.004 -23"><span class='ocrx_word' id='word_1_246' title='bbox 87 2599 172 2660; x_wconf 88' lang='lat' dir='ltr'><strong>betae</strong></span> <span class='ocrx_word' id='word_1_247' title='bbox 188 2601 266 2661; x_wconf 89' lang='lat' dir='ltr'><strong>foliis</strong></span> <span class='ocrx_word' id='word_1_248' title='bbox 281 2601 500 2681; x_wconf 84' lang='lat' dir='ltr'><strong>superinligatis.</strong></span> <span class='ocrx_word' id='word_1_249' title='bbox 537 2600 656 2660; x_wconf 92' lang='lat' dir='ltr'><strong>candido</strong></span> <span class='ocrx_word' id='word_1_250' title='bbox 677 2619 795 2662; x_wconf 83' lang='lat' dir='ltr'><strong>ovorum</strong></span> <span class='ocrx_word' id='word_1_251' title='bbox 817 2605 845 2662; x_wconf 93' lang='lat' dir='ltr'><strong>in</strong></span> <span class='ocrx_word' id='word_1_252' title='bbox 860 2605 951 2664; x_wconf 91' lang='lat' dir='ltr'><strong>oculis</strong></span> <span class='ocrx_word' id='word_1_253' title='bbox 970 2614 999 2663; x_wconf 92' lang='lat' dir='ltr'><strong>et</strong></span> <span class='ocrx_word' id='word_1_254' title='bbox 1018 2605 1068 2683; x_wconf 94' lang='lat' dir='ltr'><strong>pili</strong></span> 
     </span>
     <span class='ocr_line' id='line_1_30' title="bbox 87 2683 1069 2764; baseline 0.003 -22"><span class='ocrx_word' id='word_1_255' title='bbox 87 2684 263 2744; x_wconf 90' lang='lat' dir='ltr'><strong>reclinantur</strong></span> <span class='ocrx_word' id='word_1_256' title='bbox 284 2684 487 2745; x_wconf 88' lang='lat' dir='ltr'><strong>Hammoniaco</strong></span> <span class='ocrx_word' id='word_1_257' title='bbox 515 2686 581 2743; x_wconf 93' lang='lat' dir='ltr'><strong>trito</strong></span> <span class='ocrx_word' id='word_1_258' title='bbox 608 2683 789 2764; x_wconf 86' lang='lat' dir='ltr'><strong>admixtoque</strong></span> <span class='ocrx_word' id='word_1_259' title='bbox 810 2696 837 2744; x_wconf 90' lang='lat' dir='ltr'><strong>et</strong></span> <span class='ocrx_word' id='word_1_260' title='bbox 858 2689 919 2746; x_wconf 88' lang='lat' dir='ltr'><strong>vari</strong></span> <span class='ocrx_word' id='word_1_261' title='bbox 944 2688 972 2746; x_wconf 93' lang='lat' dir='ltr'><strong>in</strong></span> <span class='ocrx_word' id='word_1_262' title='bbox 994 2688 1069 2751; x_wconf 90' lang='lat' dir='ltr'><strong>lacie</strong></span> 
     </span>
    </p>

    <p class='ocr_par' dir='ltr' id='par_1_8' title="bbox 52 2768 1108 3180">
     <span class='ocr_line' id='line_1_31' title="bbox 52 2768 1069 2846; baseline 0.002 -18"><span class='ocrx_word' id='word_1_263' title='bbox 52 2785 152 2828; x_wconf 89' lang='lat' dir='ltr'><strong>aocum</strong></span> <span class='ocrx_word' id='word_1_264' title='bbox 174 2769 266 2844; x_wconf 89' lang='lat' dir='ltr'><strong>pincis</strong></span> <span class='ocrx_word' id='word_1_265' title='bbox 285 2768 395 2827; x_wconf 93' lang='lat' dir='ltr'><strong>nucleis</strong></span> <span class='ocrx_word' id='word_1_266' title='bbox 416 2787 450 2828; x_wconf 93' lang='lat' dir='ltr'><strong>ac</strong></span> <span class='ocrx_word' id='word_1_267' title='bbox 469 2768 554 2827; x_wconf 90' lang='lat' dir='ltr'><strong>melle</strong></span> <span class='ocrx_word' id='word_1_268' title='bbox 577 2768 675 2827; x_wconf 84' lang='lat' dir='ltr'><strong>mixto.</strong></span> <span class='ocrx_word' id='word_1_269' title='bbox 708 2771 771 2846; x_wconf 89' lang='lat' dir='ltr'><strong>ipsa</strong></span> <span class='ocrx_word' id='word_1_270' title='bbox 794 2769 884 2828; x_wconf 85' lang='lat' dir='ltr'><strong>iacies</strong></span> <span class='ocrx_word' id='word_1_271' title='bbox 906 2769 983 2830; x_wconf 90' lang='lat' dir='ltr'><strong>inlita</strong></span> <span class='ocrx_word' id='word_1_272' title='bbox 1006 2771 1069 2830; x_wconf 87' lang='lat' dir='ltr'><strong>sole</strong></span> 
     </span>
     <span class='ocr_line' id='line_1_32' title="bbox 86 2851 1095 2931; baseline 0.002 -21"><span class='ocrx_word' id='word_1_273' title='bbox 86 2867 144 2910; x_wconf 90' lang='lat' dir='ltr'><strong>non</strong></span> <span class='ocrx_word' id='word_1_274' title='bbox 165 2852 261 2909; x_wconf 91' lang='lat' dir='ltr'><strong>uritur.</strong></span> <span class='ocrx_word' id='word_1_275' title='bbox 297 2851 423 2912; x_wconf 80' lang='lat' dir='ltr'><strong>ambusta</strong></span> <span class='ocrx_word' id='word_1_276' title='bbox 439 2853 519 2929; x_wconf 86' lang='lat' dir='ltr'><strong>aquis</strong></span> <span class='ocrx_word' id='word_1_277' title='bbox 540 2853 564 2911; x_wconf 89' lang='lat' dir='ltr'><strong>si</strong></span> <span class='ocrx_word' id='word_1_278' title='bbox 579 2853 671 2928; x_wconf 86' lang='lat' dir='ltr'><strong>statim</strong></span> <span class='ocrx_word' id='word_1_279' title='bbox 686 2868 742 2910; x_wconf 90' lang='lat' dir='ltr'><strong>ovo</strong></span> <span class='ocrx_word' id='word_1_280' title='bbox 763 2862 956 2931; x_wconf 77' lang='lat' dir='ltr'><strong>occupentur,</strong></span> <span class='ocrx_word' id='word_1_281' title='bbox 983 2869 1067 2930; x_wconf 84' lang='lat' dir='ltr'><strong>pusu·</strong></span> <span class='ocrx_word' id='word_1_282' title='bbox 1094 2876 1095 2887; x_wconf 53' lang='lat'>¹</span> 
     </span>
     <span class='ocr_line' id='line_1_33' title="bbox 86 2933 1069 3012; baseline 0.004 -20"><span class='ocrx_word' id='word_1_283' title='bbox 86 2933 131 2992; x_wconf 89' lang='lat' dir='ltr'><strong>las</strong></span> <span class='ocrx_word' id='word_1_284' title='bbox 145 2951 203 2992; x_wconf 89' lang='lat' dir='ltr'><strong>uon</strong></span> <span class='ocrx_word' id='word_1_285' title='bbox 219 2936 351 3012; x_wconf 69' lang='lat' dir='ltr'><strong>sentiunt,</strong></span> <span class='ocrx_word' id='word_1_286' title='bbox 365 2969 408 2981; x_wconf 89' lang='lat'><em>-</em></span> <span class='ocrx_word' id='word_1_287' title='bbox 429 2934 540 3012; x_wconf 87' lang='lat' dir='ltr'><strong>quidam</strong></span> <span class='ocrx_word' id='word_1_288' title='bbox 560 2934 717 2994; x_wconf 90' lang='lat' dir='ltr'><strong>admiscent</strong></span> <span class='ocrx_word' id='word_1_289' title='bbox 737 2935 855 2994; x_wconf 82' lang='lat' dir='ltr'><strong>farinam</strong></span> <span class='ocrx_word' id='word_1_290' title='bbox 877 2936 1069 2997; x_wconf 88' lang='lat' dir='ltr'><strong>hordeaceam</strong></span> 
     </span>
     <span class='ocr_line' id='line_1_34' title="bbox 87 3017 1067 3094; baseline 0.003 -18"><span class='ocrx_word' id='word_1_291' title='bbox 87 3025 116 3076; x_wconf 88' lang='lat' dir='ltr'><strong>et</strong></span> <span class='ocrx_word' id='word_1_292' title='bbox 131 3017 200 3075; x_wconf 88' lang='lat' dir='ltr'><strong>salis</strong></span> <span class='ocrx_word' id='word_1_293' title='bbox 217 3034 325 3094; x_wconf 85' lang='lat' dir='ltr'><strong>parum,</strong></span> <span class='ocrx_word' id='word_1_294' title='bbox 339 3051 382 3063; x_wconf 92' lang='lat'><strong>--</strong></span> <span class='ocrx_word' id='word_1_295' title='bbox 396 3018 540 3076; x_wconf 92' lang='lat' dir='ltr'><strong>ulceribus</strong></span> <span class='ocrx_word' id='word_1_296' title='bbox 559 3037 629 3078; x_wconf 90' lang='lat' dir='ltr'><strong>vero</strong></span> <span class='ocrx_word' id='word_1_297' title='bbox 652 3038 689 3077; x_wconf 88' lang='lat' dir='ltr'><strong>ex</strong></span> <span class='ocrx_word' id='word_1_298' title='bbox 712 3018 840 3078; x_wconf 91' lang='lat' dir='ltr'><strong>ambusto</strong></span> <span class='ocrx_word' id='word_1_299' title='bbox 864 3038 926 3078; x_wconf 91' lang='lat' dir='ltr'><strong>cum</strong></span> <span class='ocrx_word' id='word_1_300' title='bbox 947 3021 1067 3080; x_wconf 91' lang='lat' dir='ltr'><strong>candido</strong></span> 
     </span>
     <span class='ocr_line' id='line_1_35' title="bbox 86 3099 1108 3180; baseline 0.008 -21"><span class='ocrx_word' id='word_1_301' title='bbox 86 3117 208 3159; x_wconf 82' lang='lat' dir='ltr'><strong>ovorum</strong></span> <span class='ocrx_word' id='word_1_302' title='bbox 224 3108 327 3159; x_wconf 88' lang='lat' dir='ltr'><strong>tostum</strong></span> <span class='ocrx_word' id='word_1_303' title='bbox 343 3099 480 3160; x_wconf 89' lang='lat' dir='ltr'><strong>hordeum</strong></span> <span class='ocrx_word' id='word_1_304' title='bbox 493 3111 521 3160; x_wconf 90' lang='lat' dir='ltr'><strong>et</strong></span> <span class='ocrx_word' id='word_1_305' title='bbox 533 3102 618 3160; x_wconf 89' lang='lat' dir='ltr'><strong>suillo</strong></span> <span class='ocrx_word' id='word_1_306' title='bbox 636 3102 719 3180; x_wconf 90' lang='lat' dir='ltr'><strong>adipe</strong></span> <span class='ocrx_word' id='word_1_307' title='bbox 734 3104 804 3161; x_wconf 91' lang='lat' dir='ltr'><strong>mire</strong></span> <span class='ocrx_word' id='word_1_308' title='bbox 819 3103 948 3180; x_wconf 87' lang='lat' dir='ltr'><strong>prodest.</strong></span> <span class='ocrx_word' id='word_1_309' title='bbox 965 3103 1063 3162; x_wconf 87' lang='lat' dir='ltr'><strong>eadem</strong></span> <span class='ocrx_word' id='word_1_310' title='bbox 1075 3114 1108 3167; x_wconf 77' lang='lat'><strong>41</strong></span> 
     </span>
    </p>

    <p class='ocr_par' dir='ltr' id='par_1_9' title="bbox 23 3183 1067 3262">
     <span class='ocr_line' id='line_1_36' title="bbox 23 3183 1067 3262; baseline 0.002 -18"><span class='ocrx_word' id='word_1_311' title='bbox 23 3207 26 3214; x_wconf 90' lang='lat'>·</span> <span class='ocrx_word' id='word_1_312' title='bbox 52 3184 235 3244; x_wconf 69' lang='lat' dir='ltr'><strong>accuratione</strong></span> <span class='ocrx_word' id='word_1_313' title='bbox 252 3183 287 3242; x_wconf 92' lang='lat' dir='ltr'><strong>ad</strong></span> <span class='ocrx_word' id='word_1_314' title='bbox 303 3183 380 3243; x_wconf 90' lang='lat' dir='ltr'><strong>sedis</strong></span> <span class='ocrx_word' id='word_1_315' title='bbox 394 3185 464 3244; x_wconf 90' lang='lat' dir='ltr'><strong>vitia</strong></span> <span class='ocrx_word' id='word_1_316' title='bbox 479 3193 605 3259; x_wconf 85' lang='lat' dir='ltr'><strong>utuntur,</strong></span> <span class='ocrx_word' id='word_1_317' title='bbox 627 3185 778 3245; x_wconf 83' lang='lat' dir='ltr'><strong>infantibus</strong></span> <span class='ocrx_word' id='word_1_318' title='bbox 793 3186 921 3262; x_wconf 81' lang='lat' dir='ltr'><strong>quidem,</strong></span> <span class='ocrx_word' id='word_1_319' title='bbox 944 3189 1027 3245; x_wconf 89' lang='lat' dir='ltr'><strong>etiarn</strong></span> <span class='ocrx_word' id='word_1_320' title='bbox 1044 3189 1067 3246; x_wconf 92' lang='lat' dir='ltr'><strong>si</strong></span> 
     </span>
    </p>

    <p class='ocr_par' dir='ltr' id='par_1_10' title="bbox 86 3265 1067 3345">
     <span class='ocr_line' id='line_1_37' title="bbox 86 3265 1067 3345; baseline 0.006 -21"><span class='ocrx_word' id='word_1_321' title='bbox 86 3265 155 3345; x_wconf 85' lang='lat' dir='ltr'><strong>quid</strong></span> <span class='ocrx_word' id='word_1_322' title='bbox 169 3265 209 3324; x_wconf 92' lang='lat' dir='ltr'><strong>ibi</strong></span> <span class='ocrx_word' id='word_1_323' title='bbox 232 3266 379 3342; x_wconf 81' lang='lat' dir='ltr'><strong>procidat,</strong></span> <span class='ocrx_word' id='word_1_324' title='bbox 401 3266 437 3326; x_wconf 95' lang='lat' dir='ltr'><strong>ad</strong></span> <span class='ocrx_word' id='word_1_325' title='bbox 459 3267 562 3344; x_wconf 91' lang='lat' dir='ltr'><strong>pedum</strong></span> <span class='ocrx_word' id='word_1_326' title='bbox 578 3270 662 3327; x_wconf 90' lang='lat' dir='ltr'><strong>rimas</strong></span> <span class='ocrx_word' id='word_1_327' title='bbox 679 3285 796 3327; x_wconf 87' lang='lat' dir='ltr'><strong>ovorum</strong></span> <span class='ocrx_word' id='word_1_328' title='bbox 811 3269 929 3328; x_wconf 86' lang='lat' dir='ltr'><strong>candido</strong></span> <span class='ocrx_word' id='word_1_329' title='bbox 944 3269 1067 3330; x_wconf 91' lang='lat' dir='ltr'><strong>decocto</strong></span> 
     </span>
    </p>

    <p class='ocr_par' dir='ltr' id='par_1_11' title="bbox 84 3349 1067 3512">
     <span class='ocr_line' id='line_1_38' title="bbox 85 3349 1067 3429; baseline 0.002 -21"><span class='ocrx_word' id='word_1_330' title='bbox 85 3367 150 3408; x_wconf 87' lang='lat' dir='ltr'><strong>cunr</strong></span> <span class='ocrx_word' id='word_1_331' title='bbox 167 3367 304 3409; x_wconf 86' lang='lat' dir='ltr'><strong>cerussae</strong></span> <span class='ocrx_word' id='word_1_332' title='bbox 321 3349 500 3409; x_wconf 89' lang='lat' dir='ltr'><strong>denariorum</strong></span> <span class='ocrx_word' id='word_1_333' title='bbox 523 3351 605 3410; x_wconf 92' lang='lat' dir='ltr'><strong>duum</strong></span> <span class='ocrx_word' id='word_1_334' title='bbox 626 3352 772 3429; x_wconf 85' lang='lat' dir='ltr'><strong>pondere,</strong></span> <span class='ocrx_word' id='word_1_335' title='bbox 798 3355 859 3429; x_wconf 93' lang='lat' dir='ltr'><strong>pari</strong></span> <span class='ocrx_word' id='word_1_336' title='bbox 886 3370 1002 3429; x_wconf 88' lang='lat' dir='ltr'><strong>spumae</strong></span> <span class='ocrx_word' id='word_1_337' title='bbox 1024 3371 1067 3413; x_wconf 92' lang='lat' dir='ltr'><strong>ar·</strong></span> 
     </span>
     <span class='ocr_line' id='line_1_39' title="bbox 84 3433 1067 3512; baseline 0.004 -20"><span class='ocrx_word' id='word_1_338' title='bbox 84 3433 181 3511; x_wconf 82' lang='lat' dir='ltr'><strong>genti,</strong></span> <span class='ocrx_word' id='word_1_339' title='bbox 205 3449 317 3494; x_wconf 89' lang='lat' dir='ltr'><strong>murrae</strong></span> <span class='ocrx_word' id='word_1_340' title='bbox 333 3434 456 3510; x_wconf 84' lang='lat' dir='ltr'><strong>exiguo,</strong></span> <span class='ocrx_word' id='word_1_341' title='bbox 478 3434 542 3494; x_wconf 92' lang='lat' dir='ltr'><strong>dein</strong></span> <span class='ocrx_word' id='word_1_342' title='bbox 554 3436 637 3512; x_wconf 86' lang='lat' dir='ltr'><strong>vino,</strong></span> <span class='ocrx_word' id='word_1_343' title='bbox 661 3435 696 3494; x_wconf 89' lang='lat' dir='ltr'><strong>ad</strong></span> <span class='ocrx_word' id='word_1_344' title='bbox 712 3437 805 3511; x_wconf 87' lang='lat' dir='ltr'><strong>ignem</strong></span> <span class='ocrx_word' id='word_1_345' title='bbox 821 3453 931 3496; x_wconf 89' lang='lat' dir='ltr'><strong>sacrum</strong></span> <span class='ocrx_word' id='word_1_346' title='bbox 946 3435 1067 3496; x_wconf 89' lang='lat' dir='ltr'><strong>candido</strong></span> 
     </span>
    </p>
   </div>
   <div class='ocr_carea' id='block_1_2' title="bbox 0 0 1261 3924">
    <p class='ocr_par' dir='ltr' id='par_1_12' title="bbox 0 0 1261 3924">
     <span class='ocr_line' id='line_1_40' title="bbox 0 0 1261 3924; baseline 0 0"><span class='ocrx_word' id='word_1_347' title='bbox 0 0 1261 3924; x_wconf 95' lang='lat' dir='ltr'><strong> </strong></span> 
     </span>
    </p>
   </div>
  </div>
 </body>
</html>
