2458 3906
172 235 232 298 158
525 241 557 288 c.
575 240 671 288 surm
688 239 838 287 saeuum

170 405 277 481 lanugo
290 409 383 462 netur.
408 415 463 458 uec
475 396 534 456 ulla
551 404 617 456 suut
633 413 696 456 cum
714 391 840 454 caudore
859 393 991 455 molliora
1008 391 1183 472 pexioraue.

89 537 91 542 ,
128 497 269 555 ltvestes
280 484 347 546 inde
357 481 559 544 sacerdotibus
571 480 700 559 Aegypti
716 481 906 556 gratissimae.
940 486 1073 557 quartum
1091 489 1185 552 gcuus

172 573 336 634 othoninum
348 567 506 647 appellant.
536 567 601 626 lite
622 564 742 644 palustri
762 563 841 623 velut
852 563 1026 638 harundine,
1040 559 1185 620 dumtaxat

172 655 305 736 panicula
322 653 394 713 eius.
424 651 496 711 Asia
514 667 530 710 e
550 649 664 728 genista
677 648 747 708 iacit
765 648 821 708 lina
839 646 875 708 ad
893 649 966 707 retia
983 646 1146 726 praecipue
1158 643 1185 700 in

172 740 311 821 piscando
325 736 463 812 durantia,
474 735 580 794 lrutice
592 731 755 793 madefacto
770 731 871 792 decem
884 731 1001 808 diebus,
1019 728 1204 806 Aethiopest

133 845 162 888 ιι,
174 843 197 878 as
212 823 331 902 ludique
344 819 464 896 emulis,
477 817 592 880 Arabes
604 810 761 877 cucurbitis
776 818 804 876 iu
819 815 987 895 arboribus,
1006 824 1037 876 ut
1054 813 1183 888 diximus,

194 911 288 972 euitis.

130 931 193 1064 lag
233 990 296 1073 (3.)
317 987 403 1068 Apud
414 1005 470 1047 nos
480 987 627 1047 maturitas
640 987 701 1046 eius
716 985 829 1045 duobus
844 985 1021 1062 argumentis
1038 981 1182 1058 intellegi·

171 1092 227 1155 tur,
240 1079 447 1137 intumescente
460 1072 568 1131 semine
580 1079 628 1131 aut
640 1070 741 1131 colore
753 1067 940 1130 flavescente.
974 1079 1031 1129 tum
1052 1065 1182 1128 evolsum
1203 1143 1204 1148 ἵ

172 1167 241 1226 etin
259 1157 416 1220 fasciculos
433 1155 571 1216 manualis
587 1154 762 1232 conligatum
782 1154 907 1214 siccatur
924 1155 952 1214 in
971 1153 1034 1214 sole
1053 1150 1204 1231 pendensi

173 1244 324 1309 conversis
341 1257 467 1319 superne
483 1239 628 1300 radicibus
645 1257 702 1300 uuo
720 1239 782 1316 die,
800 1255 868 1298 mon
888 1241 1012 1318 quinque
1030 1237 1097 1297 aliis
1118 1252 1181 1295 ccu-

172 1330 267 1393 trariis
283 1329 312 1387 in
330 1343 362 1385 se
379 1325 499 1385 iasciam
517 1322 725 1400 cacuminibus,
745 1332 775 1382 ut
791 1341 888 1383 semea
906 1327 935 1382 in
950 1321 1072 1382 medium
1090 1319 1180 1380 cadat.

171 1418 246 1477 inter
257 1409 445 1472 medicamina
460 1409 526 1469 buic
544 1410 589 1468 vis
607 1417 636 1468 ct
652 1409 680 1467 in
704 1407 828 1486 quodam
847 1409 955 1468 rustico
977 1424 1013 1467 ac
1036 1402 1181 1484 praedulci

172 1497 273 1560 ltaliae
288 1492 500 1574 transpadanae
519 1492 602 1570 cibo,
626 1491 678 1552 sed
699 1491 880 1571 iampridem
902 1508 1051 1552 sacrorum
1076 1497 1179 1549 tautum

128 1585 274 1662 ltgratia.
300 1578 404 1641 deinde
422 1586 489 1657 post
500 1593 624 1638 messem
639 1577 779 1637 triticeam
798 1579 898 1654 virgae
915 1577 998 1654 ipsae
1017 1581 1204 1650 mergunturu

172 1671 201 1729 in
213 1682 315 1746 aquam
327 1663 439 1724 solibus
450 1663 639 1742 tepefactam,
653 1660 784 1741 pondere
803 1661 900 1739 aliquo
919 1660 1095 1738 depressae,
1114 1656 1180 1716 nulli

174 1755 249 1814 enim
260 1750 364 1811 levitas
379 1749 480 1808 maior.
512 1753 672 1806 maceratas
688 1743 793 1806 iudicio
810 1754 856 1804 est
871 1743 1035 1804 membrana
1049 1743 1180 1816 laxatior,

172 1839 333 1912 iterumque
352 1833 487 1891 inversae
507 1838 538 1890 ut
555 1829 711 1909 prius‘sole
733 1831 892 1906 siccantur,
910 1846 979 1889 mox
996 1825 1181 1887 arelactaeiu

174 1935 245 1980 saxo
259 1917 411 1978 tunduntur
429 1915 578 1994 stuppario
590 1914 706 1974 malleo.
730 1913 806 1992 quod
825 1931 993 1994 proxumum
1011 1912 1114 1972 cortici
1124 1911 1179 1986 icit,

174 2013 277 2081 stuppa
297 1997 475 2078 appellatur,
496 1998 648 2059 deterioris
670 1998 734 2075 lini,
753 1999 933 2058 lucernarum
953 1996 1017 2057 iere
1032 1989 1204 2056 luminibusti

174 2088 276 2166 aptior.
297 2085 401 2162 etipsa
414 2091 508 2143 tamen
520 2083 645 2162 pectitur
656 2083 763 2143 ierreis
774 2083 874 2158 hamis,
888 2081 982 2142 donec
995 2083 1086 2140 omnis
1097 2097 1178 2139 mem·

132 2166 473 2235 usbranadecorttcetur.
482 2166 623 2227 medullae
633 2167 965 2227 numerosiordistinetio
973 2162 1178 2241 candore,‘mol-

174 2255 244 2316 litia.
267 2253 394 2312 cortices
407 2268 523 2329 quoque
536 2251 649 2310 decussi
663 2250 783 2311 clibanis
797 2259 826 2310 et
837 2251 928 2311 furnis
942 2249 1084 2330 praebent
1095 2264 1177 2308 usum.

150 2417 152 2422 Ι
174 2356 222 2400 ars
234 2335 409 2414 depectendi
420 2334 628 2413 digerendique
639 2336 794 2394 -iustum
807 2354 823 2394 e
839 2335 1049 2414 quinquagenis
1065 2333 1178 2393 iascium
1202 2405 1203 2410 η

174 2422 256 2484 libris
268 2423 369 2499 quinas
386 2418 475 2480 denas
493 2420 643 2479 earminari
657 2453 714 2494 —-‚
742 2419 887 2498 linumque
905 2437 976 2479 nere
997 2427 1027 2477 et
1046 2419 1115 2478 uiris
1132 2412 1204 2475 deal

176 2525 275 2567 corum
287 2514 341 2564 est.
362 2505 464 2564 iterum
479 2503 584 2563 deinde
597 2504 625 2562 in
635 2503 685 2564 iilo
693 2503 815 2582 politur,
825 2503 939 2564 inlisum
950 2502 1057 2562 crebro
1066 2501 1137 2562 silici
1145 2517 1178 2559 ex

175 2609 260 2670 aqua,
274 2598 440 2668 tentumque
452 2605 553 2647 rursus
564 2587 688 2648 tunditur
701 2588 808 2665 clavis,
828 2605 945 2667 semper
956 2588 1058 2647 iniuria
1073 2585 1176 2645 melius.

132 2685 166 2740 19
239 2672 302 2756 (4.)
320 2673 468 2733 Inventum
480 2674 535 2732 iam
551 2681 596 2730 est
611 2674 696 2732 etiarn
716 2672 793 2751 quod
811 2671 926 2750 ignibus
944 2689 1002 2730 non
1022 2670 1176 2730 absumere

174 2768 228 2818 tur.
263 2759 359 2817 vivom
371 2757 399 2816 id
414 2765 527 2832 vocant,
545 2755 729 2836 ardentisque
741 2758 769 2816 in
784 2758 860 2817 iocis
879 2757 1077 2817 conviviorum
1094 2773 1130 2815 ex
1144 2769 1175 2812 eo

175 2842 294 2901 vidimus
316 2858 435 2920 mappas
457 2839 591 2901 sordibus
614 2844 724 2901 exustis
752 2841 984 2920 splendesceutis
1006 2841 1067 2917 igni
1094 2831 1204 2915 megisti

176 2943 259 3004 quarn
275 2934 396 3002 possent
411 2927 501 3004 aquis.
528 2941 629 3002 regum
641 2925 707 2986 inde
719 2925 858 2986 iunebres
870 2927 983 2986 tunicae
999 2927 1131 3005 corporis
1141 2923 1175 2982 ia·

174 3009 271 3070 villam
283 3008 318 3068 ab
330 3009 443 3086 reliquo
457 3019 594 3088 separant
606 3012 714 3070 cinere.
748 3012 876 3070 nascitur
890 3012 918 3068 in
931 3009 1056 3070 desertis
1068 3009 1174 3070 adustis·

176 3112 231 3173 que
244 3093 308 3152 sole
320 3091 432 3170 Indiae,
445 3094 493 3154 ubi
510 3110 568 3153 non
586 3095 690 3154 cadunt
708 3094 828 3172 imbres,
847 3095 922 3154 inter
939 3093 1016 3153 diras
1032 3093 1175 3175 serpentis,

175 3178 376 3254 adsuescitque
389 3179 489 3239 viuere
502 3177 640 3257 ardendo,
653 3197 746 3240 rarum
758 3180 885 3255 inventu,
899 3177 1017 3238 diiiicile
1028 3187 1109 3239 textu
1119 3193 1175 3256 pro-

133 3270 240 3342 topter
256 3261 436 3322 brevitatem.
464 3264 544 3323 rufus
563 3263 599 3324 de
619 3273 720 3325 cetero
736 3263 818 3326 colos
830 3262 1009 3342 splendescit
1022 3263 1094 3341 igni.
1117 3251 1204 3322 danti

174 3347 319 3407 inventum
338 3356 397 3424 est,
420 3357 524 3427 aequat
538 3349 631 3422 pretia
649 3348 854 3408 excellentium
871 3347 1099 3424 margaritarum.
1134 3363 1174 3405 ro·

177 3437 256 3490 catur
266 3438 359 3490 autern
371 3450 387 3492 a
399 3433 517 3495 Graecis
529 3423 728 3512 ἄσβέστινον
739 3451 777 3493 ex
788 3442 956 3510 argumento
969 3441 1098 3493 naturae.
1111 3431 1175 3492 Aua·

175 3511 267 3572 xilaus
282 3523 383 3576 auctor
398 3527 442 3578 cst
459 3519 547 3578 linteo
571 3533 607 3576 eo
628 3516 829 3578 circumdatam
852 3517 986 3578 arborem
1008 3518 1103 3578 surdis
1123 3514 1174 3577 icti·
