2396 3900
248 213 678 266 uar.1a1au.xv11.ao-ar.
697 204 853 282 (ιι-ιι.)
1009 203 1049 265 73

4 413 5 448 p
54 377 134 448 atque
151 369 191 428 ita
203 385 260 446 per
274 369 358 429 vicis.
383 369 441 430 lroc
454 373 599 432 vocatur
591 372 689 432 invite
706 387 830 448 gemma,
844 389 909 431 cum
926 369 966 431 ibi
982 387 1049 432 cae·

4 453 6 540 ζ
54 455 152 552 ppitem
170 451 252 514 iacit.
283 462 350 514 ante
374 471 444 514 vcro
467 473 550 535 quam
571 455 674 531 iaciat,
698 455 726 514 in
744 471 875 516 concavo
893 455 996 515 oculus
1019 464 1048 515 et
1150 468 1154 476 ·

4 579 5 584 ι
53 555 237 597 mcacumrue
252 554 318 616 apso
334 556 464 616 germen
492 557 535 599 sac
547 540 690 618 palmites,
704 548 843 616 nepotes
859 556 933 600 uvae
941 539 1048 616 ,folia

4 663 5 690 2
54 622 172 700 pampini
186 622 354 699 gignuntur,
372 623 529 722 mirumque
545 623 669 685 firmiora
687 640 754 683 esse
769 624 797 682 iu
819 622 940 684 dextera
965 633 1048 701 parte

4 707 152 790 agenita.
192 706 235 785 [a]
254 704 316 764 llos
332 723 404 784 ergo
421 707 450 766 iu
467 707 590 767 surculis
605 708 710 781 nodos,
728 724 790 766 curn
808 715 953 805 sepiatur,
968 724 1027 766 me·
1041 718 1092 772 154

4 791 110 850 dios
127 807 234 849 secare
257 798 375 869 oportet
396 793 434 850 ita
451 810 487 851 ne
502 790 627 870 proilnat
640 789 776 851 medulla.
808 799 838 850 ct
858 791 887 850 iu
909 791 966 850 lico
987 793 1047 868 qui·

4 875 111 990 plen
122 873 312 934 dodrantalcs
327 875 428 954 paxilli
440 876 504 936 solo
516 875 664 955 patefacto
679 883 814 934 seruntur
827 875 869 934 sic
881 883 912 934 ιιι
926 875 1048 935 descen

4 935 115 1020 liant
135 974 212 1036 quae
233 975 375 1036 proxuma
396 959 494 1020 arbori
517 960 639 1036 luerint,
661 958 718 1019 duo
741 958 819 1018 oculi
837 967 919 1018 extra
942 966 1048 1018 terram

4 1027 6 1132 j
56 1042 199 1102 emineant.
229 1042 308 1103 oculi
320 1045 454 1103 autemiu
466 1043 600 1104 arborum
618 1005 742 1104 surculis
759 1043 878 1120 proprie
897 1050 1047 1119 vocantur,

4 1125 122 1186 rcuude
138 1127 312 1203 germinant
334 1125 397 1188 llac
411 1127 447 1188 de
463 1145 550 1188 causa
567 1129 614 1187 ct
606 1146 634 1187 ru
650 1126 799 1206 plantariis
813 1125 966 1204 aliquando
979 1138 1091 1191 eo·155

57 1211 114 1270 dcm
131 1227 206 1270 anuo
228 1211 325 1270 ierunt
345 1227 420 1289 quos
438 1211 520 1272 luere
543 1212 626 1273 laturi
650 1211 793 1272 fructus
784 1229 813 1270 ιιι
838 1209 960 1287 arbore,
985 1229 1048 1271 curn

57 1294 220 1373 tempestive
231 1297 287 1354 sati
300 1304 476 1373 praegnates
488 1295 639 1356 inchoatos
652 1302 812 1373 conceptus
825 1294 914 1355 aliubi
923 1295 1047 1373 pariunt.

57 1380 90 1439 ita
103 1387 178 1438 satas
200 1378 275 1438 licos
297 1381 386 1440 tertio
407 1396 480 1440 anuo
503 1380 662 1440 transferre
682 1379 780 1440 lacile.
813 1378 870 1438 hoc
885 1396 939 1458 pro
962 1397 1046 1439 sene-

58 1462 149 1523 scendi
158 1462 311 1522 celeritate
319 1459 483 1524 attributum
493 1463 561 1524 lruic
572 1463 680 1540 arbori,
691 1472 721 1523 ut
733 1463 870 1522 citissime
882 1464 1046 1540 proveniat.

34 1547 93 1626 ιιΙι]
109 1545 214 1607 Vitium
225 1548 411 1608 numerosior
422 1557 500 1608 satus
509 1557 562 1608 cst.
580 1546 1090 1627 primumomniumnihilseritur156

59 1647 91 1689 ιι
104 1629 145 1690 lais
163 1631 219 1690 nisi
232 1630 332 1691 inutile
345 1640 374 1691 et
387 1631 553 1711 deputatum
564 1634 593 1692 in
605 1640 758 1694 sarmenta.
785 1638 942 1710 opputatur
954 1641 1048 1691 autem

59 1715 183 1793 quidquid
195 1732 340 1794 proxumo
352 1716 417 1776 tulit
428 1717 560 1777 lructum.
587 1716 703 1776 solebat
715 1715 888 1795 capitulatus
906 1716 1048 1794 utrimque

60 1797 151 1858 aduro
172 1800 308 1860 surculus
336 1801 412 1877 seri,
439 1818 534 1879 eoque
560 1809 728 1878 argumento
750 1799 904 1860 malleolus
927 1809 1049 1860 vocatur

60 1884 217 1944 etiamnunc.
249 1893 354 1963 postea
374 1885 461 1944 avelli
479 1903 542 1945 cum
562 1903 614 1946 sua
638 1884 721 1945 calce
743 1892 867 1963 coeptus
884 1891 945 1962 est,
969 1892 1000 1943 ut
1019 1884 1048 1942 in

35 1965 116 2042 num,
129 1983 226 2047 meque
241 1977 287 2027 est
300 1967 377 2028 aliud
392 1969 531 2028 vivacius.
560 1970 674 2029 tertium
686 1987 779 2045 genus
791 1969 933 2029 adiectum
950 1969 1047 2029 etiam·

60 2067 114 2109 uum
124 2051 289 2129 expeditius
300 2053 364 2112 siue
377 2053 470 2130 cclcc,
484 2053 562 2132 quod
575 2054 697 2130 sagittae
709 2061 859 2128 vocantur,
875 2071 938 2113 curu
950 2053 1047 2113 intorti

60 2144 217 2212 panguntur.
245 2135 332 2196 iidem
352 2153 415 2196 cum
434 2138 522 2197 recisi
535 2155 591 2196 uec
608 2137 717 2211 intorti,
737 2137 914 2212 trigemmes.
947 2136 1046 2216 plures

60 2227 140 2279 autem
157 2236 195 2279 ex
210 2219 315 2280 codem
336 2220 453 2281 surculo
476 2221 533 2280 lroc
547 2220 633 2280 modo
650 2220 728 2279 liunt.
760 2220 868 2280 Serere
884 2221 1025 2300 eppampi·
1039 2227 1089 2282 ιιι

6 2329 7 2354 ι
60 2304 134 2362 uariis
146 2303 249 2364 sterile
265 2313 321 2380 cst,
337 2322 393 2364 nec
407 2305 462 2364 nisi
477 2304 603 2365 fecundo
617 2313 745 2383 oportet.
771 2321 846 2383 quae
860 2321 945 2364 raros
959 2302 1047 2364 lrabct

6 2389 7 2456 j
36 2387 139 2448 crodos
151 2387 307 2448 infecunda
320 2387 479 2464 iudicatur,
495 2389 622 2449 densitas
641 2405 816 2465 gemmarum
833 2388 989 2449 fertilitatis
1006 2388 1046 2446 in-

60 2469 150 2531 dicium
166 2481 221 2532 est.
248 2471 363 2551 quidam
378 2474 437 2533 seri
452 2481 548 2533 vetant
570 2473 625 2532 nisi
641 2489 694 2532 eos
710 2473 759 2571 spui
775 2472 926 2532 floruerint
947 2488 1046 2530 surcu-

60 2553 104 2614 los.
139 2556 260 2633 sagittas
281 2574 383 2617 serere
407 2558 499 2616 minus
514 2558 599 2632 utile,
637 2558 770 2635 quoniam
791 2556 820 2615 in
843 2553 1045 2615 transferendo

59 2637 133 2698 facilc
159 2641 301 2718 rumpitur
324 2642 401 2718 quod
434 2642 567 2701 intortum
593 2640 654 2702 luit.
699 2641 839 2701 Seruutur
864 2637 961 2718 pedali
989 2655 1047 2697 nou

7 2705 9 2790 l
60 2720 197 2784 breuiores
216 2722 414 2822 lopgitudine,
439 2725 565 2805 quinque
591 2743 682 2784 sexve
704 2724 854 2785 nodorum.
890 2723 1046 2803 pauciores

7 2803 137 2866 umbus
152 2809 276 2885 gemmis
293 2809 323 2866 in
334 2809 389 2868 luac
404 2826 538 2870 mensura
551 2827 688 2870 essenon
700 2816 845 2888 poterunt.
868 2807 960 2868 laseri
974 2825 1024 2868 eo·
1038 2817 1089 2872 158

7 2887 114 2948 dem
124 2891 169 2951 die
182 2908 240 2970 quo
252 2890 427 2971 deputentur
444 2893 634 2954 utilissimum.
664 2911 689 2952 ιι
682 2893 791 2953 multo
804 2901 908 2971 postea
920 2909 1046 2953 necesse

61 2973 90 3032 ιιι
98 2992 194 3036 serere
206 2977 387 3054 custoditos,
401 2987 431 3037 ut
444 2978 663 3057 praecepimus,
683 2978 781 3038 caveri
792 2978 891 3056 utique
908 2996 944 3037 ne
960 2986 1042 3037 extra
1055 2988 1088 3025 ιιι

8 3075 10 3144 p
62 3063 151 3119 ursam
170 3060 257 3138 ροιίιί
279 3060 345 3122 sole
364 3063 543 3140 inarescant,
566 3071 653 3121 vento
670 3070 717 3121 aut
734 3060 845 3161 frigore
859 3060 1043 3122 hebetentur.

8 3161 11 3244 p
63 3142 101 3218 qui
115 3143 239 3204 diutius
230 3162 259 3203 ιιι
276 3147 359 3205 sicco
381 3146 487 3207 luerint
509 3147 674 3225 priusquam
693 3147 865 3205 seranturin
887 3163 962 3224 aqua
981 3144 1044 3221 plu·

9 3251 11 3280 t
8 3207 127 3285 'aribus
138 3227 238 3288 diebus
249 3230 441 3290 revirescant.
468 3231 508 3329 [4]
522 3230 621 3291 Solum
634 3231 762 3308 apricum
776 3239 804 3289 et
817 3246 901 3308 quam
914 3229 1027 3306 amplis·
1018 3239 1076 3288 -lm

64 3307 148 3370 riuum
169 3313 197 3372 iu
225 3315 382 3374 sennaario
408 3316 471 3374 sive
496 3315 524 3374 in
546 3316 631 3375 vinea
656 3313 774 3374 bidente
796 3313 934 3392 pastinari
959 3311 1046 3372 debet

63 3398 145 3455 ternos
159 3396 251 3476 pedes
264 3397 375 3477 bipalio
394 3399 464 3473 alto,
483 3416 577 3459 marra
597 3399 669 3458 reici
686 3407 854 3476 quaternum
868 3397 975 3476 pedum
986 3396 1044 3456 ler-

9 3437 11 3560 !
63 3487 152 3558 mento,
171 3483 209 3542 ita
226 3484 284 3542 ιιι
276 3501 305 3542 ιιι
322 3483 416 3562 pedes
433 3481 518 3543 binos
535 3482 615 3542 fossa
631 3482 782 3562 procedat,
800 3481 910 3541 iossum
927 3480 1045 3561 purgari

10 3641 12 3678 l

10 3709 12 3732 t

10 3733 13 3865 l
