<?xml version="1.0" encoding="UTF-8"?>
<!DOCTYPE html PUBLIC "-//W3C//DTD XHTML 1.0 Transitional//EN"
    "http://www.w3.org/TR/xhtml1/DTD/xhtml1-transitional.dtd">
<html xmlns="http://www.w3.org/1999/xhtml" xml:lang="en" lang="en">
 <head>
  <title>
</title>
<meta http-equiv="Content-Type" content="text/html;charset=utf-8" />
  <meta name='ocr-system' content='tesseract 3.04.00' />
  <meta name='ocr-capabilities' content='ocr_page ocr_carea ocr_par ocr_line ocrx_word'/>
</head>
<body>
  <div class='ocr_page' id='page_1' title='image "./naturalishistor00plingoog_0209.png"; bbox 0 0 2458 3906; ppageno 0'>
   <div class='ocr_carea' id='block_1_1' title="bbox 21 107 1064 299">
    <p class='ocr_par' dir='ltr' id='par_1_1' title="bbox 21 107 1064 299">
     <span class='ocr_line' id='line_1_1' title="bbox 21 107 23 152; baseline 0 0"><span class='ocrx_word' id='word_1_1' title='bbox 21 107 23 152; x_wconf 84' lang='lat' dir='ltr'>l</span> 
     </span>
     <span class='ocr_line' id='line_1_2' title="bbox 21 159 1064 299; baseline 0.012 -31"><span class='ocrx_word' id='word_1_2' title='bbox 21 159 24 234; x_wconf 46' lang='lat' dir='ltr'>i</span> <span class='ocrx_word' id='word_1_3' title='bbox 281 224 361 272; x_wconf 80' lang='lat' dir='ltr'>nun.</span> <span class='ocrx_word' id='word_1_4' title='bbox 380 223 471 274; x_wconf 78' lang='lat' dir='ltr'>msc.</span> <span class='ocrx_word' id='word_1_5' title='bbox 488 225 585 274; x_wconf 85' lang='lat' dir='ltr'>xvm.</span> <span class='ocrx_word' id='word_1_6' title='bbox 603 224 648 278; x_wconf 82' lang='lat'>35.</span> <span class='ocrx_word' id='word_1_7' title='bbox 666 211 818 299; x_wconf 75' lang='lat' dir='ltr'>(te-84.)</span> <span class='ocrx_word' id='word_1_8' title='bbox 1004 219 1064 282; x_wconf 83' lang='lat'>153</span> 
     </span>
    </p>
   </div>
   <div class='ocr_carea' id='block_1_2' title="bbox 21 376 1109 3159">
    <p class='ocr_par' dir='ltr' id='par_1_2' title="bbox 21 376 1109 3159">
     <span class='ocr_line' id='line_1_3' title="bbox 63 376 1064 461; baseline 0.006 -21"><span class='ocrx_word' id='word_1_9' title='bbox 63 376 255 440; x_wconf 73' lang='lat' dir='ltr'>dmuutiautur</span> <span class='ocrx_word' id='word_1_10' title='bbox 269 387 468 458; x_wconf 85' lang='lat' dir='ltr'>tempestates.</span> <span class='ocrx_word' id='word_1_11' title='bbox 499 381 525 440; x_wconf 91' lang='lat' dir='ltr'>si</span> <span class='ocrx_word' id='word_1_12' title='bbox 542 380 665 443; x_wconf 81' lang='lat' dir='ltr'>volitare</span> <span class='ocrx_word' id='word_1_13' title='bbox 684 381 786 461; x_wconf 89' lang='lat' dir='ltr'>plures</span> <span class='ocrx_word' id='word_1_14' title='bbox 806 381 910 444; x_wconf 87' lang='lat' dir='ltr'>stellae</span> <span class='ocrx_word' id='word_1_15' title='bbox 926 383 1064 446; x_wconf 86' lang='lat' dir='ltr'>ridebun-</span> 
     </span>
     <span class='ocr_line' id='line_1_4' title="bbox 64 462 1064 546; baseline 0.009 -24"><span class='ocrx_word' id='word_1_16' title='bbox 64 471 113 538; x_wconf 85' lang='lat' dir='ltr'>tur,</span> <span class='ocrx_word' id='word_1_17' title='bbox 134 479 192 542; x_wconf 75' lang='lat' dir='ltr'>quo</span> <span class='ocrx_word' id='word_1_18' title='bbox 208 462 343 524; x_wconf 87' lang='lat' dir='ltr'>ierentnr</span> <span class='ocrx_word' id='word_1_19' title='bbox 358 463 546 525; x_wconf 71' lang='lat' dir='ltr'>albescentes</span> <span class='ocrx_word' id='word_1_20' title='bbox 563 474 669 526; x_wconf 83' lang='lat' dir='ltr'>ventos</span> <span class='ocrx_word' id='word_1_21' title='bbox 688 485 727 526; x_wconf 89' lang='lat' dir='ltr'>ex</span> <span class='ocrx_word' id='word_1_22' title='bbox 747 468 782 526; x_wconf 89' lang='lat' dir='ltr'>iis</span> <span class='ocrx_word' id='word_1_23' title='bbox 806 467 935 546; x_wconf 89' lang='lat' dir='ltr'>partibus</span> <span class='ocrx_word' id='word_1_24' title='bbox 955 472 1064 532; x_wconf 90' lang='lat' dir='ltr'>nuntia·</span> 
     </span>
     <span class='ocr_line' id='line_1_5' title="bbox 63 547 1063 631; baseline 0.009 -24"><span class='ocrx_word' id='word_1_25' title='bbox 63 547 131 623; x_wconf 85' lang='lat' dir='ltr'>baut,</span> <span class='ocrx_word' id='word_1_26' title='bbox 147 563 205 608; x_wconf 87' lang='lat' dir='ltr'>una</span> <span class='ocrx_word' id='word_1_27' title='bbox 219 549 246 608; x_wconf 89' lang='lat' dir='ltr'>si</span> <span class='ocrx_word' id='word_1_28' title='bbox 262 547 452 624; x_wconf 75' lang='lat' dir='ltr'>cursitabant,</span> <span class='ocrx_word' id='word_1_29' title='bbox 468 557 577 625; x_wconf 89' lang='lat' dir='ltr'>certos,</span> <span class='ocrx_word' id='word_1_30' title='bbox 597 551 622 610; x_wconf 86' lang='lat' dir='ltr'>si</span> <span class='ocrx_word' id='word_1_31' title='bbox 634 549 662 609; x_wconf 94' lang='lat' dir='ltr'>id</span> <span class='ocrx_word' id='word_1_32' title='bbox 677 551 705 610; x_wconf 91' lang='lat' dir='ltr'>in</span> <span class='ocrx_word' id='word_1_33' title='bbox 716 551 848 630; x_wconf 91' lang='lat' dir='ltr'>pluribus</span> <span class='ocrx_word' id='word_1_34' title='bbox 860 551 990 631; x_wconf 88' lang='lat' dir='ltr'>partibus</span> <span class='ocrx_word' id='word_1_35' title='bbox 1003 554 1063 630; x_wconf 88' lang='lat' dir='ltr'>liet,</span> 
     </span>
     <span class='ocr_line' id='line_1_6' title="bbox 62 632 1063 716; baseline 0.008 -26"><span class='ocrx_word' id='word_1_36' title='bbox 62 632 241 692; x_wconf 83' lang='lat' dir='ltr'>bcoustautis</span> <span class='ocrx_word' id='word_1_37' title='bbox 256 641 362 692; x_wconf 81' lang='lat' dir='ltr'>centos</span> <span class='ocrx_word' id='word_1_38' title='bbox 376 640 406 693; x_wconf 90' lang='lat' dir='ltr'>at</span> <span class='ocrx_word' id='word_1_39' title='bbox 421 632 559 714; x_wconf 83' lang='lat' dir='ltr'>undique,</span> <span class='ocrx_word' id='word_1_40' title='bbox 572 635 597 693; x_wconf 91' lang='lat' dir='ltr'>si</span> <span class='ocrx_word' id='word_1_41' title='bbox 612 633 761 695; x_wconf 86' lang='lat' dir='ltr'>stellarum</span> <span class='ocrx_word' id='word_1_42' title='bbox 773 637 928 696; x_wconf 72' lang='lat' dir='ltr'>errantium</span> <span class='ocrx_word' id='word_1_43' title='bbox 939 637 1063 716; x_wconf 86' lang='lat' dir='ltr'>aliquam</span> 
     </span>
     <span class='ocr_line' id='line_1_7' title="bbox 48 714 1108 797; baseline 0.012 -22"><span class='ocrx_word' id='word_1_44' title='bbox 48 714 138 776; x_wconf 77' lang='lat' dir='ltr'>sortes</span> <span class='ocrx_word' id='word_1_45' title='bbox 153 715 338 793; x_wconf 68' lang='lat' dir='ltr'>incluserint,</span> <span class='ocrx_word' id='word_1_46' title='bbox 356 715 465 778; x_wconf 67' lang='lat' dir='ltr'>imbris.</span> <span class='ocrx_word' id='word_1_47' title='bbox 497 718 615 778; x_wconf 85' lang='lat' dir='ltr'>suntin</span> <span class='ocrx_word' id='word_1_48' title='bbox 635 719 720 797; x_wconf 75' lang='lat' dir='ltr'>signo</span> <span class='ocrx_word' id='word_1_49' title='bbox 736 721 834 780; x_wconf 91' lang='lat' dir='ltr'>cancri</span> <span class='ocrx_word' id='word_1_50' title='bbox 850 719 924 780; x_wconf 87' lang='lat' dir='ltr'>duae</span> <span class='ocrx_word' id='word_1_51' title='bbox 942 722 1108 789; x_wconf 78' lang='lat' dir='ltr'>stellacses</span> 
     </span>
     <span class='ocr_line' id='line_1_8' title="bbox 64 799 1062 883; baseline 0.006 -23"><span class='ocrx_word' id='word_1_52' title='bbox 64 817 158 880; x_wconf 86' lang='lat' dir='ltr'>parrae</span> <span class='ocrx_word' id='word_1_53' title='bbox 170 800 261 862; x_wconf 91' lang='lat' dir='ltr'>aselli</span> <span class='ocrx_word' id='word_1_54' title='bbox 276 799 453 880; x_wconf 75' lang='lat' dir='ltr'>appellatae,</span> <span class='ocrx_word' id='word_1_55' title='bbox 467 803 604 881; x_wconf 75' lang='lat' dir='ltr'>exiguum</span> <span class='ocrx_word' id='word_1_56' title='bbox 615 803 691 864; x_wconf 92' lang='lat' dir='ltr'>inter</span> <span class='ocrx_word' id='word_1_57' title='bbox 702 803 768 864; x_wconf 90' lang='lat' dir='ltr'>illas</span> <span class='ocrx_word' id='word_1_58' title='bbox 779 804 901 883; x_wconf 89' lang='lat' dir='ltr'>spatium</span> <span class='ocrx_word' id='word_1_59' title='bbox 914 806 1062 883; x_wconf 84' lang='lat' dir='ltr'>optinente</span> 
     </span>
     <span class='ocr_line' id='line_1_9' title="bbox 63 884 1062 965; baseline 0.006 -21"><span class='ocrx_word' id='word_1_60' title='bbox 63 884 193 945; x_wconf 85' lang='lat' dir='ltr'>nubecula</span> <span class='ocrx_word' id='word_1_61' title='bbox 210 903 297 964; x_wconf 84' lang='lat' dir='ltr'>qnam</span> <span class='ocrx_word' id='word_1_62' title='bbox 312 887 467 964; x_wconf 89' lang='lat' dir='ltr'>praesepia</span> <span class='ocrx_word' id='word_1_63' title='bbox 485 885 644 965; x_wconf 88' lang='lat' dir='ltr'>appellant.</span> <span class='ocrx_word' id='word_1_64' title='bbox 676 887 751 948; x_wconf 89' lang='lat' dir='ltr'>baec</span> <span class='ocrx_word' id='word_1_65' title='bbox 768 905 831 948; x_wconf 86' lang='lat' dir='ltr'>cnm</span> <span class='ocrx_word' id='word_1_66' title='bbox 850 888 935 950; x_wconf 89' lang='lat' dir='ltr'>caelo</span> <span class='ocrx_word' id='word_1_67' title='bbox 955 906 1062 950; x_wconf 90' lang='lat' dir='ltr'>sereno</span> 
     </span>
     <span class='ocr_line' id='line_1_10' title="bbox 21 951 1063 1051; baseline 0.004 -22"><span class='ocrx_word' id='word_1_68' title='bbox 21 951 23 1000; x_wconf 52' lang='lat' dir='ltr'><em>V</em></span> <span class='ocrx_word' id='word_1_69' title='bbox 63 970 193 1048; x_wconf 83' lang='lat' dir='ltr'>adparere</span> <span class='ocrx_word' id='word_1_70' title='bbox 215 968 353 1045; x_wconf 82' lang='lat' dir='ltr'>desierit,</span> <span class='ocrx_word' id='word_1_71' title='bbox 374 979 458 1030; x_wconf 88' lang='lat' dir='ltr'>atrox</span> <span class='ocrx_word' id='word_1_72' title='bbox 478 970 570 1031; x_wconf 89' lang='lat' dir='ltr'>biems</span> <span class='ocrx_word' id='word_1_73' title='bbox 593 971 733 1051; x_wconf 78' lang='lat' dir='ltr'>sequitur.</span> <span class='ocrx_word' id='word_1_74' title='bbox 765 972 790 1031; x_wconf 85' lang='lat' dir='ltr'>ai</span> <span class='ocrx_word' id='word_1_75' title='bbox 816 971 936 1035; x_wconf 88' lang='lat' dir='ltr'>alteram</span> <span class='ocrx_word' id='word_1_76' title='bbox 965 990 1063 1034; x_wconf 90' lang='lat' dir='ltr'>earnm</span> 
     </span>
     <span class='ocr_line' id='line_1_11' title="bbox 62 1053 1061 1136; baseline 0.003 -23"><span class='ocrx_word' id='word_1_77' title='bbox 62 1053 227 1132; x_wconf 81' lang='lat' dir='ltr'>aquiloniam</span> <span class='ocrx_word' id='word_1_78' title='bbox 244 1055 342 1132; x_wconf 76' lang='lat' dir='ltr'>caligo</span> <span class='ocrx_word' id='word_1_79' title='bbox 357 1053 484 1132; x_wconf 88' lang='lat' dir='ltr'>abstulit,</span> <span class='ocrx_word' id='word_1_80' title='bbox 499 1063 599 1116; x_wconf 90' lang='lat' dir='ltr'>auster</span> <span class='ocrx_word' id='word_1_81' title='bbox 613 1055 718 1132; x_wconf 87' lang='lat' dir='ltr'>saevit,</span> <span class='ocrx_word' id='word_1_82' title='bbox 736 1057 761 1116; x_wconf 88' lang='lat' dir='ltr'>si</span> <span class='ocrx_word' id='word_1_83' title='bbox 773 1057 938 1133; x_wconf 88' lang='lat' dir='ltr'>austrinam,</span> <span class='ocrx_word' id='word_1_84' title='bbox 954 1057 1061 1136; x_wconf 86' lang='lat' dir='ltr'>aquilo.</span> 
     </span>
     <span class='ocr_line' id='line_1_12' title="bbox 33 1137 1061 1220; baseline 0.008 -27"><span class='ocrx_word' id='word_1_85' title='bbox 33 1137 143 1198; x_wconf 76' lang='lat' dir='ltr'>bimus</span> <span class='ocrx_word' id='word_1_86' title='bbox 161 1155 230 1198; x_wconf 91' lang='lat' dir='ltr'>cum</span> <span class='ocrx_word' id='word_1_87' title='bbox 244 1148 312 1199; x_wconf 90' lang='lat' dir='ltr'>sunt</span> <span class='ocrx_word' id='word_1_88' title='bbox 327 1137 471 1218; x_wconf 79' lang='lat' dir='ltr'>duplices,</span> <span class='ocrx_word' id='word_1_89' title='bbox 488 1139 602 1218; x_wconf 82' lang='lat' dir='ltr'>pluvias</span> <span class='ocrx_word' id='word_1_90' title='bbox 618 1140 756 1217; x_wconf 90' lang='lat' dir='ltr'>nuntiant,</span> <span class='ocrx_word' id='word_1_91' title='bbox 772 1157 789 1200; x_wconf 90' lang='lat' dir='ltr'>a</span> <span class='ocrx_word' id='word_1_92' title='bbox 805 1138 909 1220; x_wconf 87' lang='lat' dir='ltr'>pluviis</span> <span class='ocrx_word' id='word_1_93' title='bbox 922 1143 1061 1201; x_wconf 88' lang='lat' dir='ltr'>serenita-</span> 
     </span>
     <span class='ocr_line' id='line_1_13' title="bbox 61 1222 1062 1367; baseline 0.003 -86"><span class='ocrx_word' id='word_1_94' title='bbox 61 1231 108 1367; x_wconf 68' lang='lat' dir='ltr'>tpm</span> <span class='ocrx_word' id='word_1_95' title='bbox 120 1239 179 1322; x_wconf 79' lang='lat' dir='ltr'>pon</span> <span class='ocrx_word' id='word_1_96' title='bbox 197 1222 322 1302; x_wconf 89' lang='lat' dir='ltr'>perinde</span> <span class='ocrx_word' id='word_1_97' title='bbox 346 1231 466 1283; x_wconf 86' lang='lat' dir='ltr'>certam.</span> <span class='ocrx_word' id='word_1_98' title='bbox 499 1222 626 1284; x_wconf 90' lang='lat' dir='ltr'>circulus</span> <span class='ocrx_word' id='word_1_99' title='bbox 646 1222 737 1301; x_wconf 47' lang='lat' dir='ltr'>nubis,</span> <span class='ocrx_word' id='word_1_100' title='bbox 753 1225 830 1285; x_wconf 88' lang='lat' dir='ltr'>circa</span> <span class='ocrx_word' id='word_1_101' title='bbox 851 1223 948 1285; x_wconf 89' lang='lat' dir='ltr'>sidera</span> <span class='ocrx_word' id='word_1_102' title='bbox 966 1225 1062 1303; x_wconf 89' lang='lat' dir='ltr'>aliqua</span> 
     </span>
     <span class='ocr_line' id='line_1_14' title="bbox 86 1325 183 1369; baseline -0.041 0"><span class='ocrx_word' id='word_1_103' title='bbox 86 1325 183 1369; x_wconf 81' lang='lat' dir='ltr'>utram</span> 
     </span>
     <span class='ocr_line' id='line_1_15' title="bbox 61 1325 1109 1472; baseline 0.004 -18"><span class='ocrx_word' id='word_1_104' title='bbox 61 1325 76 1386; x_wconf 59' lang='grc' dir='ltr'><strong>Ρ</strong></span> <span class='ocrx_word' id='word_1_105' title='bbox 112 1392 198 1472; x_wconf 84' lang='grc'>(81.)</span> <span class='ocrx_word' id='word_1_106' title='bbox 226 1388 299 1451; x_wconf 80' lang='lat' dir='ltr'>Cum</span> <span class='ocrx_word' id='word_1_107' title='bbox 316 1400 429 1454; x_wconf 86' lang='lat' dir='ltr'>aestate</span> <span class='ocrx_word' id='word_1_108' title='bbox 445 1391 645 1453; x_wconf 84' lang='lat' dir='ltr'>vehementius</span> <span class='ocrx_word' id='word_1_109' title='bbox 656 1392 749 1452; x_wconf 91' lang='lat' dir='ltr'>tonuit</span> <span class='ocrx_word' id='word_1_110' title='bbox 763 1409 847 1471; x_wconf 86' lang='lat' dir='ltr'>qua</span> <span class='ocrx_word' id='word_1_111' title='bbox 858 1392 954 1469; x_wconf 85' lang='lat' dir='ltr'>iulsit,</span> <span class='ocrx_word' id='word_1_112' title='bbox 976 1403 1109 1458; x_wconf 69' lang='lat' dir='ltr'>ren-354</span> 
     </span>
     <span class='ocr_line' id='line_1_16' title="bbox 62 1475 1059 1556; baseline -0.001 -21"><span class='ocrx_word' id='word_1_113' title='bbox 62 1485 99 1537; x_wconf 88' lang='lat' dir='ltr'>toa</span> <span class='ocrx_word' id='word_1_114' title='bbox 120 1494 158 1536; x_wconf 84' lang='lat' dir='ltr'>ex</span> <span class='ocrx_word' id='word_1_115' title='bbox 183 1493 221 1536; x_wconf 91' lang='lat' dir='ltr'>ea</span> <span class='ocrx_word' id='word_1_116' title='bbox 239 1487 323 1555; x_wconf 91' lang='lat' dir='ltr'>parte</span> <span class='ocrx_word' id='word_1_117' title='bbox 348 1477 511 1553; x_wconf 84' lang='lat' dir='ltr'>denuntiat,</span> <span class='ocrx_word' id='word_1_118' title='bbox 530 1485 631 1537; x_wconf 90' lang='lat' dir='ltr'>contra</span> <span class='ocrx_word' id='word_1_119' title='bbox 650 1481 677 1536; x_wconf 86' lang='lat' dir='ltr'>al</span> <span class='ocrx_word' id='word_1_120' title='bbox 692 1477 784 1536; x_wconf 89' lang='lat' dir='ltr'>minus</span> <span class='ocrx_word' id='word_1_121' title='bbox 805 1477 911 1556; x_wconf 88' lang='lat' dir='ltr'>tonuit,</span> <span class='ocrx_word' id='word_1_122' title='bbox 931 1475 1059 1537; x_wconf 85' lang='lat' dir='ltr'>imbrem.</span> 
     </span>
     <span class='ocr_line' id='line_1_17' title="bbox 62 1560 1061 1641; baseline 0.001 -21"><span class='ocrx_word' id='word_1_123' title='bbox 62 1579 116 1620; x_wconf 87' lang='lat' dir='ltr'>cunr</span> <span class='ocrx_word' id='word_1_124' title='bbox 130 1577 240 1621; x_wconf 87' lang='lat' dir='ltr'>sereno</span> <span class='ocrx_word' id='word_1_125' title='bbox 257 1563 343 1622; x_wconf 90' lang='lat' dir='ltr'>caelo</span> <span class='ocrx_word' id='word_1_126' title='bbox 358 1561 462 1640; x_wconf 75' lang='lat' dir='ltr'>fulget,</span> <span class='ocrx_word' id='word_1_127' title='bbox 474 1561 590 1641; x_wconf 87' lang='lat' dir='ltr'>pluviae</span> <span class='ocrx_word' id='word_1_128' title='bbox 603 1569 687 1620; x_wconf 89' lang='lat' dir='ltr'>erunt</span> <span class='ocrx_word' id='word_1_129' title='bbox 705 1569 734 1620; x_wconf 93' lang='lat' dir='ltr'>et</span> <span class='ocrx_word' id='word_1_130' title='bbox 745 1561 880 1636; x_wconf 77' lang='lat' dir='ltr'>tonitrua,</span> <span class='ocrx_word' id='word_1_131' title='bbox 897 1569 945 1620; x_wconf 88' lang='lat' dir='ltr'>aut</span> <span class='ocrx_word' id='word_1_132' title='bbox 955 1560 1061 1621; x_wconf 89' lang='lat' dir='ltr'>biema-</span> 
     </span>
     <span class='ocr_line' id='line_1_18' title="bbox 59 1643 1063 1724; baseline -0.002 -20"><span class='ocrx_word' id='word_1_133' title='bbox 59 1644 102 1721; x_wconf 90' lang='lat' dir='ltr'>bit‚</span> <span class='ocrx_word' id='word_1_134' title='bbox 113 1645 300 1706; x_wconf 86' lang='lat' dir='ltr'>atrocissime</span> <span class='ocrx_word' id='word_1_135' title='bbox 311 1655 417 1723; x_wconf 89' lang='lat' dir='ltr'>autem,</span> <span class='ocrx_word' id='word_1_136' title='bbox 431 1664 495 1706; x_wconf 90' lang='lat' dir='ltr'>cum</span> <span class='ocrx_word' id='word_1_137' title='bbox 508 1662 545 1704; x_wconf 87' lang='lat' dir='ltr'>ex</span> <span class='ocrx_word' id='word_1_138' title='bbox 557 1643 689 1704; x_wconf 86' lang='lat' dir='ltr'>omuibus</span> <span class='ocrx_word' id='word_1_139' title='bbox 701 1652 835 1723; x_wconf 86' lang='lat' dir='ltr'>quattuor</span> <span class='ocrx_word' id='word_1_140' title='bbox 847 1643 974 1724; x_wconf 87' lang='lat' dir='ltr'>partibus</span> <span class='ocrx_word' id='word_1_141' title='bbox 987 1644 1063 1704; x_wconf 92' lang='lat' dir='ltr'>caeli</span> 
     </span>
     <span class='ocr_line' id='line_1_19' title="bbox 58 1728 1063 1808; baseline -0.002 -19"><span class='ocrx_word' id='word_1_142' title='bbox 58 1729 219 1808; x_wconf 72' lang='lat' dir='ltr'>iulgnrabit.</span> <span class='ocrx_word' id='word_1_143' title='bbox 250 1749 315 1791; x_wconf 90' lang='lat' dir='ltr'>cam</span> <span class='ocrx_word' id='word_1_144' title='bbox 330 1729 367 1791; x_wconf 88' lang='lat' dir='ltr'>ab</span> <span class='ocrx_word' id='word_1_145' title='bbox 385 1730 522 1808; x_wconf 86' lang='lat' dir='ltr'>aquilone</span> <span class='ocrx_word' id='word_1_146' title='bbox 533 1737 651 1808; x_wconf 89' lang='lat' dir='ltr'>tantum,</span> <span class='ocrx_word' id='word_1_147' title='bbox 667 1729 856 1807; x_wconf 90' lang='lat' dir='ltr'>inposterum</span> <span class='ocrx_word' id='word_1_148' title='bbox 871 1728 946 1789; x_wconf 89' lang='lat' dir='ltr'>diem</span> <span class='ocrx_word' id='word_1_149' title='bbox 960 1745 1063 1807; x_wconf 86' lang='lat' dir='ltr'>aquarn</span> 
     </span>
     <span class='ocr_line' id='line_1_20' title="bbox 58 1811 1061 1894; baseline -0.003 -20"><span class='ocrx_word' id='word_1_150' title='bbox 58 1813 218 1892; x_wconf 86' lang='lat' dir='ltr'>pertendet,</span> <span class='ocrx_word' id='word_1_151' title='bbox 238 1832 334 1876; x_wconf 90' lang='lat' dir='ltr'>cuma</span> <span class='ocrx_word' id='word_1_152' title='bbox 351 1815 562 1894; x_wconf 85' lang='lat' dir='ltr'>septentrione,</span> <span class='ocrx_word' id='word_1_153' title='bbox 580 1822 786 1873; x_wconf 89' lang='lat' dir='ltr'>ventumeum.</span> <span class='ocrx_word' id='word_1_154' title='bbox 822 1830 886 1873; x_wconf 90' lang='lat' dir='ltr'>cnm</span> <span class='ocrx_word' id='word_1_155' title='bbox 907 1811 943 1871; x_wconf 91' lang='lat' dir='ltr'>ab</span> <span class='ocrx_word' id='word_1_156' title='bbox 965 1819 1061 1872; x_wconf 90' lang='lat' dir='ltr'>austro</span> 
     </span>
     <span class='ocr_line' id='line_1_21' title="bbox 57 1896 1061 1974; baseline -0.004 -16"><span class='ocrx_word' id='word_1_157' title='bbox 57 1898 99 1961; x_wconf 86' lang='lat' dir='ltr'>rel</span> <span class='ocrx_word' id='word_1_158' title='bbox 115 1916 187 1960; x_wconf 88' lang='lat' dir='ltr'>coro</span> <span class='ocrx_word' id='word_1_159' title='bbox 207 1907 258 1959; x_wconf 91' lang='lat' dir='ltr'>aut</span> <span class='ocrx_word' id='word_1_160' title='bbox 274 1899 391 1960; x_wconf 83' lang='lat' dir='ltr'>iavonio</span> <span class='ocrx_word' id='word_1_161' title='bbox 409 1907 495 1959; x_wconf 89' lang='lat' dir='ltr'>nocte</span> <span class='ocrx_word' id='word_1_162' title='bbox 517 1915 621 1958; x_wconf 90' lang='lat' dir='ltr'>serena</span> <span class='ocrx_word' id='word_1_163' title='bbox 638 1896 809 1974; x_wconf 79' lang='lat' dir='ltr'>fulgurabit,</span> <span class='ocrx_word' id='word_1_164' title='bbox 827 1905 943 1957; x_wconf 83' lang='lat' dir='ltr'>ventum</span> <span class='ocrx_word' id='word_1_165' title='bbox 965 1904 995 1955; x_wconf 91' lang='lat' dir='ltr'>et</span> <span class='ocrx_word' id='word_1_166' title='bbox 1011 1896 1061 1955; x_wconf 92' lang='lat' dir='ltr'>im·</span> 
     </span>
     <span class='ocr_line' id='line_1_22' title="bbox 59 1980 1062 2061; baseline -0.007 -17"><span class='ocrx_word' id='word_1_167' title='bbox 59 1982 187 2044; x_wconf 79' lang='lat' dir='ltr'>bremen</span> <span class='ocrx_word' id='word_1_168' title='bbox 210 1983 314 2044; x_wconf 90' lang='lat' dir='ltr'>iisdem</span> <span class='ocrx_word' id='word_1_169' title='bbox 332 1982 502 2061; x_wconf 76' lang='lat' dir='ltr'>regionibus</span> <span class='ocrx_word' id='word_1_170' title='bbox 526 1980 744 2042; x_wconf 89' lang='lat' dir='ltr'>demonstrabit.</span> <span class='ocrx_word' id='word_1_171' title='bbox 781 1982 904 2041; x_wconf 90' lang='lat' dir='ltr'>tonitrua</span> <span class='ocrx_word' id='word_1_172' title='bbox 927 1980 1062 2040; x_wconf 89' lang='lat' dir='ltr'>matutina</span> 
     </span>
     <span class='ocr_line' id='line_1_23' title="bbox 56 2066 1003 2146; baseline -0.002 -20"><span class='ocrx_word' id='word_1_173' title='bbox 56 2077 162 2128; x_wconf 87' lang='lat' dir='ltr'>rentum</span> <span class='ocrx_word' id='word_1_174' title='bbox 178 2067 356 2146; x_wconf 77' lang='lat' dir='ltr'>significant,</span> <span class='ocrx_word' id='word_1_175' title='bbox 371 2068 491 2128; x_wconf 88' lang='lat' dir='ltr'>imbrem</span> <span class='ocrx_word' id='word_1_176' title='bbox 506 2066 674 2126; x_wconf 88' lang='lat' dir='ltr'>meridiana.</span> <span class='ocrx_word' id='word_1_177' title='bbox 1000 2072 1003 2076; x_wconf 77' lang='grc'>’</span> 
     </span>
     <span class='ocr_line' id='line_1_24' title="bbox 110 2149 1107 2232; baseline -0.005 -19"><span class='ocrx_word' id='word_1_178' title='bbox 110 2151 198 2232; x_wconf 82' lang='lat'><strong>(82.)</strong></span> <span class='ocrx_word' id='word_1_179' title='bbox 221 2150 324 2212; x_wconf 85' lang='lat' dir='ltr'>Nubes</span> <span class='ocrx_word' id='word_1_180' title='bbox 342 2169 405 2212; x_wconf 92' lang='lat' dir='ltr'>cnm</span> <span class='ocrx_word' id='word_1_181' title='bbox 419 2167 527 2212; x_wconf 88' lang='lat' dir='ltr'>sereno</span> <span class='ocrx_word' id='word_1_182' title='bbox 544 2151 573 2210; x_wconf 89' lang='lat' dir='ltr'>iu</span> <span class='ocrx_word' id='word_1_183' title='bbox 587 2149 699 2210; x_wconf 83' lang='lat' dir='ltr'>caelum</span> <span class='ocrx_word' id='word_1_184' title='bbox 713 2149 858 2228; x_wconf 81' lang='lat' dir='ltr'>feruntur,</span> <span class='ocrx_word' id='word_1_185' title='bbox 876 2165 892 2207; x_wconf 88' lang='lat' dir='ltr'>a</span> <span class='ocrx_word' id='word_1_186' title='bbox 909 2155 1107 2226; x_wconf 70' lang='lat' dir='ltr'>quacum-tut</span> 
     </span>
     <span class='ocr_line' id='line_1_25' title="bbox 57 2230 1060 2316; baseline -0.007 -19"><span class='ocrx_word' id='word_1_187' title='bbox 57 2253 105 2315; x_wconf 75' lang='lat' dir='ltr'>pus</span> <span class='ocrx_word' id='word_1_188' title='bbox 127 2245 217 2316; x_wconf 88' lang='lat' dir='ltr'>parte</span> <span class='ocrx_word' id='word_1_189' title='bbox 241 2236 270 2297; x_wconf 94' lang='lat' dir='ltr'>id</span> <span class='ocrx_word' id='word_1_190' title='bbox 287 2236 337 2296; x_wconf 89' lang='lat' dir='ltr'>liet</span> <span class='ocrx_word' id='word_1_191' title='bbox 358 2237 437 2296; x_wconf 84' lang='lat' dir='ltr'>venti</span> <span class='ocrx_word' id='word_1_192' title='bbox 458 2241 678 2315; x_wconf 87' lang='lat' dir='ltr'>exspectentur.</span> <span class='ocrx_word' id='word_1_193' title='bbox 709 2235 734 2293; x_wconf 91' lang='lat' dir='ltr'>si</span> <span class='ocrx_word' id='word_1_194' title='bbox 756 2232 860 2293; x_wconf 91' lang='lat' dir='ltr'>ecdem</span> <span class='ocrx_word' id='word_1_195' title='bbox 875 2231 943 2292; x_wconf 90' lang='lat' dir='ltr'>loco</span> <span class='ocrx_word' id='word_1_196' title='bbox 959 2230 1060 2309; x_wconf 83' lang='lat' dir='ltr'>globa-</span> 
     </span>
     <span class='ocr_line' id='line_1_26' title="bbox 57 2316 1062 2400; baseline -0.008 -20"><span class='ocrx_word' id='word_1_197' title='bbox 57 2319 163 2399; x_wconf 90' lang='lat' dir='ltr'>buntur,</span> <span class='ocrx_word' id='word_1_198' title='bbox 179 2320 509 2400; x_wconf 83' lang='lat' dir='ltr'>adpropinquautesque</span> <span class='ocrx_word' id='word_1_199' title='bbox 525 2319 581 2380; x_wconf 92' lang='lat' dir='ltr'>soli</span> <span class='ocrx_word' id='word_1_200' title='bbox 597 2318 798 2392; x_wconf 86' lang='lat' dir='ltr'>discutientur,</span> <span class='ocrx_word' id='word_1_201' title='bbox 817 2325 846 2376; x_wconf 88' lang='lat' dir='ltr'>et</span> <span class='ocrx_word' id='word_1_202' title='bbox 863 2316 920 2377; x_wconf 89' lang='lat' dir='ltr'>boc</span> <span class='ocrx_word' id='word_1_203' title='bbox 935 2316 972 2375; x_wconf 86' lang='lat' dir='ltr'>ab</span> <span class='ocrx_word' id='word_1_204' title='bbox 983 2316 1062 2392; x_wconf 86' lang='lat' dir='ltr'>equi·</span> 
     </span>
     <span class='ocr_line' id='line_1_27' title="bbox 56 2398 1062 2482; baseline -0.008 -17"><span class='ocrx_word' id='word_1_205' title='bbox 56 2404 115 2466; x_wconf 90' lang='lat' dir='ltr'>lone</span> <span class='ocrx_word' id='word_1_206' title='bbox 132 2405 197 2482; x_wconf 90' lang='lat' dir='ltr'>liet,</span> <span class='ocrx_word' id='word_1_207' title='bbox 213 2413 331 2482; x_wconf 79' lang='lat' dir='ltr'>ventos,</span> <span class='ocrx_word' id='word_1_208' title='bbox 348 2406 372 2465; x_wconf 92' lang='lat' dir='ltr'>si</span> <span class='ocrx_word' id='word_1_209' title='bbox 389 2405 425 2465; x_wconf 90' lang='lat' dir='ltr'>ab</span> <span class='ocrx_word' id='word_1_210' title='bbox 442 2413 558 2479; x_wconf 89' lang='lat' dir='ltr'>austro,</span> <span class='ocrx_word' id='word_1_211' title='bbox 570 2402 670 2462; x_wconf 88' lang='lat' dir='ltr'>imbris</span> <span class='ocrx_word' id='word_1_212' title='bbox 684 2400 868 2481; x_wconf 90' lang='lat' dir='ltr'>portendent.</span> <span class='ocrx_word' id='word_1_213' title='bbox 897 2398 961 2459; x_wconf 92' lang='lat' dir='ltr'>sole</span> <span class='ocrx_word' id='word_1_214' title='bbox 983 2399 1062 2457; x_wconf 92' lang='lat' dir='ltr'>occi·</span> 
     </span>
     <span class='ocr_line' id='line_1_28' title="bbox 55 2485 1062 2568; baseline -0.011 -18"><span class='ocrx_word' id='word_1_215' title='bbox 55 2488 133 2550; x_wconf 85' lang='lat' dir='ltr'>dente</span> <span class='ocrx_word' id='word_1_216' title='bbox 152 2491 178 2550; x_wconf 87' lang='lat' dir='ltr'>si</span> <span class='ocrx_word' id='word_1_217' title='bbox 199 2506 238 2550; x_wconf 85' lang='lat' dir='ltr'>ex</span> <span class='ocrx_word' id='word_1_218' title='bbox 259 2498 380 2568; x_wconf 84' lang='lat' dir='ltr'>utreque</span> <span class='ocrx_word' id='word_1_219' title='bbox 400 2497 484 2568; x_wconf 90' lang='lat' dir='ltr'>parte</span> <span class='ocrx_word' id='word_1_220' title='bbox 506 2489 569 2548; x_wconf 87' lang='lat' dir='ltr'>eius</span> <span class='ocrx_word' id='word_1_221' title='bbox 592 2485 704 2546; x_wconf 85' lang='lat' dir='ltr'>caelum</span> <span class='ocrx_word' id='word_1_222' title='bbox 724 2493 840 2565; x_wconf 89' lang='lat' dir='ltr'>petent,</span> <span class='ocrx_word' id='word_1_223' title='bbox 860 2489 1062 2561; x_wconf 86' lang='lat' dir='ltr'>tempestatem</span> 
     </span>
     <span class='ocr_line' id='line_1_29' title="bbox 55 2569 1062 2652; baseline -0.011 -18"><span class='ocrx_word' id='word_1_224' title='bbox 55 2573 266 2652; x_wconf 78' lang='lat' dir='ltr'>significabunt.</span> <span class='ocrx_word' id='word_1_225' title='bbox 293 2573 496 2634; x_wconf 86' lang='lat' dir='ltr'>vehementius</span> <span class='ocrx_word' id='word_1_226' title='bbox 512 2580 592 2632; x_wconf 90' lang='lat' dir='ltr'>atrae</span> <span class='ocrx_word' id='word_1_227' title='bbox 607 2570 644 2630; x_wconf 88' lang='lat' dir='ltr'>ab</span> <span class='ocrx_word' id='word_1_228' title='bbox 660 2571 773 2630; x_wconf 89' lang='lat' dir='ltr'>oriente</span> <span class='ocrx_word' id='word_1_229' title='bbox 787 2569 817 2628; x_wconf 92' lang='lat' dir='ltr'>in</span> <span class='ocrx_word' id='word_1_230' title='bbox 832 2576 947 2628; x_wconf 91' lang='lat' dir='ltr'>noctem</span> <span class='ocrx_word' id='word_1_231' title='bbox 960 2581 1062 2644; x_wconf 90' lang='lat' dir='ltr'>aquarn</span> 
     </span>
     <span class='ocr_line' id='line_1_30' title="bbox 54 2647 1108 2735; baseline -0.007 -16"><span class='ocrx_word' id='word_1_232' title='bbox 54 2661 203 2734; x_wconf 75' lang='lat' dir='ltr'>amantur,</span> <span class='ocrx_word' id='word_1_233' title='bbox 218 2658 256 2720; x_wconf 90' lang='lat' dir='ltr'>ab</span> <span class='ocrx_word' id='word_1_234' title='bbox 269 2658 424 2719; x_wconf 89' lang='lat' dir='ltr'>occidente</span> <span class='ocrx_word' id='word_1_235' title='bbox 438 2657 468 2716; x_wconf 92' lang='lat' dir='ltr'>in</span> <span class='ocrx_word' id='word_1_236' title='bbox 485 2663 635 2735; x_wconf 89' lang='lat' dir='ltr'>posterum</span> <span class='ocrx_word' id='word_1_237' title='bbox 648 2655 733 2716; x_wconf 89' lang='lat' dir='ltr'>diem.</span> <span class='ocrx_word' id='word_1_238' title='bbox 752 2655 776 2713; x_wconf 94' lang='lat' dir='ltr'>si</span> <span class='ocrx_word' id='word_1_239' title='bbox 788 2651 881 2712; x_wconf 90' lang='lat' dir='ltr'>nubas</span> <span class='ocrx_word' id='word_1_240' title='bbox 892 2659 923 2710; x_wconf 92' lang='lat' dir='ltr'>ut</span> <span class='ocrx_word' id='word_1_241' title='bbox 933 2647 1108 2712; x_wconf 81' lang='lat' dir='ltr'>vellerasco</span> 
     </span>
     <span class='ocr_line' id='line_1_31' title="bbox 54 2735 1062 2822; baseline -0.014 -17"><span class='ocrx_word' id='word_1_242' title='bbox 54 2741 131 2805; x_wconf 78' lang='lat' dir='ltr'>lunae</span> <span class='ocrx_word' id='word_1_243' title='bbox 146 2751 326 2822; x_wconf 81' lang='lat' dir='ltr'>spargentur</span> <span class='ocrx_word' id='word_1_244' title='bbox 336 2741 442 2801; x_wconf 87' lang='lat' dir='ltr'>multae</span> <span class='ocrx_word' id='word_1_245' title='bbox 460 2740 496 2802; x_wconf 86' lang='lat' dir='ltr'>ab</span> <span class='ocrx_word' id='word_1_246' title='bbox 515 2741 647 2814; x_wconf 90' lang='lat' dir='ltr'>oriente,</span> <span class='ocrx_word' id='word_1_247' title='bbox 671 2754 772 2817; x_wconf 83' lang='lat' dir='ltr'>aquam</span> <span class='ocrx_word' id='word_1_248' title='bbox 791 2738 820 2796; x_wconf 92' lang='lat' dir='ltr'>iu</span> <span class='ocrx_word' id='word_1_249' title='bbox 840 2735 961 2796; x_wconf 91' lang='lat' dir='ltr'>triduum</span> <span class='ocrx_word' id='word_1_250' title='bbox 979 2751 1062 2812; x_wconf 90' lang='lat' dir='ltr'>prae·</span> 
     </span>
     <span class='ocr_line' id='line_1_32' title="bbox 54 2817 1062 2906; baseline -0.013 -18"><span class='ocrx_word' id='word_1_251' title='bbox 54 2830 172 2906; x_wconf 76' lang='lat' dir='ltr'>rugient.</span> <span class='ocrx_word' id='word_1_252' title='bbox 209 2844 275 2887; x_wconf 90' lang='lat' dir='ltr'>cum</span> <span class='ocrx_word' id='word_1_253' title='bbox 292 2827 323 2885; x_wconf 92' lang='lat' dir='ltr'>iu</span> <span class='ocrx_word' id='word_1_254' title='bbox 340 2825 535 2886; x_wconf 85' lang='lat' dir='ltr'>cacuminibus</span> <span class='ocrx_word' id='word_1_255' title='bbox 550 2823 687 2884; x_wconf 89' lang='lat' dir='ltr'>montium</span> <span class='ocrx_word' id='word_1_256' title='bbox 704 2821 796 2881; x_wconf 89' lang='lat' dir='ltr'>nubes</span> <span class='ocrx_word' id='word_1_257' title='bbox 816 2819 982 2893; x_wconf 90' lang='lat' dir='ltr'>consident,</span> <span class='ocrx_word' id='word_1_258' title='bbox 1002 2817 1062 2876; x_wconf 89' lang='lat' dir='ltr'>bis·</span> 
     </span>
     <span class='ocr_line' id='line_1_33' title="bbox 55 2900 1062 2990; baseline -0.015 -17"><span class='ocrx_word' id='word_1_259' title='bbox 55 2913 144 2973; x_wconf 82' lang='lat' dir='ltr'>arabit.</span> <span class='ocrx_word' id='word_1_260' title='bbox 174 2912 204 2972; x_wconf 91' lang='lat' dir='ltr'>si</span> <span class='ocrx_word' id='word_1_261' title='bbox 228 2911 378 2972; x_wconf 86' lang='lat' dir='ltr'>cacumina</span> <span class='ocrx_word' id='word_1_262' title='bbox 401 2928 473 2990; x_wconf 88' lang='lat' dir='ltr'>puna</span> <span class='ocrx_word' id='word_1_263' title='bbox 493 2909 578 2987; x_wconf 88' lang='lat' dir='ltr'>flent,</span> <span class='ocrx_word' id='word_1_264' title='bbox 601 2904 804 2969; x_wconf 90' lang='lat' dir='ltr'>disserenabit.</span> <span class='ocrx_word' id='word_1_265' title='bbox 842 2903 918 2963; x_wconf 88' lang='lat' dir='ltr'>nube</span> <span class='ocrx_word' id='word_1_266' title='bbox 943 2900 1062 2979; x_wconf 80' lang='lat' dir='ltr'>gravida</span> 
     </span>
     <span class='ocr_line' id='line_1_34' title="bbox 55 2986 1062 3074; baseline -0.013 -18"><span class='ocrx_word' id='word_1_267' title='bbox 55 2997 241 3072; x_wconf 79' lang='lat' dir='ltr'>candicante,</span> <span class='ocrx_word' id='word_1_268' title='bbox 258 2994 336 3074; x_wconf 86' lang='lat' dir='ltr'>quod</span> <span class='ocrx_word' id='word_1_269' title='bbox 354 3002 460 3055; x_wconf 86' lang='lat' dir='ltr'>vocant</span> <span class='ocrx_word' id='word_1_270' title='bbox 473 3001 676 3072; x_wconf 87' lang='lat' dir='ltr'>tempestatem</span> <span class='ocrx_word' id='word_1_271' title='bbox 694 2989 805 3065; x_wconf 90' lang='lat' dir='ltr'>albam,</span> <span class='ocrx_word' id='word_1_272' title='bbox 820 2987 931 3067; x_wconf 71' lang='lat' dir='ltr'>grando</span> <span class='ocrx_word' id='word_1_273' title='bbox 946 2986 1062 3045; x_wconf 89' lang='lat' dir='ltr'>inminc-</span> 
     </span>
     <span class='ocr_line' id='line_1_35' title="bbox 54 3069 1063 3159; baseline -0.012 -19"><span class='ocrx_word' id='word_1_274' title='bbox 54 3079 95 3141; x_wconf 84' lang='lat' dir='ltr'>tn.</span> <span class='ocrx_word' id='word_1_275' title='bbox 125 3081 217 3142; x_wconf 90' lang='lat' dir='ltr'>caelo</span> <span class='ocrx_word' id='word_1_276' title='bbox 240 3079 373 3159; x_wconf 65' lang='lat' dir='ltr'>maruvio</span> <span class='ocrx_word' id='word_1_277' title='bbox 396 3095 503 3139; x_wconf 86' lang='lat' dir='ltr'>sereno</span> <span class='ocrx_word' id='word_1_278' title='bbox 524 3075 669 3137; x_wconf 90' lang='lat' dir='ltr'>nubecula</span> <span class='ocrx_word' id='word_1_279' title='bbox 693 3075 822 3152; x_wconf 86' lang='lat' dir='ltr'>quamvis</span> <span class='ocrx_word' id='word_1_280' title='bbox 849 3088 939 3152; x_wconf 86' lang='lat' dir='ltr'>parva</span> <span class='ocrx_word' id='word_1_281' title='bbox 967 3069 1063 3130; x_wconf 86' lang='lat' dir='ltr'>datum</span> 
     </span>
    </p>
   </div>
   <div class='ocr_carea' id='block_1_3' title="bbox 53 3163 1106 3331">
    <p class='ocr_par' dir='ltr' id='par_1_3' title="bbox 53 3163 1106 3331">
     <span class='ocr_line' id='line_1_36' title="bbox 53 3163 358 3246; baseline -0.016 -19"><span class='ocrx_word' id='word_1_282' title='bbox 53 3167 253 3246; x_wconf 85' lang='lat' dir='ltr'>procellosum</span> <span class='ocrx_word' id='word_1_283' title='bbox 270 3163 358 3224; x_wconf 90' lang='lat' dir='ltr'>dabit.</span> 
     </span>
     <span class='ocr_line' id='line_1_37' title="bbox 107 3237 1106 3331; baseline -0.015 -18"><span class='ocrx_word' id='word_1_284' title='bbox 107 3250 200 3331; x_wconf 88' lang='grc'>(83.)</span> <span class='ocrx_word' id='word_1_285' title='bbox 220 3247 355 3308; x_wconf 87' lang='lat' dir='ltr'>Nebulae</span> <span class='ocrx_word' id='word_1_286' title='bbox 369 3246 511 3307; x_wconf 89' lang='lat' dir='ltr'>montibus</span> <span class='ocrx_word' id='word_1_287' title='bbox 524 3242 739 3306; x_wconf 87' lang='lat' dir='ltr'>descendentes</span> <span class='ocrx_word' id='word_1_288' title='bbox 751 3251 798 3301; x_wconf 90' lang='lat' dir='ltr'>ant</span> <span class='ocrx_word' id='word_1_289' title='bbox 810 3239 895 3300; x_wconf 88' lang='lat' dir='ltr'>caelo</span> <span class='ocrx_word' id='word_1_290' title='bbox 910 3237 1106 3298; x_wconf 73' lang='lat' dir='ltr'>cadentesbti</span> 
     </span>
    </p>
   </div>
   <div class='ocr_carea' id='block_1_4' title="bbox 51 3327 1065 3583">
    <p class='ocr_par' dir='ltr' id='par_1_4' title="bbox 51 3327 1065 3583">
     <span class='ocr_line' id='line_1_38' title="bbox 51 3327 835 3406; baseline -0.013 -13"><span class='ocrx_word' id='word_1_291' title='bbox 51 3335 92 3396; x_wconf 86' lang='lat' dir='ltr'>rel</span> <span class='ocrx_word' id='word_1_292' title='bbox 110 3337 140 3398; x_wconf 91' lang='lat' dir='ltr'>in</span> <span class='ocrx_word' id='word_1_293' title='bbox 155 3333 289 3395; x_wconf 84' lang='lat' dir='ltr'>vallibus</span> <span class='ocrx_word' id='word_1_294' title='bbox 307 3331 436 3392; x_wconf 89' lang='lat' dir='ltr'>sidentes</span> <span class='ocrx_word' id='word_1_295' title='bbox 453 3329 640 3391; x_wconf 89' lang='lat' dir='ltr'>serenitatem</span> <span class='ocrx_word' id='word_1_296' title='bbox 658 3327 835 3406; x_wconf 89' lang='lat' dir='ltr'>promittent.</span> 
     </span>
     <span class='ocr_line' id='line_1_39' title="bbox 107 3401 1065 3500; baseline -0.02 -20"><span class='ocrx_word' id='word_1_297' title='bbox 107 3419 201 3500; x_wconf 85' lang='grc'>(84.)</span> <span class='ocrx_word' id='word_1_298' title='bbox 223 3415 271 3477; x_wconf 79' lang='lat' dir='ltr'>Ab</span> <span class='ocrx_word' id='word_1_299' title='bbox 296 3416 340 3477; x_wconf 90' lang='lat' dir='ltr'>bis</span> <span class='ocrx_word' id='word_1_300' title='bbox 363 3416 471 3476; x_wconf 90' lang='lat' dir='ltr'>terreni</span> <span class='ocrx_word' id='word_1_301' title='bbox 492 3415 576 3492; x_wconf 83' lang='lat' dir='ltr'>ignes</span> <span class='ocrx_word' id='word_1_302' title='bbox 595 3428 737 3492; x_wconf 86' lang='lat' dir='ltr'>proxume</span> <span class='ocrx_word' id='word_1_303' title='bbox 762 3407 934 3488; x_wconf 76' lang='lat' dir='ltr'>significant.</span> <span class='ocrx_word' id='word_1_304' title='bbox 963 3401 1065 3483; x_wconf 90' lang='lat' dir='ltr'>pallidi</span> 
     </span>
     <span class='ocr_line' id='line_1_40' title="bbox 52 3486 1063 3583; baseline -0.017 -21"><span class='ocrx_word' id='word_1_305' title='bbox 52 3521 170 3583; x_wconf 86' lang='lat' dir='ltr'>nanque</span> <span class='ocrx_word' id='word_1_306' title='bbox 190 3509 463 3580; x_wconf 82' lang='lat' dir='ltr'>murmurantesque</span> <span class='ocrx_word' id='word_1_307' title='bbox 477 3504 683 3578; x_wconf 89' lang='lat' dir='ltr'>tempestatum</span> <span class='ocrx_word' id='word_1_308' title='bbox 698 3495 786 3555; x_wconf 91' lang='lat' dir='ltr'>nuntii</span> <span class='ocrx_word' id='word_1_309' title='bbox 808 3490 982 3564; x_wconf 87' lang='lat' dir='ltr'>sentiuntur,</span> <span class='ocrx_word' id='word_1_310' title='bbox 1002 3486 1063 3566; x_wconf 90' lang='lat' dir='ltr'>plu·</span> 
     </span>
    </p>
   </div>
   <div class='ocr_carea' id='block_1_5' title="bbox 0 0 1234 3906">
    <p class='ocr_par' dir='ltr' id='par_1_5' title="bbox 0 0 1234 3906">
     <span class='ocr_line' id='line_1_41' title="bbox 0 0 1234 3906; baseline 0 4"><span class='ocrx_word' id='word_1_311' title='bbox 0 0 1234 3906; x_wconf 95' lang='lat' dir='ltr'> </span> 
     </span>
    </p>
   </div>
  </div>
 </body>
</html>
