2504 3930
346 203 428 248 unu.
449 201 541 249 mss.
563 201 664 248 xm.
679 199 708 249 2
730 188 867 265 (1-15.)
999 213 1004 223 ·
1048 185 1111 248 263

1 349 2 352 '
112 363 219 415 contra
236 372 375 430 aquarum
395 353 481 432 culpa
493 355 522 412 in
537 353 689 413 Troezene
709 355 832 411 omnium
849 353 942 430 pedes
960 353 1030 410 vitia
1045 369 1111 410 sen-

1 503 3 517 ,
112 440 197 496 tiunt.
219 437 329 511 Tungri
347 439 450 496 civitas
464 437 574 496 Galliae
589 437 698 494 iontem
713 435 802 494 hahet
814 437 956 512 mugnem
970 436 1108 513 plurumis
1120 446 1155 498 1²

111 520 203 578 bullis
218 519 392 594 stillantem,
413 521 572 596 lenuginei
587 521 715 596 saporis,
740 519 818 595 quod
835 523 927 596 ipsum
943 535 1001 578 non
1014 520 1069 576 nisi
1082 519 1113 576 in

113 605 172 662 line
188 611 277 679 potus
294 603 481 679 intellegitur.
515 612 620 681 purgat
639 601 688 659 hic
702 619 845 678 corpora,
865 604 1005 661 tertianas
1020 601 1112 659 feltris
1173 649 1178 659 .

1 747 11 760 ,
85 699 100 736 ⁵
113 687 234 744 discutit
249 685 485 763 calculorumque
496 688 575 744 vitia.
592 684 776 761 ademaqua
789 687 858 760 igne
870 685 986 744 admoto
1001 683 1113 743 turbida

111 769 145 826 lit
162 787 200 826 ac
222 777 373 844 postremo
391 769 529 827 rubescit.
565 769 732 843 Leucogaei
757 768 855 826 fontes
881 771 957 826 inter
974 767 1112 826 Puteolos

112 859 144 909 et
157 850 315 927 Neapolim
329 851 423 910 oeulis
443 862 473 910 et
486 851 654 910 volneribus
668 849 828 909 medentur.
856 850 963 910 cicero
978 853 1007 908 in
1023 849 1110 909 admi-

110 933 213 992 raudis
235 936 335 1010 posuit
346 935 476 994 Reatinis
494 943 599 993 mutum
615 933 767 1011 paludibus
781 934 903 1010 mgulas
924 935 1113 1006 iumentorum

111 1017 253 1075 indurari.
1074 1069 1078 1076 .

77 1116 107 1156 to
180 1099 246 1176 (9.)
265 1099 394 1158 Endt'cus
409 1101 438 1156 iu
451 1099 649 1158 Hestiaeotide
668 1099 757 1157 fontis
772 1099 847 1157 dnos
860 1097 946 1158 tradit
960 1117 1038 1173 esse,
1054 1095 1108 1156 Ge·
1120 1108 1155 1162 13
1197 1095 1204 1106 ⁴

115 1199 216 1241 ronam
228 1201 269 1240 ex
282 1199 340 1258 qno
355 1181 479 1241 bibentis
494 1186 559 1241 oris
572 1185 670 1257 nigras
687 1183 767 1255 heri,
782 1181 876 1241 Nelea
889 1201 928 1240 ex
945 1199 1003 1259 quo
1019 1181 1112 1256 albas,

1 1327 3 1347 .
114 1284 154 1324 ex
167 1274 294 1341 utroque
310 1267 423 1338 urias,
442 1265 659 1342 Theophrastus
679 1263 793 1322 Thuriis
807 1264 934 1324 crathim
954 1265 1112 1324 candorem

10 1370 16 1381 ·
110 1349 234 1424 lacere,
256 1346 388 1420 Sybarim
403 1350 553 1422 nigritiam
566 1347 661 1408 hobus
685 1366 722 1406 ac
744 1349 856 1424 pecori.
888 1349 972 1426 (10.)
990 1349 1058 1426 quin
1078 1356 1109 1406 ct
1121 1358 1155 1410 tt

0 1452 1 1461 ³
110 1431 247 1489 homiues
270 1433 385 1488 sentire
400 1431 587 1489 differentiam
608 1449 681 1490 eam
707 1447 772 1489 uam
787 1432 836 1507 qui
857 1449 875 1488 e
894 1429 999 1504 Sybari
1014 1429 1112 1489 hihant

1 1545 2 1566 2
75 1529 101 1570 15
110 1515 262 1589 nigriores
278 1531 346 1571 esse
366 1514 557 1590 durioresque
577 1523 608 1572 et
629 1515 729 1590 crispo
751 1513 878 1590 capillo,
899 1516 948 1590 qui
970 1532 988 1572 e
1011 1511 1112 1572 Crathi

111 1595 258 1654 candidos
270 1597 480 1673 mollioresque
495 1615 532 1656 sc
545 1605 683 1674 porrecta
699 1613 799 1668 coma,
816 1598 883 1654 item
898 1599 927 1654 in
939 1597 1110 1656 lacedooia

109 1681 160 1756 qui
183 1677 278 1736 uelint
300 1679 354 1736 sihi
371 1680 491 1738 candida
510 1683 590 1738 nasci
613 1679 651 1738 ad
672 1679 887 1737 llaliacmouem
908 1679 1035 1753 ducere,
1062 1681 1112 1758 qui

107 1763 199 1836 nigra
219 1771 269 1818 aut
288 1761 370 1819 fusca
383 1761 421 1820 ad
434 1763 549 1822 Axium
578 1762 654 1821 idem
674 1763 768 1820 omnia
791 1763 875 1821 lusca
893 1765 973 1820 nasci
993 1762 1110 1839 quihus

108 1844 178 1903 dam
198 1845 229 1900 in
243 1844 318 1902 locis
334 1844 404 1902 dicit
422 1854 452 1902 et
467 1845 569 1920 fruges
590 1863 723 1922 quoque,
742 1846 818 1903 sient
836 1846 866 1903 in
883 1845 1055 1923 lessapiis,
1081 1856 1110 1904 at

73 1930 140 1986 ooin
156 1927 243 1984 Lusis
265 1927 411 1985 Arcadiae
432 1928 555 2003 quodam
572 1928 653 1987 fonte
679 1929 768 1986 muris
790 1928 937 1986 terrestris
958 1930 1059 1987 rivere
1080 1939 1111 1988 et

1 2026 2 2038 ¹
109 2010 298 2068 conversari.
321 2009 453 2082 Erythris
464 2011 557 2069 Aleos
573 2013 663 2068 amnis
677 2011 754 2087 pilos
771 2011 911 2086 gignitis
926 2010 1109 2088 corporibus.

176 2092 264 2168 (tt.)
287 2091 320 2150 lu
333 2092 456 2151 Boeotia
473 2093 509 2152 ad
526 2093 722 2170 Trophonium
733 2093 817 2152 deum
827 2095 906 2152 iuxta
916 2093 1022 2152 flumen
1033 2093 1105 2154 ller-
1118 2107 1152 2160 15

111 2193 238 2248 cunnum
256 2174 400 2233 eduohus
413 2177 542 2235 loutihus
564 2177 639 2235 alter
652 2179 818 2236 memoriam
841 2177 916 2236 alter
934 2176 1110 2238 oblivionem

113 2257 224 2336 adfert,
240 2257 308 2315 inde
322 2258 482 2316 nominibus
495 2263 630 2318 inventis.

75 2356 104 2394 π
178 2341 266 2416 (Ῑῖ.)
287 2337 325 2398 Iu
342 2339 442 2400 Cilicia
465 2343 541 2419 apud
561 2343 697 2419 oppidum
713 2342 838 2401 Geseum
858 2343 940 2401 rivos
960 2343 1022 2400 duit
1035 2342 1108 2410 Nus,

111 2442 152 2565 pp
167 2440 228 2520 qqo
238 2423 401 2564 diblfflr?
416 2424 785 2581 subtiliorempppssfiherti'
795 2427 892 2564 {²1:¹0
906 2425 1020 2563 tratffi
1030 2432 1061 2482 at
1080 2427 1110 2482 in

137 2524 352 2564 earnsaon
382 2525 486 2566 messe
539 2525 557 2565 o
728 2525 764 2564 an
883 2523 945 2563 ern
1020 2523 1111 2565 eaex

109 2606 172 2668 quo
187 2605 315 2647 canorae
326 2607 428 2650 uoces.
500 2526 538 2584 qu

175 2673 263 2748 (13.)
285 2671 389 2731 Vinum
401 2673 499 2732 taedio
513 2674 614 2730 venire
629 2674 664 2730 iis
678 2672 727 2748 qui
745 2689 783 2729 ex
801 2669 925 2729 ctitorio
938 2669 1006 2728 lacu
1023 2669 1106 2729 ltihe
1119 2684 1154 2736 16

73 2776 101 2817 so
110 2758 171 2814 rint
180 2757 221 2812 ait
230 2754 380 2829 Eudoxus,
395 2764 425 2814 et
436 2755 642 2834 Theopompus
652 2754 789 2812 inebriari
796 2752 924 2810 lontibus
935 2753 971 2810 iis
981 2769 1056 2830 quos
1069 2753 1110 2812 di·

109 2840 219 2897 ximus.
249 2837 400 2897 llucianus
413 2837 505 2896 Andri
520 2857 537 2897 e
551 2839 632 2896 loute
648 2838 744 2896 Liberi
758 2836 848 2912 patris
861 2836 945 2892 statis
962 2835 1065 2894 diebus
1075 2858 1094 2896 ι.
1104 2859 1143 2892 a·

109 2921 248 2998 septenis
264 2921 327 2978 eius
343 2921 390 2980 dei
406 2923 500 2980 riuum
514 2921 614 2996 duero,
629 2924 655 2980 si
670 2920 815 2979 auferatur
828 2936 848 2975 e
862 2927 1025 2994 conspectu
1040 2929 1111 2980 tem-

109 3004 172 3082 pli,
195 3019 306 3080 sapore
328 3005 357 3060 in
380 3022 482 3081 aquom
504 3013 679 3062 transeunte.
710 3002 794 3076 (ld)
812 2999 973 3072 Polyclitus
993 3003 1109 3078 expleri
1122 3012 1154 3066 17

109 3089 194 3146 iuxta
213 3085 303 3144 Solos
324 3084 460 3160 Ciliciae,
486 3104 523 3145 eo
549 3089 635 3161 ungui
656 3083 892 3159 Theophrastus,
919 3101 956 3141 ac
981 3084 1058 3142 idem
1084 3087 1114 3144 in

74 3179 99 3218 ³⁵
110 3169 274 3245 Aethiopia
284 3169 412 3226 eiusdem
427 3170 549 3227 nominis
559 3169 678 3240 fontem,
694 3166 790 3238 Lycos
801 3163 960 3223 iuDitistra
970 3168 1034 3224 eins
1049 3167 1114 3227 lon-

108 3262 171 3312 teni
186 3269 256 3309 esse
273 3253 354 3310 cuius
372 3269 446 3328 aqua
460 3252 564 3311 luceat
596 3251 672 3309 idem
686 3247 843 3308 Ecbatanis
855 3246 988 3306 traditur.
1018 3249 1115 3310 Theo·

108 3352 242 3414 pompus
265 3335 296 3391 in
317 3335 484 3394 Scotusaeis
503 3335 598 3392 lucum
617 3351 685 3392 esse
704 3331 774 3390 dicit
793 3332 842 3406 qni
862 3328 1038 3392 volneribus
1056 3353 1116 3394 me·

108 3418 210 3493 detur,
228 3417 314 3494 (15.)
335 3416 406 3476 lulta
418 3419 447 3476 iu
463 3417 640 3494 Trogodytis
663 3416 759 3474 locum
778 3414 911 3470 insanu-
933 3413 1072 3478 malolica
1085 3421 1115 3477 ri
1125 3427 1160 3479 18
