2430 3896
142 195 181 258 24
478 200 509 250 ο.
531 200 629 248 rann
651 197 803 248 sacuam

141 362 211 425 rami
226 362 310 422 luere
327 357 521 439 praecidatur,
538 355 616 436 quod
637 363 772 436 superest
789 354 870 430 vivit,
883 355 992 416 sivero
1009 369 1159 416 cacumen

141 457 249 509 tantum
264 446 422 519 auferatur,
439 450 501 502 tota
518 443 647 502 moritur.
680 440 737 501 alia
753 438 789 500 ah
805 439 904 500 radice
921 438 1104 514 bracchiata,
1123 445 1159 496 ut

143 533 246 606 ulmus,
263 528 318 590 alia
336 529 364 588 in
378 527 526 587 cacumine
539 542 665 602 ramosa,
683 533 713 584 ut
725 524 821 603 pinus,
837 523 906 585 laba
920 522 1046 600 Graeca,
1062 539 1159 602 quam

142 616 252 675 llomae
265 632 281 674 a
293 613 435 673 suavitate
444 611 555 671 fructus
565 609 757 670 -silvcstris
770 609 898 688 quidem,
913 608 966 669 sed
979 623 1158 668 cerasorum

100 709 252 780 ltlpaene
265 695 505 758 natura-loton
522 692 681 773 appellant.
708 694 870 772 praecipue
887 693 1021 776 domibus
1035 691 1184 771 expeti-a

142 795 187 845 tur
201 799 345 843 ramorum
365 778 522 860 petulantia
539 777 622 838 brevi
635 778 756 838 caudice
773 778 914 839 latissime
926 777 1159 857 exspatiantium

142 867 240 928 umbra
265 875 294 926 et
314 867 343 926 in
362 865 471 925 vicinas
496 863 600 925 domos
616 879 707 940 saepe
724 861 953 924 transilientium.
984 862 1064 922 nulla
1080 878 1158 940 opa-

143 953 215 1012 citas
241 950 376 1024 brevior,
402 967 458 1008 nec
484 947 578 1008 aulert
598 946 692 1007 solem
714 947 809 1007 hieme
833 945 1035 1008 decidentibus
1059 945 1157 1006 loliis.

142 1034 229 1096 nullis
244 1043 347 1094 cortex
363 1031 514 1093 iucundior
529 1039 577 1092 aut
590 1030 693 1091 oculos
716 1031 867 1110 excipiens
891 1030 1042 1106 blandius,
1064 1029 1157 1092 nullis

142 1119 212 1180 rami
228 1119 378 1196 longiores
396 1116 615 1195 validioresque
639 1125 687 1176 ant
706 1115 823 1194 plures,
845 1124 876 1175 ut
899 1115 1010 1177 dixisse
1029 1114 1157 1176 totidem
1167 1133 1195 1176 ao

143 1203 265 1264 arbores
286 1204 383 1263 liceat.
423 1201 534 1261 cortice
556 1200 642 1280 pellis
664 1200 791 1278 tingunt,
816 1199 916 1261 radice
941 1199 1032 1260 lanas·
1067 1199 1156 1258 malis

142 1289 292 1366 proprium
308 1304 411 1364 genus.
441 1284 569 1346 ferarum
580 1285 656 1344 enim
671 1293 767 1345 rostra
784 1284 907 1346 reddunt
922 1282 1157 1345 adhaerentibus

142 1371 190 1432 uni
207 1387 340 1432 maxumo
360 1369 529 1431 minoribus.
767 1435 772 1442 ⁴

104 1467 151 1519 125
223 1456 308 1536 (54.)
339 1455 494 1516 Rumorum
510 1453 598 1532 aliqui
614 1452 710 1528 caeci,
735 1453 783 1531 qui
800 1469 858 1512 non
872 1453 1053 1530 germinant,
1072 1452 1156 1530 quod

142 1547 242 1600 natura
258 1540 298 1616 lit,
316 1541 340 1599 si
356 1557 415 1599 non
430 1537 579 1614 evaluere,
595 1545 644 1598 aut
656 1553 762 1617 poena,
775 1555 839 1597 cum
853 1536 1008 1615 deputatos
1026 1535 1156 1596 cicatrix
1167 1549 1194 1590 ιο

142 1623 300 1686 hebetavit.
336 1641 411 1703 quae
438 1621 561 1684 dividuis
587 1623 616 1680 in
643 1637 722 1682 ramo
750 1631 852 1682 natura
877 1629 924 1680 ast
949 1622 1024 1682 haec
1047 1621 1101 1680 viti
1125 1620 1157 1680 in

143 1708 247 1784 oculo,
263 1707 414 1768 harundini
426 1708 454 1766 in
471 1705 618 1784 geniculo.
649 1705 774 1766 omnium
793 1714 891 1766 terrae
912 1722 1053 1784 proxuma
1070 1723 1156 1766 cras·

142 1792 230 1852 siora.
262 1794 291 1852 in
311 1791 518 1870 longitudinem
539 1799 714 1850 excrescunt
729 1789 828 1866 abies,
851 1789 943 1867 larix,
960 1790 1073 1868 palma,
1103 1807 1155 1850 cu·

143 1893 274 1954 pressus,
288 1875 381 1935 ulmus
398 1884 427 1934 et
442 1875 467 1934 si
482 1891 538 1953 qua
548 1873 706 1953 unistirpia.
737 1890 916 1935 ramosarum
928 1891 1048 1936 cerasus
1064 1874 1157 1935 ctiam

142 1961 170 2017 in
193 1971 239 2020 xo
256 1958 417 2020 cubitorum
439 1957 530 2018 trabis
551 1958 665 2035 aequali
690 1976 744 2037 per
766 1966 855 2019 totam
878 1958 963 2019 duum
985 1958 1191 2020 cubitorumsc

143 2044 333 2104 crassitudine
350 2043 506 2122 reperitur.
533 2041 677 2121 quaedam
694 2043 789 2104 statim
804 2043 833 2102 in
848 2060 945 2104 ramos
960 2051 1156 2122 sparguntur,

141 2136 172 2188 ut
188 2127 265 2187 mali.

103 2221 151 2276 126
224 2210 274 2272 31.
300 2212 382 2292 (55.)
407 2210 518 2273 Cortex
532 2212 596 2274 aliis
608 2212 714 2288 tenuis,
728 2222 759 2272 nt
772 2211 867 2287 lauro,
881 2211 974 2288 tiliae,
991 2211 1057 2273 aliis
1071 2229 1156 2272 cras·

142 2313 203 2372 sus,
221 2304 251 2354 nt
268 2295 378 2371 robori,
394 2296 458 2356 aliis
472 2296 559 2372 levis,
575 2306 605 2356 ut
619 2296 707 2372 malo,
730 2296 797 2374 lico,
822 2297 897 2359 idem
913 2296 1021 2358 scaber
1035 2295 1155 2371 robori,

141 2379 272 2459 palmae,
293 2379 424 2440 omnibus
439 2381 467 2439 in
487 2389 606 2440 senecta
629 2382 774 2456 rugosior.
812 2382 982 2461 quibusdam
1006 2381 1190 2459 rumpitur-at

141 2474 258 2544 sponte,
274 2473 305 2525 ut
319 2466 380 2541 uiti,
397 2464 567 2542 quibusdam
582 2465 668 2524 etiam
686 2465 772 2541 cadit,
785 2475 814 2526 nt
826 2467 913 2542 malo,
930 2465 1069 2540 unedoni,
1086 2483 1154 2526 car·

140 2566 230 2610 nosus
246 2549 360 2624 suberi,
382 2548 511 2627 populo,
534 2547 773 2610 membranaceus
788 2551 857 2626 viti,
879 2550 1046 2626 harundini,
1066 2549 1155 2610 libris

141 2634 241 2694 similis
258 2651 373 2708 ceraso,
388 2630 542 2710 multiplex
557 2633 661 2692 tunicis
673 2632 790 2710 vitibus,
807 2633 898 2710 tiliae,
911 2634 1010 2710 abieti,
1027 2634 1155 2714 quihus·

141 2717 205 2778 dam
221 2717 355 2795 simplex,
371 2725 401 2776 ut
417 2715 486 2791 lico,
500 2716 660 2780 harundini.
1173 2781 1179 2796 x

99 2809 149 2866 127
223 2801 307 2880 (56.)
338 2800 442 2877 Magna
460 2808 489 2860 et
503 2801 632 2862 radicum
648 2801 826 2863 differentia:
854 2802 996 2881 copiosae
1013 2803 1084 2880 lico,
1100 2821 1153 2865 ro-
1164 2815 1189 2858 ³⁰

140 2885 220 2960 buri,
243 2885 376 2964 platano,
398 2883 505 2945 breves
529 2895 558 2946 et
578 2894 718 2962 angustae
739 2886 834 2962 malo,
857 2887 1023 2963 singulares
1047 2887 1154 2964 abieti,

139 2970 232 3028 larici.
265 2969 387 3046 singulis
403 2970 478 3029 enim
494 2970 664 3049 innituntur,
689 2987 859 3049 quamquam
874 2971 989 3032 minutis
1004 2972 1034 3032 in
1055 2972 1156 3033 latera

138 3052 290 3131 dispersis.
323 3054 485 3114 crassiores
500 3055 582 3116 lauro
599 3063 629 3114 et
644 3054 830 3134 inaequales,
847 3057 916 3116 item
932 3056 1036 3136 oleae,
1055 3056 1103 3116 cui
1122 3065 1155 3117 et

138 3153 281 3198 ramosae.
319 3147 348 3198 at
371 3139 471 3199 robori
497 3156 648 3201 carnosae.
688 3139 796 3201 robora
824 3157 892 3200 snas
918 3141 947 3200 in
972 3140 1154 3220 profundum

138 3229 235 3299 agunt.
268 3223 293 3282 si
307 3221 440 3301 Vergilio
457 3224 571 3302 quidem
586 3225 747 3302 credimus,
768 3224 905 3285 aesculus
927 3235 1064 3304 quantum
1080 3239 1186 3286 cor-aa

97 3314 147 3369 128
159 3322 232 3384 pore
255 3309 361 3370 eminet
381 3317 488 3368 tantum
509 3309 609 3370 radice
631 3309 793 3375 descendit.
837 3310 923 3371 oleae
947 3309 1092 3390 malisque
1118 3319 1152 3372 et

138 3393 297 3468 cupressis,
315 3410 370 3471 per
384 3409 492 3453 summa
510 3393 680 3472 caespitum,
700 3393 764 3454 aliis
780 3403 863 3454 recto
879 3403 985 3470 meatu,
1001 3403 1033 3454 ut
1049 3395 1150 3472 lauro,

138 3472 240 3552 oleae,
268 3475 331 3536 aliis
357 3476 509 3553 flexuoso,
538 3485 569 3537 ut
590 3476 655 3537 lico.
699 3479 814 3539 minutis
834 3476 909 3539 haec
931 3479 1151 3558 capillamentis
