2458 3906
136 206 194 270 150
479 220 510 268 o.
526 221 621 269 annu
637 220 788 270 sscnrvnr

134 377 179 437 dia
201 384 348 454 mutatque
372 393 476 436 nomen
496 386 526 437 et
548 379 655 438 etesias
671 386 800 438 vocatur.
831 393 903 454 ergo
921 394 985 454 cnrp
1000 376 1139 455 frigidum

133 461 253 538 senties,
276 468 395 534 caveto,
419 479 454 522 ac
470 479 649 540 quacumque
669 461 766 540 aquilo
781 461 958 540 praedicitur
973 470 1052 521 tanto
1070 479 1137 540 per·

90 546 294 609 esoniciosior
317 548 478 622 septentrio
495 556 549 606 est.
587 545 619 606 ln
636 545 712 606 bunc
727 545 832 621 Asiae,
855 544 1012 625 Graeciae,
1031 545 1138 624 Hispa·

132 631 214 706 niae,
229 629 386 689 maritimae
401 628 513 708 ltaliae,
533 628 718 710 Campaniae,
742 629 867 710 Apuliae
885 629 1001 690 arbusta
1016 632 1137 690 vineae-

134 731 191 792 que
211 721 357 792 spectent.
396 715 443 792 qni
464 716 550 776 maris
573 716 688 794 concipi
708 713 794 774 voles
814 715 843 775 in
864 713 940 774 buno
954 716 1085 792 pascito,
1107 723 1163 774 uts

134 799 177 857 sin
192 798 337 858 ineuntem
351 799 439 858 ineat.
469 799 515 859 lix
531 799 657 860 adverso
673 798 816 876 aquilonis
832 797 868 858 ab
889 815 996 858 occasu
1015 798 1140 858 brumali

133 881 251 942 Africus
267 881 358 957 flabit,
375 900 460 961 quem
475 883 580 944 Graeci
598 883 656 946 liba
670 892 785 944 vocant.
817 884 846 943 in
862 883 1058 943 buncacoitn
1073 900 1140 942 cnm
1200 951 1202 960 y

91 976 141 1032 337
151 985 183 1026 se
195 984 287 1044 pecus
300 969 513 1046 circumegerit,
522 968 643 1028 feminas
656 977 816 1047 conceptas
827 985 896 1028 esse
910 967 995 1027 scito.
1015 967 1056 1046 [sl
1065 966 1139 1027 'ler-
1200 965 1203 1020 ἶ

133 1054 172 1112 tia
192 1068 208 1110 a
228 1053 427 1129 septentrione
443 1052 525 1128 linia,
549 1070 633 1130 quam
655 1069 710 1132 per
723 1051 900 1113 latitudinem
919 1050 1037 1112 umbrae
1054 1051 1138 1112 duxi·
1203 1064 1204 1072 ’

133 1154 195 1196 mus
208 1144 238 1195 et
251 1135 436 1196 decumanam
447 1138 634 1214 vocavimus,
659 1145 792 1196 exortum
810 1135 928 1197 babebit
938 1135 1137 1214 aequinoctia·
1149 1149 1173 1192 ic

134 1220 191 1280 lem
213 1229 388 1297 ventumque
416 1219 620 1297 subsolanum,
647 1219 768 1282 Graecis
789 1219 938 1299 apelioten
957 1219 1074 1280 dictum.
1108 1220 1140 1278 in

133 1305 208 1365 bunc
224 1303 389 1363 salubribus
406 1305 480 1365 locis
496 1305 585 1365 villae
600 1307 764 1384 vineaeque
782 1313 927 1384 spectent.
952 1304 1016 1383 ipse
1032 1303 1139 1364 leniter

132 1389 262 1468 pluvius,
290 1397 386 1448 tamen
415 1381 461 1448 es't
486 1390 593 1450 siccior
617 1390 767 1466 favonius,
802 1407 840 1448 ex
867 1388 991 1450 adverso
1017 1387 1138 1448 eiusab

133 1473 337 1550 aequinoctiali
361 1491 485 1550 occasu,
509 1474 655 1553 zephyrus
671 1472 790 1534 Graecis
811 1475 982 1533 nominatus.
1013 1474 1042 1532 in
1061 1472 1139 1532 bunc

132 1567 270 1636 spectare
285 1558 393 1618 oliveta
411 1555 484 1618 Cato
503 1558 595 1618 iussit.
626 1558 674 1618 bic
692 1576 747 1618 ver
769 1557 887 1618 inchoat
907 1557 1061 1636 aperitque
1078 1566 1138 1616 ter·
1147 1571 1172 1612 1s

132 1659 180 1702 ras
195 1643 273 1701 tenui
289 1642 400 1720 frigore
414 1642 543 1718 saluber,
556 1643 603 1703 bic
617 1643 684 1702 vitis
701 1642 818 1722 putandi
834 1642 993 1720 frugesque
1007 1641 1138 1715 curandi,

134 1726 255 1786 arbores
276 1727 410 1802 serendi,
433 1745 518 1806 poma
541 1727 704 1800 inserendi,
730 1726 812 1787 oleas
832 1725 973 1786 tractandi
998 1727 1042 1786 ins
1059 1724 1140 1785 uatis

90 1819 143 1874 338
153 1810 317 1889 adflatuque
334 1812 484 1871 nutricium
499 1811 661 1871 exercebit.
686 1809 825 1884 Quartaa
842 1809 1138 1890 septentrionalium,

132 1893 234 1954 eadem
251 1905 348 1954 austro
365 1895 402 1954 ab
417 1897 548 1955 exortiva
563 1904 647 1973 parte
662 1912 820 1975 proxuma,
839 1894 998 1955 brumalem
1019 1893 1139 1955 babebit

133 1987 263 2037 exortum
277 1987 452 2056 ventumque
472 1979 650 2054 volturnum,
675 1997 776 2039 eurum
796 1978 917 2040 Graecis
939 1978 1056 2054 dictum,
1080 1980 1172 2038 sic-ao

133 2063 242 2122 ciorem
264 2071 294 2120 et
317 2063 410 2141 ipsum
430 2063 674 2142 tepidioremque.
706 2065 734 2123 in
756 2062 832 2124 bunc
851 2063 960 2142 apiaria
983 2072 1013 2122 et
1032 2065 1138 2122 vineae

131 2145 232 2206 ltaliae
256 2144 470 2224 Galliarumque
492 2157 630 2226 spectare
654 2147 772 2209 debent.
805 2167 843 2207 ex
864 2147 989 2207 adverso
1011 2146 1140 2207 volturni

130 2229 210 2288 flabit
224 2247 321 2305 corus,
337 2230 372 2290 ab
390 2247 497 2292 occasu
514 2231 658 2292 solstitiali
674 2241 704 2291 et
719 2231 893 2292 occidentali
910 2231 1003 2291 latere
1020 2229 1138 2310 sepien-

131 2314 249 2389 trionis‚
272 2313 393 2374 Graecis
408 2315 500 2376 dictus
516 2324 661 2394 argestes,
680 2335 718 2376 er
733 2316 927 2393 frigidissimis
943 2323 974 2374 et
986 2317 1064 2394 ipse,
1081 2316 1138 2375 sic·

88 2407 181 2472 339113
199 2402 365 2478 omnesqui
386 2419 402 2460 a
425 2401 631 2479 septentrionis
651 2409 734 2479 parte
753 2400 873 2479 spirant.
907 2400 1002 2459 hicet
1021 2399 1173 2477 grandi-as

131 2501 184 2544 nes
199 2483 301 2559 infert,
329 2485 475 2545 cavendus
497 2494 527 2544 et
549 2485 614 2564 ipse
633 2501 690 2544 non
706 2501 794 2544 secus
815 2502 851 2544 ac
873 2485 1042 2564 septentrio.
1074 2484 1138 2544 vol-

131 2578 231 2628 turnus
257 2569 281 2627 si
303 2587 318 2628 a
340 2587 445 2629 serena
469 2569 544 2629 caeli
565 2578 649 2646 parte
673 2569 807 2647 coeperit
830 2567 917 2644 flare,
944 2584 1002 2628 non
1024 2567 1139 2628 durabit

131 2653 159 2711 in
177 2661 309 2727 noctem,
333 2661 362 2713 at
379 2653 552 2713 subsolanus
574 2653 603 2712 in
621 2653 759 2713 maiorem
779 2661 892 2731 partem
912 2653 1008 2712 noctis
1035 2661 1138 2712 exten-

131 2735 215 2794 ditur.
246 2737 375 2815 quisquis
397 2738 452 2797 erit
471 2745 592 2812 ventus,
616 2737 641 2796 si
662 2736 791 2797 fervidus
815 2738 972 2813 sentietur,
1003 2735 1139 2815 pluribus

132 2817 234 2878 diebus
257 2821 446 2898 permanebit.
482 2819 646 2899 aquilonem
669 2820 852 2901 praenuntiat
872 2830 951 2880 terra
965 2821 1173 2881 siccescens

131 2911 272 2982 repente,
302 2913 429 2964 austrum
445 2923 598 2965 umescens
616 2921 684 2965 rore
701 2904 829 2964 occulto.

89 2997 141 3050 ³40
205 2987 255 3048 35.
281 2987 365 3067 (78.)
389 2987 502 3048 Etenim
524 2989 674 3069 praedicta
694 2998 845 3048 ventorum
868 2989 996 3066 ratione,
1017 3007 1058 3048 ne
1074 3006 1138 3048 sae·

132 3071 196 3150 pius
212 3072 314 3132 eadem
329 3072 475 3150 dicantur,
499 3076 622 3134 transire
639 3073 773 3133 convenit
795 3073 831 3133 ad
847 3073 957 3152 reliqua
980 3082 1138 3152 tempesta·

131 3165 189 3216 tum
208 3159 378 3234 praesagia,
406 3159 539 3235 qnoniam
562 3166 592 3217 et
612 3157 670 3218 bon
697 3157 843 3237 placuisse
864 3157 997 3236 Vergilio
1017 3173 1137 3235 magno-

130 3259 203 3319 pere
219 3241 322 3317 video‚
344 3242 485 3321 siquidem
500 3243 528 3302 in
545 3243 608 3322 ipsa
629 3259 725 3302 messe
752 3259 842 3320 saepe
859 3259 1036 3302 concurrere
1050 3255 1171 3320 prce-ss

88 3335 138 3388 ³41
151 3325 188 3384 lia
208 3337 359 3386 ventorum
373 3326 510 3387 damnosa
531 3327 663 3405 inperitis
678 3327 780 3386 refert.
809 3327 924 3387 tradunt
939 3325 1063 3387 eundern
1078 3325 1136 3386 lie·

131 3410 281 3470 mocritnm
307 3420 433 3471 metente
460 3411 550 3471 fratre
581 3411 644 3470 eins
669 3409 796 3470 Damaso
826 3411 1028 3472 ardentissimo
1053 3419 1137 3470 aestu

131 3507 233 3551 orasse
255 3503 286 3554 ut
308 3494 439 3572 reliquae
461 3495 556 3573 segeti
578 3504 716 3574 parceret
738 3505 916 3576 raperetque
938 3495 1059 3555 desecta
1083 3493 1137 3555 sub
