<?xml version="1.0" encoding="UTF-8"?>
<!DOCTYPE html PUBLIC "-//W3C//DTD XHTML 1.0 Transitional//EN"
    "http://www.w3.org/TR/xhtml1/DTD/xhtml1-transitional.dtd">
<html xmlns="http://www.w3.org/1999/xhtml" xml:lang="en" lang="en">
 <head>
  <title>
</title>
<meta http-equiv="Content-Type" content="text/html;charset=utf-8" />
  <meta name='ocr-system' content='tesseract 3.04.00' />
  <meta name='ocr-capabilities' content='ocr_page ocr_carea ocr_par ocr_line ocrx_word'/>
</head>
<body>
  <div class='ocr_page' id='page_1' title='image "./naturalishistor00plingoog/naturalishistor00plingoog_0663.png"; bbox 0 0 2504 3930; ppageno 0'>
   <div class='ocr_carea' id='block_1_1' title="bbox 243 233 1142 366">
    <p class='ocr_par' dir='ltr' id='par_1_1' title="bbox 243 233 1142 366">
     <span class='ocr_line' id='line_1_1' title="bbox 243 233 1142 366; baseline 0.002 -28"><span class='ocrx_word' id='word_1_1' title='bbox 243 329 246 338; x_wconf 30' lang='lat' dir='ltr'>i</span> <span class='ocrx_word' id='word_1_2' title='bbox 294 254 397 338; x_wconf 55' lang='lat' dir='ltr'>&#39;unm</span> <span class='ocrx_word' id='word_1_3' title='bbox 412 289 502 338; x_wconf 79' lang='lat' dir='ltr'>mss.</span> <span class='ocrx_word' id='word_1_4' title='bbox 519 290 603 366; x_wconf 61' lang='lat' dir='ltr'>axx.</span> <span class='ocrx_word' id='word_1_5' title='bbox 624 290 666 342; x_wconf 86' lang='lat'>11.</span> <span class='ocrx_word' id='word_1_6' title='bbox 683 270 832 354; x_wconf 75' lang='lat' dir='ltr'>(as—31.)</span> <span class='ocrx_word' id='word_1_7' title='bbox 1013 277 1071 340; x_wconf 83' lang='lat'>251</span> <span class='ocrx_word' id='word_1_8' title='bbox 1136 233 1142 246; x_wconf 37' lang='grc' dir='ltr'>Ι</span> 
     </span>
    </p>
   </div>
   <div class='ocr_carea' id='block_1_2' title="bbox 1 445 1120 3622">
    <p class='ocr_par' dir='ltr' id='par_1_2' title="bbox 80 445 1076 608">
     <span class='ocr_line' id='line_1_2' title="bbox 81 445 1075 526; baseline -0.001 -21"><span class='ocrx_word' id='word_1_9' title='bbox 81 445 211 523; x_wconf 71' lang='lat' dir='ltr'>Aegypti</span> <span class='ocrx_word' id='word_1_10' title='bbox 230 461 331 521; x_wconf 88' lang='lat' dir='ltr'>magua</span> <span class='ocrx_word' id='word_1_11' title='bbox 347 463 414 523; x_wconf 88' lang='lat' dir='ltr'>pars</span> <span class='ocrx_word' id='word_1_12' title='bbox 430 445 605 507; x_wconf 76' lang='lat' dir='ltr'><strong>scarabaeos</strong></span> <span class='ocrx_word' id='word_1_13' title='bbox 626 447 700 526; x_wconf 78' lang='lat' dir='ltr'>inter</span> <span class='ocrx_word' id='word_1_14' title='bbox 719 446 829 505; x_wconf 90' lang='lat' dir='ltr'>numina</span> <span class='ocrx_word' id='word_1_15' title='bbox 853 445 938 521; x_wconf 89' lang='lat' dir='ltr'>colit,</span> <span class='ocrx_word' id='word_1_16' title='bbox 961 447 1075 505; x_wconf 89' lang='lat' dir='ltr'>cariosa</span> 
     </span>
     <span class='ocr_line' id='line_1_3' title="bbox 80 529 1076 608; baseline -0.003 -18"><span class='ocrx_word' id='word_1_17' title='bbox 80 530 206 608; x_wconf 77' lang='lat' dir='ltr'>Apionis</span> <span class='ocrx_word' id='word_1_18' title='bbox 221 531 474 607; x_wconf 79' lang='lat' dir='ltr'>interpretatione,</span> <span class='ocrx_word' id='word_1_19' title='bbox 491 547 547 606; x_wconf 89' lang='lat' dir='ltr'>qua</span> <span class='ocrx_word' id='word_1_20' title='bbox 562 529 682 606; x_wconf 88' lang='lat' dir='ltr'>colligat</span> <span class='ocrx_word' id='word_1_21' title='bbox 696 530 768 589; x_wconf 91' lang='lat' dir='ltr'>solis</span> <span class='ocrx_word' id='word_1_22' title='bbox 783 547 902 608; x_wconf 90' lang='lat' dir='ltr'>operum</span> <span class='ocrx_word' id='word_1_23' title='bbox 919 529 1076 589; x_wconf 88' lang='lat' dir='ltr'>similitudi·</span> 
     </span>
    </p>

    <p class='ocr_par' dir='ltr' id='par_1_3' title="bbox 3 610 1118 1194">
     <span class='ocr_line' id='line_1_4' title="bbox 3 610 1118 694; baseline 0.003 -21"><span class='ocrx_word' id='word_1_24' title='bbox 3 635 4 694; x_wconf 63' lang='lat'>,</span> <span class='ocrx_word' id='word_1_25' title='bbox 81 631 146 673; x_wconf 89' lang='lat' dir='ltr'>nem</span> <span class='ocrx_word' id='word_1_26' title='bbox 161 612 227 672; x_wconf 92' lang='lat' dir='ltr'>huic</span> <span class='ocrx_word' id='word_1_27' title='bbox 245 612 358 672; x_wconf 90' lang='lat' dir='ltr'>animali</span> <span class='ocrx_word' id='word_1_28' title='bbox 373 631 449 689; x_wconf 86' lang='lat' dir='ltr'>esse,</span> <span class='ocrx_word' id='word_1_29' title='bbox 465 613 501 672; x_wconf 88' lang='lat' dir='ltr'>ad</span> <span class='ocrx_word' id='word_1_30' title='bbox 517 613 698 672; x_wconf 84' lang='lat' dir='ltr'>excusandos</span> <span class='ocrx_word' id='word_1_31' title='bbox 709 615 805 691; x_wconf 86' lang='lat' dir='ltr'>gentis</span> <span class='ocrx_word' id='word_1_32' title='bbox 818 630 886 672; x_wconf 87' lang='lat' dir='ltr'>snae</span> <span class='ocrx_word' id='word_1_33' title='bbox 900 610 982 674; x_wconf 87' lang='lat' dir='ltr'>ritus.</span> <span class='ocrx_word' id='word_1_34' title='bbox 1004 612 1057 673; x_wconf 91' lang='lat' dir='ltr'>sed</span> <span class='ocrx_word' id='word_1_35' title='bbox 1067 624 1118 676; x_wconf 94' lang='grc'>100</span> 
     </span>
     <span class='ocr_line' id='line_1_5' title="bbox 3 695 1076 776; baseline -0.002 -19"><span class='ocrx_word' id='word_1_36' title='bbox 3 705 5 776; x_wconf 68' lang='lat' dir='ltr'>t</span> <span class='ocrx_word' id='word_1_37' title='bbox 81 705 111 757; x_wconf 90' lang='lat' dir='ltr'>et</span> <span class='ocrx_word' id='word_1_38' title='bbox 131 696 216 756; x_wconf 89' lang='lat' dir='ltr'>alium</span> <span class='ocrx_word' id='word_1_39' title='bbox 235 695 389 772; x_wconf 90' lang='lat' dir='ltr'>adalligant</span> <span class='ocrx_word' id='word_1_40' title='bbox 402 696 481 772; x_wconf 86' lang='lat' dir='ltr'>blagi</span> <span class='ocrx_word' id='word_1_41' title='bbox 503 698 546 756; x_wconf 91' lang='lat' dir='ltr'>cui</span> <span class='ocrx_word' id='word_1_42' title='bbox 569 706 633 756; x_wconf 92' lang='lat' dir='ltr'>suut</span> <span class='ocrx_word' id='word_1_43' title='bbox 654 697 800 757; x_wconf 89' lang='lat' dir='ltr'>cornicula</span> <span class='ocrx_word' id='word_1_44' title='bbox 815 696 942 772; x_wconf 85' lang='lat' dir='ltr'>reflexa,</span> <span class='ocrx_word' id='word_1_45' title='bbox 960 697 1076 756; x_wconf 88' lang='lat' dir='ltr'>sinistra</span> 
     </span>
     <span class='ocr_line' id='line_1_6' title="bbox 57 779 1075 858; baseline 0.003 -24"><span class='ocrx_word' id='word_1_46' title='bbox 57 795 164 840; x_wconf 85' lang='lat' dir='ltr'>amauu</span> <span class='ocrx_word' id='word_1_47' title='bbox 180 779 346 840; x_wconf 90' lang='lat' dir='ltr'>collectum.</span> <span class='ocrx_word' id='word_1_48' title='bbox 380 783 502 856; x_wconf 88' lang='lat' dir='ltr'>tertium,</span> <span class='ocrx_word' id='word_1_49' title='bbox 519 780 567 857; x_wconf 82' lang='lat' dir='ltr'>qui</span> <span class='ocrx_word' id='word_1_50' title='bbox 582 788 702 840; x_wconf 89' lang='lat' dir='ltr'>vocatur</span> <span class='ocrx_word' id='word_1_51' title='bbox 716 781 800 856; x_wconf 80' lang='lat' dir='ltr'>lullo,</span> <span class='ocrx_word' id='word_1_52' title='bbox 816 780 888 840; x_wconf 89' lang='lat' dir='ltr'>albis</span> <span class='ocrx_word' id='word_1_53' title='bbox 904 781 1003 858; x_wconf 85' lang='lat' dir='ltr'>guttis,</span> <span class='ocrx_word' id='word_1_54' title='bbox 1021 779 1075 838; x_wconf 89' lang='lat' dir='ltr'>dis·</span> 
     </span>
     <span class='ocr_line' id='line_1_7' title="bbox 80 863 1075 942; baseline -0.003 -17"><span class='ocrx_word' id='word_1_55' title='bbox 80 873 192 925; x_wconf 88' lang='lat' dir='ltr'>sectum</span> <span class='ocrx_word' id='word_1_56' title='bbox 212 865 326 942; x_wconf 86' lang='lat' dir='ltr'>utrique</span> <span class='ocrx_word' id='word_1_57' title='bbox 347 863 457 925; x_wconf 88' lang='lat' dir='ltr'>lacerto</span> <span class='ocrx_word' id='word_1_58' title='bbox 485 863 628 940; x_wconf 87' lang='lat' dir='ltr'>adligaut,</span> <span class='ocrx_word' id='word_1_59' title='bbox 657 872 754 924; x_wconf 89' lang='lat' dir='ltr'>cetera</span> <span class='ocrx_word' id='word_1_60' title='bbox 781 864 907 924; x_wconf 90' lang='lat' dir='ltr'>sinistro.</span> <span class='ocrx_word' id='word_1_61' title='bbox 952 881 1005 923; x_wconf 90' lang='lat' dir='ltr'>cor</span> <span class='ocrx_word' id='word_1_62' title='bbox 1028 881 1075 922; x_wconf 88' lang='lat' dir='ltr'>an·</span> 
     </span>
     <span class='ocr_line' id='line_1_8' title="bbox 79 946 1076 1026; baseline 0 -21"><span class='ocrx_word' id='word_1_63' title='bbox 79 950 177 1026; x_wconf 80' lang='lat' dir='ltr'>guium</span> <span class='ocrx_word' id='word_1_64' title='bbox 192 948 306 1007; x_wconf 86' lang='lat' dir='ltr'>sinistra</span> <span class='ocrx_word' id='word_1_65' title='bbox 324 965 406 1008; x_wconf 89' lang='lat' dir='ltr'>manu</span> <span class='ocrx_word' id='word_1_66' title='bbox 420 956 584 1025; x_wconf 85' lang='lat' dir='ltr'>exemptum</span> <span class='ocrx_word' id='word_1_67' title='bbox 599 948 771 1022; x_wconf 80' lang='lat' dir='ltr'>viventibus,</span> <span class='ocrx_word' id='word_1_68' title='bbox 788 949 952 1024; x_wconf 81' lang='lat' dir='ltr'><strong>scorpionis</strong></span> <span class='ocrx_word' id='word_1_69' title='bbox 967 946 1076 1006; x_wconf 88' lang='lat' dir='ltr'>caudae</span> 
     </span>
     <span class='ocr_line' id='line_1_9' title="bbox 81 1031 1075 1111; baseline -0.002 -21"><span class='ocrx_word' id='word_1_70' title='bbox 81 1041 215 1110; x_wconf 85' lang='lat' dir='ltr'>quattuor</span> <span class='ocrx_word' id='word_1_71' title='bbox 230 1031 368 1091; x_wconf 88' lang='lat' dir='ltr'>articulos</span> <span class='ocrx_word' id='word_1_72' title='bbox 383 1049 446 1090; x_wconf 89' lang='lat' dir='ltr'>eum</span> <span class='ocrx_word' id='word_1_73' title='bbox 460 1031 573 1106; x_wconf 88' lang='lat' dir='ltr'>aculeo,</span> <span class='ocrx_word' id='word_1_74' title='bbox 588 1049 683 1111; x_wconf 90' lang='lat' dir='ltr'>panno</span> <span class='ocrx_word' id='word_1_75' title='bbox 702 1033 801 1109; x_wconf 86' lang='lat' dir='ltr'>nigro,</span> <span class='ocrx_word' id='word_1_76' title='bbox 824 1034 861 1090; x_wconf 91' lang='lat' dir='ltr'>ita</span> <span class='ocrx_word' id='word_1_77' title='bbox 880 1041 912 1090; x_wconf 91' lang='lat' dir='ltr'>ut</span> <span class='ocrx_word' id='word_1_78' title='bbox 925 1048 981 1089; x_wconf 90' lang='lat' dir='ltr'>nec</span> <span class='ocrx_word' id='word_1_79' title='bbox 996 1047 1075 1110; x_wconf 72' lang='lat' dir='ltr'>scor·</span> 
     </span>
     <span class='ocr_line' id='line_1_10' title="bbox 82 1114 1076 1194; baseline -0.003 -20"><span class='ocrx_word' id='word_1_80' title='bbox 82 1118 199 1194; x_wconf 88' lang='lat' dir='ltr'>pionem</span> <span class='ocrx_word' id='word_1_81' title='bbox 218 1114 364 1175; x_wconf 89' lang='lat' dir='ltr'>dimissum</span> <span class='ocrx_word' id='word_1_82' title='bbox 382 1133 438 1174; x_wconf 92' lang='lat' dir='ltr'>nec</span> <span class='ocrx_word' id='word_1_83' title='bbox 459 1133 523 1174; x_wconf 89' lang='lat' dir='ltr'>eum</span> <span class='ocrx_word' id='word_1_84' title='bbox 543 1117 591 1193; x_wconf 87' lang='lat' dir='ltr'>qui</span> <span class='ocrx_word' id='word_1_85' title='bbox 614 1115 786 1192; x_wconf 88' lang='lat' dir='ltr'>adligaverit</span> <span class='ocrx_word' id='word_1_86' title='bbox 804 1116 901 1176; x_wconf 89' lang='lat' dir='ltr'>videat</span> <span class='ocrx_word' id='word_1_87' title='bbox 915 1132 1006 1190; x_wconf 83' lang='lat' dir='ltr'>aeger</span> <span class='ocrx_word' id='word_1_88' title='bbox 1026 1115 1076 1172; x_wconf 89' lang='lat' dir='ltr'>tri·</span> 
     </span>
    </p>

    <p class='ocr_par' dir='ltr' id='par_1_4' title="bbox 46 1196 1117 1277">
     <span class='ocr_line' id='line_1_11' title="bbox 46 1196 1117 1277; baseline 0.006 -23"><span class='ocrx_word' id='word_1_89' title='bbox 46 1213 72 1254; x_wconf 83' lang='lat' dir='ltr'>so</span> <span class='ocrx_word' id='word_1_90' title='bbox 83 1200 151 1276; x_wconf 93' lang='lat' dir='ltr'>duo,</span> <span class='ocrx_word' id='word_1_91' title='bbox 166 1208 233 1277; x_wconf 89' lang='lat' dir='ltr'>post</span> <span class='ocrx_word' id='word_1_92' title='bbox 247 1201 360 1258; x_wconf 88' lang='lat' dir='ltr'>tertium</span> <span class='ocrx_word' id='word_1_93' title='bbox 377 1199 524 1258; x_wconf 89' lang='lat' dir='ltr'>circuitum</span> <span class='ocrx_word' id='word_1_94' title='bbox 545 1199 574 1258; x_wconf 93' lang='lat' dir='ltr'>id</span> <span class='ocrx_word' id='word_1_95' title='bbox 596 1199 711 1259; x_wconf 89' lang='lat' dir='ltr'>condat.</span> <span class='ocrx_word' id='word_1_96' title='bbox 753 1217 869 1258; x_wconf 89' lang='lat' dir='ltr'>urucam</span> <span class='ocrx_word' id='word_1_97' title='bbox 890 1199 919 1256; x_wconf 94' lang='lat' dir='ltr'>in</span> <span class='ocrx_word' id='word_1_98' title='bbox 935 1196 1056 1257; x_wconf 90' lang='lat' dir='ltr'>linteolo</span> <span class='ocrx_word' id='word_1_99' title='bbox 1069 1208 1117 1259; x_wconf 91' lang='grc'>101</span> 
     </span>
    </p>

    <p class='ocr_par' dir='ltr' id='par_1_5' title="bbox 7 1281 1076 1528">
     <span class='ocr_line' id='line_1_12' title="bbox 7 1281 1076 1360; baseline -0.006 -16"><span class='ocrx_word' id='word_1_100' title='bbox 7 1315 9 1322; x_wconf 53' lang='lat'>1</span> <span class='ocrx_word' id='word_1_101' title='bbox 81 1293 127 1344; x_wconf 92' lang='lat' dir='ltr'>ter</span> <span class='ocrx_word' id='word_1_102' title='bbox 139 1284 198 1343; x_wconf 91' lang='lat' dir='ltr'>lino</span> <span class='ocrx_word' id='word_1_103' title='bbox 215 1281 391 1342; x_wconf 76' lang='lat' dir='ltr'>circumdant</span> <span class='ocrx_word' id='word_1_104' title='bbox 410 1281 527 1341; x_wconf 89' lang='lat' dir='ltr'>totidem</span> <span class='ocrx_word' id='word_1_105' title='bbox 548 1282 631 1341; x_wconf 92' lang='lat' dir='ltr'>nodis</span> <span class='ocrx_word' id='word_1_106' title='bbox 652 1282 688 1342; x_wconf 89' lang='lat' dir='ltr'>ad</span> <span class='ocrx_word' id='word_1_107' title='bbox 706 1281 837 1359; x_wconf 88' lang='lat' dir='ltr'>singulos</span> <span class='ocrx_word' id='word_1_108' title='bbox 855 1283 969 1343; x_wconf 82' lang='lat' dir='ltr'>dicente</span> <span class='ocrx_word' id='word_1_109' title='bbox 987 1297 1076 1360; x_wconf 81' lang='lat' dir='ltr'>quare</span> 
     </span>
     <span class='ocr_line' id='line_1_13' title="bbox 80 1365 1075 1445; baseline -0.003 -18"><span class='ocrx_word' id='word_1_110' title='bbox 80 1367 168 1428; x_wconf 86' lang='lat' dir='ltr'>iaciat</span> <span class='ocrx_word' id='word_1_111' title='bbox 183 1369 231 1445; x_wconf 87' lang='lat' dir='ltr'>qui</span> <span class='ocrx_word' id='word_1_112' title='bbox 247 1366 417 1442; x_wconf 82' lang='lat' dir='ltr'>medebitur,</span> <span class='ocrx_word' id='word_1_113' title='bbox 432 1365 564 1425; x_wconf 85' lang='lat' dir='ltr'>limacem</span> <span class='ocrx_word' id='word_1_114' title='bbox 579 1367 607 1426; x_wconf 90' lang='lat' dir='ltr'>iu</span> <span class='ocrx_word' id='word_1_115' title='bbox 628 1366 766 1443; x_wconf 88' lang='lat' dir='ltr'>pellicula</span> <span class='ocrx_word' id='word_1_116' title='bbox 781 1366 829 1425; x_wconf 90' lang='lat' dir='ltr'>vel</span> <span class='ocrx_word' id='word_1_117' title='bbox 845 1374 980 1445; x_wconf 87' lang='lat' dir='ltr'>quattuor</span> <span class='ocrx_word' id='word_1_118' title='bbox 997 1365 1075 1434; x_wconf 89' lang='lat' dir='ltr'>lima-</span> 
     </span>
     <span class='ocr_line' id='line_1_14' title="bbox 81 1448 1076 1528; baseline -0.005 -16"><span class='ocrx_word' id='word_1_119' title='bbox 81 1469 145 1512; x_wconf 91' lang='lat' dir='ltr'>cum</span> <span class='ocrx_word' id='word_1_120' title='bbox 166 1450 260 1528; x_wconf 89' lang='lat' dir='ltr'>capita</span> <span class='ocrx_word' id='word_1_121' title='bbox 274 1451 408 1528; x_wconf 87' lang='lat' dir='ltr'>praecisa</span> <span class='ocrx_word' id='word_1_122' title='bbox 423 1449 593 1525; x_wconf 84' lang='lat' dir='ltr'>harundine,</span> <span class='ocrx_word' id='word_1_123' title='bbox 610 1449 795 1528; x_wconf 83' lang='lat' dir='ltr'>multipedam</span> <span class='ocrx_word' id='word_1_124' title='bbox 809 1449 893 1510; x_wconf 88' lang='lat' dir='ltr'>lanae</span> <span class='ocrx_word' id='word_1_125' title='bbox 909 1448 1076 1524; x_wconf 88' lang='lat' dir='ltr'>involutam,</span> 
     </span>
    </p>

    <p class='ocr_par' dir='ltr' id='par_1_6' title="bbox 1 1532 1076 1614">
     <span class='ocr_line' id='line_1_15' title="bbox 1 1532 1076 1614; baseline -0.006 -19"><span class='ocrx_word' id='word_1_126' title='bbox 1 1573 2 1604; x_wconf 57' lang='lat'>2</span> <span class='ocrx_word' id='word_1_127' title='bbox 80 1533 257 1595; x_wconf 86' lang='lat' dir='ltr'>vermiculos</span> <span class='ocrx_word' id='word_1_128' title='bbox 280 1550 317 1592; x_wconf 88' lang='lat' dir='ltr'>ex</span> <span class='ocrx_word' id='word_1_129' title='bbox 338 1533 441 1610; x_wconf 83' lang='lat' dir='ltr'>quibus</span> <span class='ocrx_word' id='word_1_130' title='bbox 456 1533 550 1593; x_wconf 83' lang='lat' dir='ltr'>tabani</span> <span class='ocrx_word' id='word_1_131' title='bbox 566 1534 650 1610; x_wconf 84' lang='lat' dir='ltr'>liunt,</span> <span class='ocrx_word' id='word_1_132' title='bbox 671 1543 823 1612; x_wconf 87' lang='lat' dir='ltr'>autequam</span> <span class='ocrx_word' id='word_1_133' title='bbox 847 1535 948 1614; x_wconf 90' lang='lat' dir='ltr'>pinnas</span> <span class='ocrx_word' id='word_1_134' title='bbox 972 1532 1076 1608; x_wconf 88' lang='lat' dir='ltr'>germi-</span> 
     </span>
    </p>

    <p class='ocr_par' dir='ltr' id='par_1_7' title="bbox 1 1609 1077 1783">
     <span class='ocr_line' id='line_1_16' title="bbox 1 1615 1077 1744; baseline -0.001 -70"><span class='ocrx_word' id='word_1_135' title='bbox 1 1637 3 1744; x_wconf 65' lang='lat' dir='ltr'>p</span> <span class='ocrx_word' id='word_1_136' title='bbox 46 1627 165 1693; x_wconf 81' lang='lat' dir='ltr'>sonent,</span> <span class='ocrx_word' id='word_1_137' title='bbox 182 1618 256 1677; x_wconf 89' lang='lat' dir='ltr'>alios</span> <span class='ocrx_word' id='word_1_138' title='bbox 271 1635 287 1676; x_wconf 92' lang='lat' dir='ltr'>e</span> <span class='ocrx_word' id='word_1_139' title='bbox 303 1618 430 1698; x_wconf 79' lang='lat' dir='ltr'>spinosis</span> <span class='ocrx_word' id='word_1_140' title='bbox 444 1617 576 1677; x_wconf 77' lang='lat' dir='ltr'>frutectis</span> <span class='ocrx_word' id='word_1_141' title='bbox 598 1617 794 1694; x_wconf 87' lang='lat' dir='ltr'>lanuginosos.</span> <span class='ocrx_word' id='word_1_142' title='bbox 825 1617 940 1694; x_wconf 83' lang='lat' dir='ltr'>quidam</span> <span class='ocrx_word' id='word_1_143' title='bbox 961 1634 999 1674; x_wconf 86' lang='lat' dir='ltr'>ex</span> <span class='ocrx_word' id='word_1_144' title='bbox 1019 1615 1077 1675; x_wconf 89' lang='lat' dir='ltr'>iliis</span> 
     </span>
     <span class='ocr_line' id='line_1_17' title="bbox 80 1700 1076 1783; baseline -0.005 -21"><span class='ocrx_word' id='word_1_145' title='bbox 80 1710 238 1783; x_wconf 81' lang='lat' dir='ltr'>quaternos</span> <span class='ocrx_word' id='word_1_146' title='bbox 259 1700 389 1760; x_wconf 89' lang='lat' dir='ltr'>inclusos</span> <span class='ocrx_word' id='word_1_147' title='bbox 411 1700 553 1777; x_wconf 88' lang='lat' dir='ltr'>iuglandis</span> <span class='ocrx_word' id='word_1_148' title='bbox 572 1703 653 1759; x_wconf 91' lang='lat' dir='ltr'>nucis</span> <span class='ocrx_word' id='word_1_149' title='bbox 678 1703 822 1778; x_wconf 88' lang='lat' dir='ltr'>putamine</span> <span class='ocrx_word' id='word_1_150' title='bbox 842 1701 998 1776; x_wconf 87' lang='lat' dir='ltr'>adalligant</span> <span class='ocrx_word' id='word_1_151' title='bbox 1028 1716 1076 1758; x_wconf 92' lang='lat' dir='ltr'>co·</span> 
     </span>
    </p>

    <p class='ocr_par' dir='ltr' id='par_1_8' title="bbox 10 1784 1119 2029">
     <span class='ocr_line' id='line_1_18' title="bbox 10 1784 1119 1863; baseline -0.002 -17"><span class='ocrx_word' id='word_1_152' title='bbox 10 1826 13 1835; x_wconf 89' lang='lat'>·</span> <span class='ocrx_word' id='word_1_153' title='bbox 80 1787 221 1863; x_wconf 86' lang='lat' dir='ltr'>oleasque</span> <span class='ocrx_word' id='word_1_154' title='bbox 242 1801 316 1863; x_wconf 87' lang='lat' dir='ltr'>quae</span> <span class='ocrx_word' id='word_1_155' title='bbox 337 1784 430 1843; x_wconf 91' lang='lat' dir='ltr'>nudae</span> <span class='ocrx_word' id='word_1_156' title='bbox 453 1785 642 1844; x_wconf 86' lang='lat' dir='ltr'>inveniuntur.</span> <span class='ocrx_word' id='word_1_157' title='bbox 674 1784 827 1844; x_wconf 86' lang='lat' dir='ltr'>stelionem</span> <span class='ocrx_word' id='word_1_158' title='bbox 848 1784 989 1842; x_wconf 89' lang='lat' dir='ltr'>inclusum</span> <span class='ocrx_word' id='word_1_159' title='bbox 1011 1801 1056 1842; x_wconf 90' lang='lat' dir='ltr'>ca·</span> <span class='ocrx_word' id='word_1_160' title='bbox 1068 1790 1119 1844; x_wconf 74' lang='grc'>100</span> 
     </span>
     <span class='ocr_line' id='line_1_19' title="bbox 79 1866 1076 1950; baseline -0.007 -19"><span class='ocrx_word' id='word_1_161' title='bbox 79 1870 171 1950; x_wconf 85' lang='lat' dir='ltr'>paulis</span> <span class='ocrx_word' id='word_1_162' title='bbox 188 1867 330 1928; x_wconf 88' lang='lat' dir='ltr'>subiciunt</span> <span class='ocrx_word' id='word_1_163' title='bbox 345 1869 431 1945; x_wconf 90' lang='lat' dir='ltr'>capiti</span> <span class='ocrx_word' id='word_1_164' title='bbox 449 1876 479 1928; x_wconf 91' lang='lat' dir='ltr'>et</span> <span class='ocrx_word' id='word_1_165' title='bbox 494 1868 546 1926; x_wconf 89' lang='lat' dir='ltr'>sub</span> <span class='ocrx_word' id='word_1_166' title='bbox 568 1867 691 1927; x_wconf 89' lang='lat' dir='ltr'>decessu</span> <span class='ocrx_word' id='word_1_167' title='bbox 709 1867 800 1927; x_wconf 85' lang='lat' dir='ltr'>iebris</span> <span class='ocrx_word' id='word_1_168' title='bbox 818 1869 965 1943; x_wconf 87' lang='lat' dir='ltr'>emittunt,</span> <span class='ocrx_word' id='word_1_169' title='bbox 989 1866 1076 1926; x_wconf 88' lang='lat' dir='ltr'>devo·</span> 
     </span>
     <span class='ocr_line' id='line_1_20' title="bbox 79 1951 1077 2029; baseline -0.005 -16"><span class='ocrx_word' id='word_1_170' title='bbox 79 1955 137 2016; x_wconf 90' lang='lat' dir='ltr'>rari</span> <span class='ocrx_word' id='word_1_171' title='bbox 159 1962 255 2012; x_wconf 90' lang='lat' dir='ltr'>autem</span> <span class='ocrx_word' id='word_1_172' title='bbox 275 1951 375 2011; x_wconf 90' lang='lat' dir='ltr'>iubent</span> <span class='ocrx_word' id='word_1_173' title='bbox 400 1968 452 2010; x_wconf 90' lang='lat' dir='ltr'>cor</span> <span class='ocrx_word' id='word_1_174' title='bbox 476 1952 569 2028; x_wconf 83' lang='lat' dir='ltr'>mergi</span> <span class='ocrx_word' id='word_1_175' title='bbox 590 1953 690 2010; x_wconf 87' lang='lat' dir='ltr'>marini</span> <span class='ocrx_word' id='word_1_176' title='bbox 717 1955 778 2012; x_wconf 88' lang='lat' dir='ltr'>siue</span> <span class='ocrx_word' id='word_1_177' title='bbox 804 1952 885 2011; x_wconf 86' lang='lat' dir='ltr'>ferro</span> <span class='ocrx_word' id='word_1_178' title='bbox 913 1959 1077 2029; x_wconf 89' lang='lat' dir='ltr'>exemptum</span> 
     </span>
    </p>

    <p class='ocr_par' dir='ltr' id='par_1_9' title="bbox 44 2033 1120 2365">
     <span class='ocr_line' id='line_1_21' title="bbox 44 2033 1076 2113; baseline -0.002 -21"><span class='ocrx_word' id='word_1_179' title='bbox 44 2039 325 2113; x_wconf 80' lang='lat' dir='ltr'>noinveteratumque</span> <span class='ocrx_word' id='word_1_180' title='bbox 342 2035 453 2094; x_wconf 89' lang='lat' dir='ltr'>conteri</span> <span class='ocrx_word' id='word_1_181' title='bbox 469 2043 499 2094; x_wconf 92' lang='lat' dir='ltr'>et</span> <span class='ocrx_word' id='word_1_182' title='bbox 520 2037 548 2093; x_wconf 91' lang='lat' dir='ltr'>in</span> <span class='ocrx_word' id='word_1_183' title='bbox 565 2035 656 2095; x_wconf 88' lang='lat' dir='ltr'>calida</span> <span class='ocrx_word' id='word_1_184' title='bbox 672 2052 745 2113; x_wconf 86' lang='lat' dir='ltr'>aqua</span> <span class='ocrx_word' id='word_1_185' title='bbox 761 2035 831 2111; x_wconf 91' lang='lat' dir='ltr'>bibi,</span> <span class='ocrx_word' id='word_1_186' title='bbox 850 2035 939 2096; x_wconf 89' lang='lat' dir='ltr'>corda</span> <span class='ocrx_word' id='word_1_187' title='bbox 953 2033 1076 2095; x_wconf 90' lang='lat' dir='ltr'>hirundi-</span> 
     </span>
     <span class='ocr_line' id='line_1_22' title="bbox 78 2116 1077 2197; baseline -0.007 -15"><span class='ocrx_word' id='word_1_188' title='bbox 78 2139 144 2182; x_wconf 90' lang='lat' dir='ltr'>num</span> <span class='ocrx_word' id='word_1_189' title='bbox 160 2138 223 2179; x_wconf 93' lang='lat' dir='ltr'>cum</span> <span class='ocrx_word' id='word_1_190' title='bbox 239 2119 335 2178; x_wconf 90' lang='lat' dir='ltr'>melle.</span> <span class='ocrx_word' id='word_1_191' title='bbox 369 2117 416 2179; x_wconf 91' lang='lat' dir='ltr'>alii</span> <span class='ocrx_word' id='word_1_192' title='bbox 432 2119 526 2178; x_wconf 86' lang='lat' dir='ltr'>fimum</span> <span class='ocrx_word' id='word_1_193' title='bbox 542 2118 677 2179; x_wconf 84' lang='lat' dir='ltr'>drachma</span> <span class='ocrx_word' id='word_1_194' title='bbox 691 2137 746 2178; x_wconf 92' lang='lat' dir='ltr'>una</span> <span class='ocrx_word' id='word_1_195' title='bbox 762 2121 790 2178; x_wconf 88' lang='lat' dir='ltr'>in</span> <span class='ocrx_word' id='word_1_196' title='bbox 805 2119 889 2180; x_wconf 90' lang='lat' dir='ltr'>laetis</span> <span class='ocrx_word' id='word_1_197' title='bbox 905 2120 1015 2197; x_wconf 87' lang='lat' dir='ltr'>caprini</span> <span class='ocrx_word' id='word_1_198' title='bbox 1029 2116 1077 2176; x_wconf 89' lang='lat' dir='ltr'>vel</span> 
     </span>
     <span class='ocr_line' id='line_1_23' title="bbox 80 2199 1076 2281; baseline -0.005 -16"><span class='ocrx_word' id='word_1_199' title='bbox 80 2203 162 2265; x_wconf 85' lang='lat' dir='ltr'>ovilli</span> <span class='ocrx_word' id='word_1_200' title='bbox 177 2203 226 2263; x_wconf 90' lang='lat' dir='ltr'>vel</span> <span class='ocrx_word' id='word_1_201' title='bbox 244 2203 323 2281; x_wconf 88' lang='lat' dir='ltr'>passi</span> <span class='ocrx_word' id='word_1_202' title='bbox 338 2202 451 2277; x_wconf 81' lang='lat' dir='ltr'>cyathis</span> <span class='ocrx_word' id='word_1_203' title='bbox 465 2202 556 2262; x_wconf 91' lang='lat' dir='ltr'>tribus</span> <span class='ocrx_word' id='word_1_204' title='bbox 568 2199 633 2263; x_wconf 89' lang='lat' dir='ltr'>ant&#39;e</span> <span class='ocrx_word' id='word_1_205' title='bbox 649 2203 848 2278; x_wconf 83' lang='lat' dir='ltr'>accessiones,</span> <span class='ocrx_word' id='word_1_206' title='bbox 860 2211 924 2262; x_wconf 91' lang='lat' dir='ltr'>sunt</span> <span class='ocrx_word' id='word_1_207' title='bbox 936 2203 984 2280; x_wconf 90' lang='lat' dir='ltr'>qui</span> <span class='ocrx_word' id='word_1_208' title='bbox 1000 2209 1076 2261; x_wconf 87' lang='lat' dir='ltr'>totas</span> 
     </span>
     <span class='ocr_line' id='line_1_24' title="bbox 81 2285 1120 2365; baseline -0.004 -18"><span class='ocrx_word' id='word_1_209' title='bbox 81 2295 219 2348; x_wconf 88' lang='lat' dir='ltr'>censeant</span> <span class='ocrx_word' id='word_1_210' title='bbox 238 2285 430 2345; x_wconf 84' lang='lat' dir='ltr'>devorandas.</span> <span class='ocrx_word' id='word_1_211' title='bbox 474 2286 582 2364; x_wconf 89' lang='lat' dir='ltr'>aspidis</span> <span class='ocrx_word' id='word_1_212' title='bbox 607 2296 701 2346; x_wconf 84' lang='lat' dir='ltr'>autern</span> <span class='ocrx_word' id='word_1_213' title='bbox 723 2287 854 2365; x_wconf 89' lang='lat' dir='ltr'>pondere</span> <span class='ocrx_word' id='word_1_214' title='bbox 875 2294 1120 2363; x_wconf 82' lang='lat' dir='ltr'>sextaparte103</span> 
     </span>
    </p>

    <p class='ocr_par' dir='ltr' id='par_1_10' title="bbox 1 2368 1076 2447">
     <span class='ocr_line' id='line_1_25' title="bbox 1 2368 1076 2447; baseline -0.002 -19"><span class='ocrx_word' id='word_1_215' title='bbox 1 2425 2 2428; x_wconf 74' lang='grc'>,</span> <span class='ocrx_word' id='word_1_216' title='bbox 82 2371 182 2432; x_wconf 90' lang='lat' dir='ltr'>donari</span> <span class='ocrx_word' id='word_1_217' title='bbox 202 2387 264 2429; x_wconf 89' lang='lat' dir='ltr'>eum</span> <span class='ocrx_word' id='word_1_218' title='bbox 279 2371 389 2447; x_wconf 86' lang='lat' dir='ltr'>piperis</span> <span class='ocrx_word' id='word_1_219' title='bbox 405 2369 564 2446; x_wconf 90' lang='lat' dir='ltr'>parimodo</span> <span class='ocrx_word' id='word_1_220' title='bbox 576 2369 743 2430; x_wconf 86' lang='lat' dir='ltr'>Parthorum</span> <span class='ocrx_word' id='word_1_221' title='bbox 758 2381 863 2447; x_wconf 79' lang='lat' dir='ltr'>gentes</span> <span class='ocrx_word' id='word_1_222' title='bbox 879 2371 908 2428; x_wconf 92' lang='lat' dir='ltr'>in</span> <span class='ocrx_word' id='word_1_223' title='bbox 919 2368 1076 2429; x_wconf 90' lang='lat' dir='ltr'>remedium</span> 
     </span>
    </p>

    <p class='ocr_par' dir='ltr' id='par_1_11' title="bbox 1 2449 1076 2533">
     <span class='ocr_line' id='line_1_26' title="bbox 1 2449 1076 2533; baseline -0.001 -21"><span class='ocrx_word' id='word_1_224' title='bbox 1 2449 3 2522; x_wconf 64' lang='grc' dir='ltr'><strong>ᾗ</strong></span> <span class='ocrx_word' id='word_1_225' title='bbox 43 2463 237 2533; x_wconf 79' lang='lat' dir='ltr'>asquartanae</span> <span class='ocrx_word' id='word_1_226' title='bbox 259 2454 367 2513; x_wconf 85' lang='lat' dir='ltr'>bibunt.</span> <span class='ocrx_word' id='word_1_227' title='bbox 400 2450 583 2531; x_wconf 81' lang='lat' dir='ltr'>Chrysippus</span> <span class='ocrx_word' id='word_1_228' title='bbox 604 2452 795 2531; x_wconf 86' lang='lat' dir='ltr'>philosophus</span> <span class='ocrx_word' id='word_1_229' title='bbox 817 2453 932 2513; x_wconf 91' lang='lat' dir='ltr'>tradidit</span> <span class='ocrx_word' id='word_1_230' title='bbox 951 2452 1076 2530; x_wconf 75' lang='lat' dir='ltr'>phryga·</span> 
     </span>
    </p>

    <p class='ocr_par' dir='ltr' id='par_1_12' title="bbox 1 2534 1076 2614">
     <span class='ocr_line' id='line_1_27' title="bbox 1 2534 1076 2614; baseline -0.001 -20"><span class='ocrx_word' id='word_1_231' title='bbox 1 2583 2 2594; x_wconf 67' lang='grc'>,</span> <span class='ocrx_word' id='word_1_232' title='bbox 79 2542 147 2600; x_wconf 93' lang='lat' dir='ltr'>uion</span> <span class='ocrx_word' id='word_1_233' title='bbox 165 2537 348 2614; x_wconf 88' lang='lat' dir='ltr'>adalligatum</span> <span class='ocrx_word' id='word_1_234' title='bbox 363 2536 491 2596; x_wconf 89' lang='lat' dir='ltr'>remedio</span> <span class='ocrx_word' id='word_1_235' title='bbox 508 2553 574 2595; x_wconf 90' lang='lat' dir='ltr'>esse</span> <span class='ocrx_word' id='word_1_236' title='bbox 589 2538 744 2613; x_wconf 87' lang='lat' dir='ltr'>quartanis.</span> <span class='ocrx_word' id='word_1_237' title='bbox 783 2536 859 2613; x_wconf 90' lang='lat' dir='ltr'>quod</span> <span class='ocrx_word' id='word_1_238' title='bbox 877 2544 957 2594; x_wconf 86' lang='lat' dir='ltr'>esset</span> <span class='ocrx_word' id='word_1_239' title='bbox 973 2534 1076 2594; x_wconf 91' lang='lat' dir='ltr'>animal</span> 
     </span>
    </p>

    <p class='ocr_par' dir='ltr' id='par_1_13' title="bbox 1 2617 1077 2780">
     <span class='ocr_line' id='line_1_28' title="bbox 1 2617 1076 2701; baseline -0.007 -18"><span class='ocrx_word' id='word_1_240' title='bbox 1 2619 2 2646; x_wconf 31' lang='lat' dir='ltr'>l</span> <span class='ocrx_word' id='word_1_241' title='bbox 79 2639 175 2701; x_wconf 89' lang='lat' dir='ltr'>neque</span> <span class='ocrx_word' id='word_1_242' title='bbox 192 2621 242 2680; x_wconf 89' lang='lat' dir='ltr'>ille</span> <span class='ocrx_word' id='word_1_243' title='bbox 258 2620 413 2700; x_wconf 90' lang='lat' dir='ltr'>descripsit</span> <span class='ocrx_word' id='word_1_244' title='bbox 427 2637 483 2678; x_wconf 89' lang='lat' dir='ltr'>nec</span> <span class='ocrx_word' id='word_1_245' title='bbox 498 2637 551 2680; x_wconf 92' lang='lat' dir='ltr'>nos</span> <span class='ocrx_word' id='word_1_246' title='bbox 565 2620 724 2678; x_wconf 83' lang='lat' dir='ltr'>invenimus</span> <span class='ocrx_word' id='word_1_247' title='bbox 740 2621 788 2698; x_wconf 83' lang='lat' dir='ltr'>qui</span> <span class='ocrx_word' id='word_1_248' title='bbox 803 2620 942 2679; x_wconf 87' lang='lat' dir='ltr'>novisset.</span> <span class='ocrx_word' id='word_1_249' title='bbox 959 2617 1076 2678; x_wconf 91' lang='lat' dir='ltr'>demon·</span> 
     </span>
     <span class='ocr_line' id='line_1_29' title="bbox 79 2703 1077 2780; baseline -0.005 -15"><span class='ocrx_word' id='word_1_250' title='bbox 79 2705 226 2766; x_wconf 86' lang='lat' dir='ltr'>strandum</span> <span class='ocrx_word' id='word_1_251' title='bbox 238 2713 332 2764; x_wconf 89' lang='lat' dir='ltr'>tamen</span> <span class='ocrx_word' id='word_1_252' title='bbox 345 2705 398 2762; x_wconf 90' lang='lat' dir='ltr'>luit</span> <span class='ocrx_word' id='word_1_253' title='bbox 411 2721 428 2762; x_wconf 90' lang='lat' dir='ltr'>a</span> <span class='ocrx_word' id='word_1_254' title='bbox 442 2705 592 2780; x_wconf 78' lang='lat' dir='ltr'>tamgravi</span> <span class='ocrx_word' id='word_1_255' title='bbox 602 2711 722 2762; x_wconf 88' lang='lat' dir='ltr'>auctore</span> <span class='ocrx_word' id='word_1_256' title='bbox 737 2703 853 2778; x_wconf 88' lang='lat' dir='ltr'>dictam,</span> <span class='ocrx_word' id='word_1_257' title='bbox 870 2705 894 2762; x_wconf 90' lang='lat' dir='ltr'>si</span> <span class='ocrx_word' id='word_1_258' title='bbox 911 2703 992 2761; x_wconf 89' lang='lat' dir='ltr'>cuius</span> <span class='ocrx_word' id='word_1_259' title='bbox 1008 2718 1077 2762; x_wconf 89' lang='lat' dir='ltr'>cura</span> 
     </span>
    </p>

    <p class='ocr_par' dir='ltr' id='par_1_14' title="bbox 1 2785 1075 2865">
     <span class='ocr_line' id='line_1_30' title="bbox 1 2785 1075 2865; baseline -0.006 -16"><span class='ocrx_word' id='word_1_260' title='bbox 1 2813 2 2817; x_wconf 44' lang='lat'>¹</span> <span class='ocrx_word' id='word_1_261' title='bbox 80 2789 232 2849; x_wconf 82' lang='lat' dir='ltr'>efficacior</span> <span class='ocrx_word' id='word_1_262' title='bbox 247 2797 327 2848; x_wconf 87' lang='lat' dir='ltr'>esset</span> <span class='ocrx_word' id='word_1_263' title='bbox 343 2787 514 2865; x_wconf 86' lang='lat' dir='ltr'>inquirendi.</span> <span class='ocrx_word' id='word_1_264' title='bbox 549 2788 674 2846; x_wconf 91' lang='lat' dir='ltr'>cornicis</span> <span class='ocrx_word' id='word_1_265' title='bbox 696 2788 789 2846; x_wconf 91' lang='lat' dir='ltr'>carnis</span> <span class='ocrx_word' id='word_1_266' title='bbox 810 2805 895 2862; x_wconf 89' lang='lat' dir='ltr'>esse,</span> <span class='ocrx_word' id='word_1_267' title='bbox 917 2787 1020 2844; x_wconf 89' lang='lat' dir='ltr'>nitrum</span> <span class='ocrx_word' id='word_1_268' title='bbox 1035 2785 1075 2843; x_wconf 92' lang='lat' dir='ltr'>in·</span> 
     </span>
    </p>

    <p class='ocr_par' dir='ltr' id='par_1_15' title="bbox 1 2869 1120 3453">
     <span class='ocr_line' id='line_1_31' title="bbox 46 2869 1120 2950; baseline 0 -18"><span class='ocrx_word' id='word_1_269' title='bbox 46 2874 173 2934; x_wconf 81' lang='grc' dir='ltr'><strong>001ἰοοτ0</strong></span> <span class='ocrx_word' id='word_1_270' title='bbox 197 2872 226 2930; x_wconf 92' lang='lat' dir='ltr'>in</span> <span class='ocrx_word' id='word_1_271' title='bbox 245 2871 340 2948; x_wconf 88' lang='lat' dir='ltr'>longis</span> <span class='ocrx_word' id='word_1_272' title='bbox 357 2870 466 2930; x_wconf 89' lang='lat' dir='ltr'>morbis</span> <span class='ocrx_word' id='word_1_273' title='bbox 481 2871 660 2930; x_wconf 89' lang='lat' dir='ltr'>utilissimum</span> <span class='ocrx_word' id='word_1_274' title='bbox 681 2879 789 2950; x_wconf 87' lang='lat' dir='ltr'>putant.</span> <span class='ocrx_word' id='word_1_275' title='bbox 830 2869 868 2929; x_wconf 83' lang='lat' dir='ltr'>Et</span> <span class='ocrx_word' id='word_1_276' title='bbox 882 2872 911 2929; x_wconf 91' lang='lat' dir='ltr'>iu</span> <span class='ocrx_word' id='word_1_277' title='bbox 926 2871 1055 2928; x_wconf 90' lang='lat' dir='ltr'>tertianis</span> <span class='ocrx_word' id='word_1_278' title='bbox 1068 2878 1120 2932; x_wconf 77' lang='lat'>104</span> 
     </span>
     <span class='ocr_line' id='line_1_32' title="bbox 1 2951 1075 3035; baseline -0.006 -18"><span class='ocrx_word' id='word_1_279' title='bbox 1 2989 2 2992; x_wconf 34' lang='lat'>¹</span> <span class='ocrx_word' id='word_1_280' title='bbox 25 3016 27 3022; x_wconf 25' lang='lat' dir='ltr'>s</span> <span class='ocrx_word' id='word_1_281' title='bbox 79 2958 130 3018; x_wconf 84' lang='lat' dir='ltr'>hat</span> <span class='ocrx_word' id='word_1_282' title='bbox 147 2961 279 3035; x_wconf 90' lang='lat' dir='ltr'>potestas</span> <span class='ocrx_word' id='word_1_283' title='bbox 296 2954 483 3033; x_wconf 85' lang='lat' dir='ltr'>experiendi,</span> <span class='ocrx_word' id='word_1_284' title='bbox 508 2957 641 3032; x_wconf 82' lang='lat' dir='ltr'>qnoniam</span> <span class='ocrx_word' id='word_1_285' title='bbox 658 2956 789 3014; x_wconf 89' lang='lat' dir='ltr'>miserias</span> <span class='ocrx_word' id='word_1_286' title='bbox 810 2955 896 3033; x_wconf 88' lang='lat' dir='ltr'>copia</span> <span class='ocrx_word' id='word_1_287' title='bbox 911 2954 977 3033; x_wconf 90' lang='lat' dir='ltr'>spei</span> <span class='ocrx_word' id='word_1_288' title='bbox 996 2951 1075 3012; x_wconf 90' lang='lat' dir='ltr'>dele·</span> 
     </span>
     <span class='ocr_line' id='line_1_33' title="bbox 80 3037 1075 3116; baseline -0.007 -15"><span class='ocrx_word' id='word_1_289' title='bbox 80 3048 147 3116; x_wconf 87' lang='lat' dir='ltr'>ctat,</span> <span class='ocrx_word' id='word_1_290' title='bbox 165 3057 240 3099; x_wconf 91' lang='lat' dir='ltr'>anne</span> <span class='ocrx_word' id='word_1_291' title='bbox 257 3039 366 3116; x_wconf 88' lang='lat' dir='ltr'>aranei,</span> <span class='ocrx_word' id='word_1_292' title='bbox 383 3056 467 3116; x_wconf 81' lang='lat' dir='ltr'>quem</span> <span class='ocrx_word' id='word_1_293' title='bbox 482 3038 570 3113; x_wconf 82' lang='lat' dir='ltr'>lycon</span> <span class='ocrx_word' id='word_1_294' title='bbox 588 3048 705 3116; x_wconf 88' lang='lat' dir='ltr'>vocant,</span> <span class='ocrx_word' id='word_1_295' title='bbox 721 3039 780 3098; x_wconf 87' lang='lat' dir='ltr'>tela</span> <span class='ocrx_word' id='word_1_296' title='bbox 795 3056 857 3098; x_wconf 90' lang='lat' dir='ltr'>cum</span> <span class='ocrx_word' id='word_1_297' title='bbox 871 3040 936 3116; x_wconf 92' lang='lat' dir='ltr'>ipso</span> <span class='ocrx_word' id='word_1_298' title='bbox 951 3039 980 3096; x_wconf 90' lang='lat' dir='ltr'>iu</span> <span class='ocrx_word' id='word_1_299' title='bbox 997 3037 1075 3114; x_wconf 88' lang='lat' dir='ltr'>sple-</span> 
     </span>
     <span class='ocr_line' id='line_1_34' title="bbox 79 3110 1075 3202; baseline -0.007 -18"><span class='ocrx_word' id='word_1_300' title='bbox 79 3123 161 3185; x_wconf 90' lang='lat' dir='ltr'>niolo</span> <span class='ocrx_word' id='word_1_301' title='bbox 174 3124 288 3182; x_wconf 87' lang='lat' dir='ltr'>resinae</span> <span class='ocrx_word' id='word_1_302' title='bbox 307 3139 451 3201; x_wconf 82' lang='lat' dir='ltr'>ceraeque</span> <span class='ocrx_word' id='word_1_303' title='bbox 466 3110 593 3200; x_wconf 86' lang='lat' dir='ltr'>inposita</span> <span class='ocrx_word' id='word_1_304' title='bbox 607 3125 737 3201; x_wconf 86' lang='lat' dir='ltr'>utrisque</span> <span class='ocrx_word' id='word_1_305' title='bbox 752 3122 930 3202; x_wconf 87' lang='lat' dir='ltr'>temporibus</span> <span class='ocrx_word' id='word_1_306' title='bbox 947 3129 976 3180; x_wconf 88' lang='lat' dir='ltr'>et</span> <span class='ocrx_word' id='word_1_307' title='bbox 988 3120 1075 3179; x_wconf 87' lang='lat' dir='ltr'>ironti</span> 
     </span>
     <span class='ocr_line' id='line_1_35' title="bbox 78 3202 1075 3287; baseline -0.007 -18"><span class='ocrx_word' id='word_1_308' title='bbox 78 3208 185 3287; x_wconf 89' lang='lat' dir='ltr'>prosit,</span> <span class='ocrx_word' id='word_1_309' title='bbox 201 3214 249 3266; x_wconf 93' lang='lat' dir='ltr'>aut</span> <span class='ocrx_word' id='word_1_310' title='bbox 264 3207 329 3284; x_wconf 85' lang='lat' dir='ltr'>ipse</span> <span class='ocrx_word' id='word_1_311' title='bbox 346 3208 456 3266; x_wconf 91' lang='lat' dir='ltr'>calamo</span> <span class='ocrx_word' id='word_1_312' title='bbox 472 3205 662 3284; x_wconf 76' lang='lat' dir='ltr'>adalligatus,</span> <span class='ocrx_word' id='word_1_313' title='bbox 681 3206 804 3285; x_wconf 87' lang='lat' dir='ltr'>qualiter</span> <span class='ocrx_word' id='word_1_314' title='bbox 819 3216 848 3266; x_wconf 88' lang='lat' dir='ltr'>et</span> <span class='ocrx_word' id='word_1_315' title='bbox 864 3206 927 3265; x_wconf 90' lang='lat' dir='ltr'>aliis</span> <span class='ocrx_word' id='word_1_316' title='bbox 945 3202 1075 3263; x_wconf 77' lang='lat' dir='ltr'>febribus</span> 
     </span>
     <span class='ocr_line' id='line_1_36' title="bbox 44 3286 1074 3372; baseline -0.007 -21"><span class='ocrx_word' id='word_1_317' title='bbox 44 3290 225 3372; x_wconf 61' lang='lat' dir='ltr'>”prodesse</span> <span class='ocrx_word' id='word_1_318' title='bbox 237 3289 373 3366; x_wconf 85' lang='lat' dir='ltr'>traditur,</span> <span class='ocrx_word' id='word_1_319' title='bbox 396 3289 464 3350; x_wconf 90' lang='lat' dir='ltr'>item</span> <span class='ocrx_word' id='word_1_320' title='bbox 476 3286 587 3352; x_wconf 89' lang='lat' dir='ltr'>lacerta</span> <span class='ocrx_word' id='word_1_321' title='bbox 607 3291 707 3351; x_wconf 80' lang='lat' dir='ltr'>viridis</span> <span class='ocrx_word' id='word_1_322' title='bbox 724 3290 879 3368; x_wconf 86' lang='lat' dir='ltr'>adalligata</span> <span class='ocrx_word' id='word_1_323' title='bbox 901 3290 966 3346; x_wconf 85' lang='lat' dir='ltr'>viva</span> <span class='ocrx_word' id='word_1_324' title='bbox 986 3288 1014 3346; x_wconf 91' lang='lat' dir='ltr'>in</span> <span class='ocrx_word' id='word_1_325' title='bbox 1038 3302 1074 3345; x_wconf 88' lang='lat' dir='ltr'>eo</span> 
     </span>
     <span class='ocr_line' id='line_1_37' title="bbox 78 3369 1075 3453; baseline -0.008 -18"><span class='ocrx_word' id='word_1_326' title='bbox 78 3393 150 3435; x_wconf 84' lang='lat' dir='ltr'>vase</span> <span class='ocrx_word' id='word_1_327' title='bbox 166 3374 244 3453; x_wconf 83' lang='lat' dir='ltr'>quod</span> <span class='ocrx_word' id='word_1_328' title='bbox 262 3375 372 3451; x_wconf 89' lang='lat' dir='ltr'>capiat,</span> <span class='ocrx_word' id='word_1_329' title='bbox 397 3390 455 3453; x_wconf 79' lang='lat' dir='ltr'>quo</span> <span class='ocrx_word' id='word_1_330' title='bbox 475 3391 585 3450; x_wconf 84' lang='lat' dir='ltr'>genere</span> <span class='ocrx_word' id='word_1_331' title='bbox 603 3385 633 3434; x_wconf 89' lang='lat' dir='ltr'>et</span> <span class='ocrx_word' id='word_1_332' title='bbox 653 3374 796 3434; x_wconf 83' lang='lat' dir='ltr'>recidivas</span> <span class='ocrx_word' id='word_1_333' title='bbox 813 3373 982 3450; x_wconf 78' lang='lat' dir='ltr'>frequenter</span> <span class='ocrx_word' id='word_1_334' title='bbox 997 3369 1075 3448; x_wconf 91' lang='lat' dir='ltr'>abigi</span> 
     </span>
    </p>

    <p class='ocr_par' dir='ltr' id='par_1_16' title="bbox 78 3459 1118 3622">
     <span class='ocr_line' id='line_1_38' title="bbox 78 3459 237 3520; baseline 0.006 -1"><span class='ocrx_word' id='word_1_335' title='bbox 78 3459 237 3520; x_wconf 89' lang='lat' dir='ltr'>adlirmant.</span> 
     </span>
     <span class='ocr_line' id='line_1_39' title="bbox 140 3537 1118 3622; baseline -0.004 -18"><span class='ocrx_word' id='word_1_336' title='bbox 140 3542 225 3621; x_wconf 78' lang='grc'><strong>(31.)</strong></span> <span class='ocrx_word' id='word_1_337' title='bbox 247 3540 422 3619; x_wconf 76' lang='lat' dir='ltr'>Hydropicis</span> <span class='ocrx_word' id='word_1_338' title='bbox 440 3557 580 3622; x_wconf 74' lang='lat' dir='ltr'>oesypum</span> <span class='ocrx_word' id='word_1_339' title='bbox 596 3560 634 3602; x_wconf 84' lang='lat' dir='ltr'>ex</span> <span class='ocrx_word' id='word_1_340' title='bbox 645 3543 711 3602; x_wconf 84' lang='lat' dir='ltr'>vino</span> <span class='ocrx_word' id='word_1_341' title='bbox 727 3541 820 3601; x_wconf 88' lang='lat' dir='ltr'>addita</span> <span class='ocrx_word' id='word_1_342' title='bbox 834 3555 928 3599; x_wconf 87' lang='lat' dir='ltr'>murra</span> <span class='ocrx_word' id='word_1_343' title='bbox 942 3537 1055 3598; x_wconf 86' lang='lat' dir='ltr'>modice</span> <span class='ocrx_word' id='word_1_344' title='bbox 1066 3547 1118 3603; x_wconf 77' lang='grc'>100</span> 
     </span>
    </p>
   </div>
   <div class='ocr_carea' id='block_1_3' title="bbox 0 0 1260 3930">
    <p class='ocr_par' dir='ltr' id='par_1_17' title="bbox 0 0 1260 3930">
     <span class='ocr_line' id='line_1_40' title="bbox 0 0 1260 3930; baseline 0 0"><span class='ocrx_word' id='word_1_345' title='bbox 0 0 1260 3930; x_wconf 95' lang='lat' dir='ltr'> </span> 
     </span>
    </p>
   </div>
  </div>
 </body>
</html>
