2508 3924
280 260 361 307 nus.
377 259 466 308 mss.
483 259 604 308 xxvm.
621 259 664 312 15.
682 258 724 312 16.
740 253 888 322 (oo—63.)
1016 250 1075 310 197

78 407 171 489 otum,
192 411 292 472 sebum
306 411 443 472 hircinum
458 431 522 472 cum
536 412 667 474 helxines
683 424 765 493 parte
779 431 866 493 aqua,
891 415 998 494 sinapis
1019 425 1076 476 ter·

77 498 138 572 tia,
163 496 222 554 limi
245 497 354 574 caprini
376 499 500 557 cinerem
519 515 582 556 cum
605 500 737 575 axungia.
768 500 833 575 quin
855 507 883 557 et
901 499 1075 559 ischiadicos

75 580 126 639 nri
146 578 201 638 sub
217 579 373 657 pollicibus
389 579 493 658 pedum
508 597 545 640 eo
560 581 625 640 limo
641 582 773 641 fervente
788 581 936 641 utilissimo
951 582 1074 659 tradunt,

76 662 330 741 articulorumque
348 663 424 723 vitiis
443 662 484 722 iel
499 665 624 724 ursinum
638 665 815 724 utilissimum
836 683 902 725 esse
920 674 948 724 et
965 666 1076 744 leporis

48 745 178 826 spedas
200 745 382 821 adalligatos.
415 747 560 825 podagras
585 748 697 824 quidem
720 749 842 824 mitigari
866 748 942 826 pede
965 748 1076 826 leporis

35 888 38 892 ,
77 830 210 888 viventis
226 828 359 904 absciso,
381 831 404 888 si
420 832 484 908 quis
498 847 595 890 seeum
611 830 729 890 adsidue
746 830 859 891 babeat.
896 831 1054 892 Perniones
1065 841 1114 898 221

77 915 199 972 ursinus
220 912 302 991 adips
324 913 467 992 rimasque
486 914 590 991 pedum
610 915 706 973 omnis¹
723 915 825 991 sarcit,
845 914 992 974 ellioacius
1015 915 1074 974 alu·

77 997 160 1056 mine
176 993 291 1070 addito,
307 995 406 1055 sebum
422 998 576 1075 caprinum,
592 997 715 1057 dentium
732 1000 798 1076 equi
814 998 918 1074 farina,
937 1016 1075 1076 aprunum

77 1080 132 1140 vel
151 1079 268 1139 suillum
285 1079 341 1157 fel,
359 1097 421 1139 cum
436 1080 520 1158 adipe
538 1080 634 1158 pulmo
648 1082 805 1158 inpositus,
822 1083 875 1141 etsi
891 1081 1002 1141 subtriti
1019 1084 1075 1141 sint

40 1183 70 1224 ro
81 1163 257 1224 contunsive
276 1163 481 1239 offensatioue,
497 1164 607 1224 sivero
622 1163 714 1224 adusti
735 1165 863 1241 lrigorc,
884 1165 1008 1244 leporini
1025 1165 1075 1244 pili

82 1249 174 1323 einis,
198 1243 326 1306 eiusdem
347 1246 444 1324 pulmo
468 1249 613 1306 contunsis
635 1247 778 1307 dissectus
798 1256 846 1308 aut
868 1248 1009 1326 pulmonis
1036 1249 1075 1307 ci·

80 1333 137 1390 nis.
182 1329 253 1389 Sole
280 1329 379 1388 adusta
406 1329 478 1390 sebo
503 1332 613 1390 asinino
640 1333 786 1410 aptissime
814 1340 960 1408 curantur,
985 1334 1052 1391 item
1065 1341 1116 1394 222

79 1412 194 1474 bubulo
211 1429 274 1472 cum
291 1428 425 1472 rosaceo.
463 1412 570 1473 clavos
592 1421 621 1473 et
641 1417 727 1474 riums
749 1414 873 1493 callique
894 1416 963 1474 vitia
979 1416 1074 1475 dmum
1131 1437 1135 1446 ·

79 1497 149 1576 apri
165 1495 214 1555 vel
229 1497 288 1556 suis
302 1512 407 1556 recens
423 1496 530 1557 inlitum
551 1515 585 1556 ac
604 1498 691 1556 tertio
713 1497 759 1558 die
778 1499 900 1556 solutum
919 1507 1016 1574 sanat,
1032 1507 1072 1558 ta·

41 1582 178 1646 uelorum
197 1580 278 1654 cinis,
293 1578 389 1656 pulmo
405 1597 529 1657 aprunus
543 1589 590 1639 aut
606 1580 706 1640 suillus
722 1589 769 1640 aut
790 1582 940 1655 cervinus,
963 1581 1074 1641 attritus

80 1664 341 1724 calciamentorum
355 1663 435 1722 urina
450 1664 521 1722 asini
538 1680 599 1722 cum
614 1664 672 1723 luto
687 1681 739 1723 suo
754 1663 841 1740 inlita,
858 1664 958 1724 clavos
974 1664 1074 1723 sebum

79 1745 221 1807 bubulum
239 1761 303 1804 cum
324 1748 395 1804 turis
415 1746 542 1823 polline,
567 1748 724 1824 perniones
739 1765 811 1808 vero
828 1749 935 1807 corium
956 1745 1073 1806 combu-

80 1839 170 1910 stum,
190 1827 292 1888 melius
310 1829 334 1887 si
351 1847 388 1887 ex
401 1837 501 1888 vetere
516 1829 716 1906 calciamento,
730 1831 846 1890 iniurias
863 1849 879 1890 e
897 1831 1019 1890 calciatu
1035 1848 1073 1890 ex

81 1913 154 1974 oleo
169 1912 232 1972 eorl
246 1912 356 1988 caprini
372 1913 454 1971 cinis.
492 1913 624 1974 Varieum
640 1913 757 1974 dolores
772 1913 855 1974 sedat
874 1915 931 1974 limi
946 1913 1053 1972 vitulini
1065 1924 1116 1978 223

40 1998 158 2058 socinis
175 2011 238 2054 curn
252 1993 293 2054 lili
308 1993 402 2054 bulbis
423 1995 564 2056 decoetus
578 1997 672 2056 addito
693 1997 782 2056 melle
801 1997 932 2074 modico,
948 1998 1073 2076 itemque

80 2079 180 2140 omnia
193 2078 361 2137 inllamruatu
373 2087 402 2138 et
413 2081 635 2158 suppurationes
648 2081 789 2140 minantia.
809 2081 907 2140 eadem
923 2099 970 2140 res
980 2090 1009 2138 et
1023 2098 1073 2158 po·
1094 2074 1101 2102 s

81 2163 183 2239 dugris
199 2161 319 2241 prodest
341 2171 369 2220 et
390 2163 560 2224 articulariis
580 2164 703 2241 morbis,
732 2182 748 2222 e
768 2163 893 2223 maribus
914 2165 1072 2242 praecipue

82 2245 194 2320 vitulis,
210 2244 395 2304 articulorum
410 2248 512 2306 attritis
526 2247 574 2306 vel
590 2265 724 2327 aprorum
738 2247 786 2308 vel
799 2266 879 2306 suum
891 2247 978 2306 linteo
995 2247 1071 2306 cale·

84 2330 165 2391 laeto
192 2328 361 2406 inpositum,
389 2329 527 2408 vitulique
556 2332 603 2407 qui
626 2331 748 2390 noudum
772 2330 890 2390 herbam
912 2333 1073 2406 gustaverit

40 2415 190 2486 alimum,
206 2413 274 2471 item
289 2411 434 2489 caprinum
449 2429 513 2472 eum
525 2414 611 2473 melle
622 2416 651 2472 in
668 2423 750 2474 aceto
765 2413 926 2472 decoctum.
961 2413 1072 2489 Unguis
1108 2459 1111 2474 .

82 2495 208 2558 scabros
227 2494 325 2554 sebum
337 2495 417 2554 vituli
432 2495 576 2572 emendat,
592 2496 660 2556 item
674 2498 820 2574 caprinum
835 2496 956 2555 admixta
971 2497 1071 2554 sanda·

80 2597 163 2642 raca.
195 2595 334 2638 verrucas
346 2595 418 2638 vero
435 2578 528 2640 aufert
543 2580 601 2638 limi
616 2580 724 2639 vitulini
742 2579 812 2638 cinis
828 2595 865 2638 ex
880 2587 978 2652 aceto,
1000 2581 1071 2638 asini

80 2664 185 2724 aduae
200 2662 299 2722 lutum.

148 2744 235 2824 (63.)
260 2744 401 2805 Comitiali
416 2744 517 2806 morbo
533 2747 614 2804 testis
627 2747 741 2805 ursinos
758 2744 854 2804 edisse
871 2742 988 2821 prodest
1002 2744 1051 2802 vel
1063 2755 1114 2807 224

43 2828 341 2909 eoaprunos'bibisse
362 2846 399 2887 ex
416 2828 491 2889 laete
508 2829 611 2906 equino
627 2838 674 2889 aut
689 2847 726 2888 ex
744 2845 834 2905 aqua,
855 2829 922 2886 item
937 2843 1073 2902 aprunam

83 2914 196 2973 urinam
217 2930 255 2971 ex
276 2921 360 2972 aceto
375 2912 482 2988 mulso,
504 2912 652 2972 elllcacius
673 2929 746 2990 quae
768 2909 905 2970 inaruerit
923 2909 951 2966 in
973 2910 1072 2969 vesica

81 3013 147 3056 sua.
187 2995 288 3054 dantur
299 3004 328 3055 et
345 3013 424 3054 suum
438 2995 562 3056 testiculi
579 2995 727 3055 inveterati
740 2995 856 3071 tritique
870 2993 897 3050 iu
912 2994 970 3050 suis
985 2992 1072 3068 lacte,

81 3079 283 3160 praecedente
304 3078 362 3136 vini
383 3077 551 3138 abstinentia
576 3089 605 3138 et
630 3086 769 3156 sequente
794 3075 935 3136 continuis
961 3073 1072 3149 diebus,

82 3163 190 3222 dautur
215 3171 243 3220 et
267 3161 376 3240 leporis
396 3161 457 3220 sale
484 3162 616 3221 custoditi
636 3162 787 3239 pulmones
809 3177 872 3218 cunr
890 3156 961 3214 turis
987 3159 1073 3215 tertia

44 3255 171 3328 separte
191 3247 220 3304 in
244 3245 311 3304 vino
333 3245 399 3304 albo
419 3263 472 3321 per
493 3244 554 3304 dies
575 3243 673 3320 XXX,
700 3246 768 3303 item
791 3239 913 3317 coagula
935 3237 1074 3298 eiusdem.

84 3331 160 3390 asiai
178 3327 331 3388 cerebrum
346 3347 383 3388 ex
403 3345 475 3406 aqua
494 3329 602 3402 mulsa,
628 3328 792 3386 infumatum
809 3326 890 3404 prius
915 3321 943 3379 iu
965 3320 1054 3398 loliis,
1066 3333 1117 3386 225

84 3411 235 3474 semuncia
251 3429 304 3490 per
320 3409 381 3470 dies
396 3413 442 3471 vel
457 3412 624 3489 ungularum
638 3413 700 3470 eius
715 3411 787 3469 cinis
800 3403 981 3466 coclearibus
1000 3403 1077 3466 binis

81 3506 149 3558 toto
163 3512 263 3556 meuse
278 3503 379 3574 potus,
397 3495 464 3556 item
478 3504 571 3556 testes
589 3495 651 3555 sale
673 3491 818 3554 adservati
839 3498 868 3550 et
881 3488 1005 3566 inspersi
1023 3506 1077 3570 po·
