2406 3914
134 249 195 312 266
471 256 502 304 o.
518 255 615 304 annm
633 253 784 304 suenum

133 417 187 476 bus
204 414 309 474 erebro
326 412 446 473 Graecis
462 411 623 471 nominibus
640 410 775 469 utendum
789 414 851 483 est,
873 399 1146 480 interpretationem

134 517 234 559 eorum
251 497 344 556 semel
356 496 414 556 boe
429 498 458 554 in
473 495 541 556 loeo
556 512 712 573 ponemus:
736 490 880 552 Draobma
895 488 993 548 Attica
1001 531 1011 564 ,
1026 517 1072 530 -
1085 482 1147 541 lere

133 585 208 644 enim
226 581 322 641 Attica
344 581 550 640 observatione
570 578 675 638 mediei
692 585 809 636 utuntur
822 609 880 649 -‚
893 571 997 632 denari
1015 565 1148 645 argentei

132 666 221 738 habet
246 665 375 744 pondus,
390 664 550 740 eademque
561 677 599 722 vt
611 660 717 722 obolos
728 658 860 738 pondere
873 656 985 730 eflicit,
1004 651 1115 713 obolus
1125 661 1148 708 x

133 749 264 810 ahaloos.
288 748 408 824 oyatlrus
426 747 535 826 pendet
550 745 702 806 drachmas
718 758 752 803 x.
769 761 833 802 oum
849 738 998 802 acetabuli
1013 749 1168 796 mensurae

132 833 253 908 dieitur,
270 832 414 910 signifieat
426 833 558 891 heminae
571 838 715 908 quamn,
729 827 759 887 id
773 837 819 886 est
834 825 988 886 drachmas
1000 834 1061 882 xv.
1074 835 1147 894 mna,

132 933 217 994 quam
230 917 323 975 nostri
337 917 439 975 minam
454 923 576 990 vocant,
596 911 705 992 pendet
721 910 872 972 drachmas
889 909 1005 968 Atticas
1022 918 1054 966 c.

504 1239 739 1250 —·—-—-—

375 1515 410 1598 G.
439 1513 592 1598 Plllll
618 1510 858 1598 Sllsslllllll

204 1683 594 1781 lldllllllllll
637 1677 1032 1776 llllllllllllll

444 1861 788 1928 nrssnnxxm.

541 2043 694 2052 u—-n

112 2179 126 2229 l
191 2167 278 2244 (Seet
294 2167 339 2244 1.)
361 2165 495 2243 Inplesse
522 2176 659 2246 poterant
679 2166 846 2226 miraculum
870 2165 916 2224 sui
938 2169 1043 2221 natura
1064 2167 1148 2234 atque

133 2248 220 2308 tellus
248 2250 393 2328 reputanti
421 2249 470 2309 vel
493 2251 598 2328 prioris
626 2259 734 2310 tanturn
753 2250 909 2309 voluminis
928 2247 1018 2306 dotes
1048 2250 1149 2318 totque

131 2349 241 2409 genera
253 2332 406 2392 herbarum
418 2334 587 2394 utilitatibus
602 2333 747 2394 hominum
758 2342 807 2393 aut
820 2329 1026 2410 voluptatibus
1041 2325 1149 2403 genita.

133 2415 185 2474 sed
202 2425 308 2493 quanto
323 2416 406 2495 plura
421 2425 531 2477 restant
545 2427 711 2495 quantoque
726 2415 906 2476 mirabiliora
926 2407 1072 2473 inventu?
1102 2407 1150 2468 illa
1157 2425 1179 2466 u

132 2499 207 2557 enirn
223 2502 332 2559 maiore
348 2502 376 2559 in
394 2509 477 2578 parte
496 2499 553 2560 eibi
569 2510 617 2560 aut
633 2501 732 2561 odoris
753 2501 911 2561 decorisve
934 2493 1150 2558 commendatio

134 2581 169 2641 ad
185 2601 338 2644 numerosa
355 2586 553 2662 experimenta
569 2584 663 2660 duxit,
686 2584 865 2662 reliquarum
885 2582 1021 2661 potentia
1046 2578 1150 2655 adpro·

132 2663 181 2724 bat
202 2665 272 2727 nihil
294 2667 330 2728 ab
346 2684 441 2726 rerum
457 2676 558 2727 natura
573 2669 634 2728 sine
652 2667 748 2747 aliqua
765 2667 931 2728 oeeultiore
949 2681 1042 2726 causa
1061 2662 1149 2740 gigni.

109 2753 127 2816 2
190 2747 261 2827 Gap.
281 2751 307 2810 l.
329 2749 390 2829 (2.)
413 2748 556 2830 Equidem
572 2761 601 2811 et
621 2751 733 2812 formae
750 2752 845 2828 gratia
860 2751 996 2829 ritusque
1013 2744 1150 2826 perpetui

132 2829 161 2887 in
177 2833 350 2908 corporibus
366 2835 425 2893 suis
447 2835 560 2914 aliquas
576 2843 740 2895 exterarum
763 2835 891 2912 gentium
907 2835 949 2893 uti
963 2831 1071 2893 herbis
1091 2830 1179 2908 qui-tt

118 2909 252 2990 ,busdam
268 2915 388 2976 adverto
401 2919 504 2977 animo.
521 2918 641 2978 inlinunt
657 2928 739 2978 oerte
756 2918 820 2979 aliis
837 2918 913 2979 aliae
931 2917 1043 2977 iaoiern
1054 2915 1084 2973 in
1100 2929 1150 2992 po·

132 2994 208 3072 pulis
229 2994 416 3058 barbarorum
436 3001 577 3077 laminae,
604 3019 759 3080 maresque
785 3003 872 3064 etiam
896 2999 975 3079 apud
997 2999 1101 3060 Dauos
1124 3003 1151 3054 et

132 3078 278 3175 §armatas
300 3097 426 3159 corpora
446 3101 497 3144 sua
520 3084 689 3149 inscribunt.
722 3085 823 3147 similis
843 3085 1009 3164 plantagini
1026 3083 1151 3161 glastum

133 3178 161 3218 rn
179 3160 271 3220 Gallia
286 3173 424 3239 vocatur,
440 3166 638 3229 Britannorum
661 3171 803 3247 coniuges
827 3186 978 3247 nurusque
1000 3176 1065 3227 toto
1089 3182 1149 3226 eor·

133 3260 207 3320 pore
231 3243 340 3304 oblitae
358 3246 526 3323 quibusdam
548 3253 576 3310 in
595 3255 687 3313 saeris
707 3255 801 3314 nudae
819 3253 960 3314 incedunt
970 3250 1177 3329 Aethiopnmu

134 3325 263 3385 colorem
278 3328 430 3388 imitantes.

110 3414 128 3467 3
166 3409 220 3502 β.
245 3410 305 3484 (3.)
327 3410 385 3470 lam
409 3431 483 3473 veru
510 3417 587 3476 inlici
614 3420 707 3478 vestis
736 3421 843 3480 seimus
872 3418 1043 3480 admirabili
1072 3417 1146 3490 ineo,

133 3497 219 3564 atque
243 3500 272 3550 ut
293 3492 428 3554 sileamus
449 3495 595 3577 Galatiae,
617 3501 755 3582 Africae,
777 3503 944 3564 Lusitaniae
960 3504 1064 3580 granis
1083 3516 1146 3560 ooo·
