2396 3900
245 234 325 282 ιιι.
342 234 433 284 ursa.
450 235 548 282 xum.
569 233 653 286 ι-ει
675 224 794 301 (1—3.)
985 225 1028 285 95

43 387 78 446 ιιι
89 395 207 463 torrere,
223 387 357 465 quoniam
373 395 478 452 tostum
491 388 557 447 cibo
573 387 716 448 salubrius
728 398 818 465 esset,
830 391 858 450 id
871 409 927 450 uuo
939 393 1025 453 modo

7 475 9 514 ἲ
44 479 218 547 consecutus,
231 472 393 551 ,statuendo
415 488 472 530 non
495 491 563 532 esse
584 490 686 550 purum
707 474 741 534 ιι
759 491 819 532 rem
836 474 957 535 divinam
972 477 1026 535 nisi

7 589 8 592 =
43 564 141 614 tostum.
188 556 214 614 is
239 564 269 614 et
290 554 461 616 Fornacalia
488 557 607 616 instituit
630 557 715 617 larris
735 558 863 618 torrendi
885 559 974 619 ferias
998 570 1059 626 eta

7 685 8 712 2
43 655 120 716 aeque
136 639 295 717 religiosas
312 642 441 700 terminis
456 645 600 718 agrorum.
638 642 691 702 hos
709 643 782 701 enim
798 641 869 702 deos
885 653 952 703 tunc
967 663 1024 704 ma-

28 741 110 785 ιιιιε
124 733 284 801 noverant,
308 725 464 803 Seiamque
479 743 495 784 a
511 725 637 785 serendo
646 726 823 803 ,Segestam
841 744 856 785 a
874 729 1025 804 segetibus

7 806 229 886 appellabant,
250 826 369 887 quarum
391 810 566 870 simulacra
558 829 586 868 m
603 811 682 869 circo
699 810 898 886 videmus,-
911 813 1025 872 tertiam

7 909 71 964 ει
84 891 122 951 ιιι
137 895 289 952 nominare
306 891 359 952 sub
376 903 455 954 tecto
473 893 577 971 religio
594 903 698 954 est-
698 912 761 970 ,ac
781 912 817 953 ue
834 893 1025 972 degustabant

7 969 9 1136 5
42 975 137 1119 pp'dem
150 995 246 1037 novas
261 977 361 1054 lruges
383 987 430 1038 ant
446 979 511 1038 vina
528 987 682 1056 antequam
697 978 868 1038 sacerdotes
882 981 1025 1056 primitias

50 1061 173 1121 lassent.

7 1137 35 1202 lu
88 1145 114 1207 3.
128 1145 203 1244 (3.)
229 1144 364 1222 Iugerum
382 1145 543 1206 vocabatur
564 1145 641 1223 quod
662 1163 718 1205 uno
740 1148 807 1224 iugo
825 1145 936 1207 boum
928 1165 955 1206 ur
972 1147 1018 1206 dic
1030 1149 1053 1209 9·

7 1231 135 1330 5examri
150 1238 268 1309 posset,
285 1239 366 1289 actus
382 1231 410 1289 in
426 1246 482 1308 quo
499 1228 591 1290 bores
608 1239 763 1306 agerentur
780 1248 842 1290 cunr
857 1240 952 1292 aratro
967 1249 1024 1292 uno

7 1313 127 1396 {inpetu
142 1316 234 1374 iusto.
263 1313 311 1374 hic
327 1321 389 1374 erat
405 1326 474 1374 cxx
488 1314 604 1392 pedum,
621 1314 864 1393 duplicatusque
856 1334 884 1374 ιι
901 1314 1024 1391 longitu-

7 1367 143 1462 3“ιι“ιειι
135 1417 272 1476 iugerum
294 1398 429 1458 iaciebat.
464 1398 539 1458 dona
566 1397 740 1476 amplissima
763 1400 968 1477 imperatorum
989 1417 1023 1459 ac

7 1475 178 1542 lortinm
149 1484 257 1542 civium
274 1491 407 1582 quaqtum
423 1483 486 1561 quis
501 1499 558 1541 uno
573 1483 619 1542 die
635 1482 795 1560 plurumum
807 1485 1022 1544 circumaravis·

7 1555 87 1642 5uset,
111 1569 182 1626 item
210 1567 347 1645 quartarii
368 1566 452 1626 larris
475 1575 523 1626 aut
545 1566 693 1642 heminae,
713 1567 883 1627 conlereute
902 1567 1022 1646 populo.

7 1631 9 1694 3
41 1648 206 1728 Cognomina
223 1653 308 1716 etiam
322 1652 413 1729 prima
432 1649 516 1710 inde:
532 1650 651 1710 Pilumni
666 1669 718 1730 qur
711 1651 821 1730 pilum
836 1652 988 1731 pistrinis
979 1669 1019 1710 m·
1034 1663 1071 1714 lo

7 1769 9 1806 5
39 1744 143 1796 uenerat
151 1733 553 1813 ,Pisonisapiscndo,iam
570 1733 739 1811 Fabiorum,
756 1735 956 1810 Lentulorum,
975 1733 1022 1794 Ci-

7 1807 9 1876 l
40 1837 172 1895 canonum,
185 1827 216 1879 ut
227 1819 349 1896 quisque
365 1819 482 1918 aliquod
498 1827 615 1918 optume
629 1836 722 1895 genus
736 1829 858 1881 sereret.
879 1817 1023 1878 luniorum

7 1899 146 1965 lamiliac
174 1900 334 1962 Bubulcum
355 1904 535 1962 nominarunt
559 1903 607 1980 qui
629 1901 760 1963 bubuso
743 1913 858 1981 optume
882 1903 1022 1963 utebatur

7 1989 136 2068 inquinet
149 1989 181 2048 in
196 1987 288 2046 sacris
304 1987 373 2046 nibil
386 1987 552 2064 religiosius
565 1987 803 2047 confarreationis
818 1988 933 2047 vinculo
949 1995 1022 2064 erat,

7 2069 9 2144 l
39 2089 177 2152 novaeque
192 2079 300 2148 nuptae
316 2071 441 2130 farreum
457 2070 673 2150 praeferebant.
704 2071 814 2148 Agrum
828 2071 904 2130 male
920 2070 1020 2131 colere
1033 2083 1065 2134 ιι

40 2159 189 2217 censorium
204 2155 342 2234 probrum
359 2156 554 2230 indicabatur,
572 2162 675 2233 atque,
698 2164 728 2214 ut
742 2154 834 2215 refert
852 2153 941 2231 Cato,
961 2172 1023 2215 cum

7 2235 9 2308 5
38 2241 116 2300 virum
135 2239 249 2300 bonum
263 2239 434 2320 apriculam
456 2240 620 2317 bonumque
637 2239 771 2298 colonum
787 2239 943 2315 dixissent,
966 2256 1023 2298 am·

7 2335 8 2402 ξ
37 2324 153 2401 plissime
172 2322 307 2384 laudasse
329 2323 540 2383 existimabant.
569 2322 636 2383 hinc
658 2332 687 2382 et
707 2324 871 2402 locupletes
890 2323 1024 2384 dicebant

7 2405 96 2498 ueloci,
111 2408 169 2469 lroc
187 2417 234 2467 est
249 2410 321 2486 agri,
338 2407 453 2487 plenos
481 2408 604 2486 pecunia
616 2408 679 2486 ipsa
695 2425 711 2466 a
730 2425 839 2486 pecore
854 2406 1025 2486 appellaba·

37 2494 197 2552 tenatiam
219 2510 294 2551 nuno
316 2493 344 2551 in
361 2491 467 2552 tabulis
484 2491 625 2552 censoriis
647 2509 755 2569 pascua
778 2491 911 2551 dicuntur
930 2491 1024 2549 omnia

7 2571 68 2636 3ει
82 2577 183 2656 quibus
198 2576 324 2656 populus
337 2575 446 2646 reditus
461 2575 549 2635 habet
550 2576 638 2674 ,quia
653 2575 700 2634 diu
715 2576 771 2635 hoc
786 2575 880 2634 solum
896 2573 1022 2650 vectigal

7 2655 128 2722 lucrat.
157 2661 290 2720 multatio
313 2676 429 2740 quoque
453 2677 510 2720 uon
533 2660 587 2718 nisi
611 2661 705 2718 ovium
726 2661 871 2738 boumque
887 2657 1022 2736 inpendio

7 2744 187 2821 dicebatur,
200 2762 258 2804 non
271 2744 426 2806 omittenda
441 2745 600 2842 priscarum
613 2743 709 2820 legum
726 2743 931 2806 benivolentia
956 2760 1024 2801 oau-

7 2823 87 2892 ἷΙιιιι
105 2831 214 2908 qnippe
238 2837 284 2889 est
304 2847 341 2888 ne
366 2827 471 2888 bovem
491 2829 571 2906 prius
592 2844 674 2904 quam
696 2845 780 2887 ovem
798 2827 958 2888 nominaret
975 2827 1023 2905 qui

36 2913 168 2974 indiceret
190 2913 317 2973 multam.
354 2911 451 2973 Ludos
472 2911 557 2972 boum
578 2927 664 2970 causa
687 2911 862 2971 celebrantis
885 2910 1024 2972 Bubetios
1034 2923 1068 2976 ιι

37 2997 179 3057 vocabant.
215 2998 336 3058 Servius
357 3014 411 3056 rex
431 2997 526 3054 ovium
549 2993 693 3072 boumque
715 2995 814 3072 effigie
843 2997 951 3074 primus
972 3013 1023 3054 aes

36 3081 161 3178 signarit.
190 3079 316 3160 Frugem
332 3079 446 3158 quidem
460 3088 556 3140 aratro
574 3079 731 3157 quaesitam
752 3079 846 3139 furtim
866 3089 952 3140 noctu
972 3097 1023 3158 pa-

35 3166 105 3226 visse
121 3185 157 3227 ac
172 3168 304 3226 secuisse
311 3164 422 3264 puberi
438 3177 490 3225 ιιι
504 3162 610 3224 tabulis
627 3163 731 3242 capital
748 3173 820 3239 erat,
838 3180 1024 3242 suspensum

7 3253 85 3332 'uque
100 3249 203 3311 Cereri
219 3267 317 3311 necari
311 3248 469 3310 iubebant
484 3250 601 3326 gravius
619 3265 702 3327 quam
715 3248 743 3306 in
756 3248 911 3309 homicidio
926 3247 1022 3307 convi-

35 3343 101 3394 ctum
110 3334 279 3414 ,inpubem
302 3334 448 3412 praetoris
474 3333 610 3393 arbitratu
630 3331 779 3392 verberari
799 3333 951 3392 noxiamve
973 3330 1022 3390 du·

34 3417 193 3494 pliouemve
209 3417 336 3478 decerni.
368 3417 426 3478 laur
453 3418 596 3479 distinctio
613 3414 764 3495 honosque
785 3416 907 3476 civitatis
930 3416 1019 3494 ipsius
1032 3425 1068 3479 13

7 3579 9 3586 .
34 3519 85 3560 non
101 3502 218 3563 aliunde
238 3509 309 3563 erat.
351 3503 478 3561 rusticae
498 3499 589 3560 tribus
615 3499 827 3560 laudatissimae
855 3516 953 3559 eorum
975 3499 1022 3576 qni

7 3619 10 3742 l
