2396 3900
148 157 207 220 120
491 167 520 216 c.
538 165 799 216 aumencourt}

146 273 221 386 cant.
248 322 334 384 Circa
347 321 498 401 Philippos
513 329 671 382 ateramum
686 321 831 381 nominant
845 319 874 378 in
888 317 988 398 pingui
1004 319 1069 380 solo
1086 319 1158 380 ber·

145 409 211 470 bam
238 425 294 488 qua
316 406 384 469 laba
401 415 539 482 necatur,
561 414 701 466 teramum
722 421 779 484 qua
800 405 830 464 in
850 421 966 479 macro,
987 421 1052 464 cunr
1069 405 1158 464 udam

102 504 154 559 156
165 491 279 572 quidam
295 499 398 552 ventus
414 489 541 551 adflavit.
565 487 664 550 Aerae
678 506 800 568 granum
815 489 968 548 minumum
984 489 1073 547 estin
1088 503 1157 547 cor·

145 580 203 638 tice
219 575 364 638 aculeato.
401 593 464 636 cnm
483 583 528 636 est
550 575 691 653 inpane,
716 573 871 634 celerrime
892 573 1054 650 vertigines
1072 571 1157 647 lacit,

147 663 282 741 aiuntque
297 662 326 720 in
341 659 412 719 Asia
434 668 463 719 et
478 657 602 720 Graecia
616 657 820 733 balneatores,
842 675 906 718 cunr
926 657 1019 717 velint
1040 655 1179 718 turbama

147 747 279 826 pellere,
303 742 479 804 carbonibus
499 743 529 803 id
550 761 651 804 sennen
672 743 793 803 inicere.
830 741 959 802 nascitur
981 750 1011 801 et
1034 740 1157 820 phalan-

145 832 215 909 gion
232 831 261 890 in
275 846 364 904 ervo,
387 827 513 888 bestiola
534 829 633 888 aranei
653 827 791 905 generis,
814 827 839 886 si
859 826 951 887 biems
972 829 1084 904 aquosa
1107 825 1155 885 sit.

146 915 267 976 limaces
281 921 437 974 nascuntur
451 913 479 972 in
495 912 586 988 vicia,
609 921 638 971 et
659 910 815 990 aliquando
831 920 941 970 eterra
964 911 1089 970 cocleae
1104 910 1156 968 mi·

146 1007 233 1060 mutae
258 999 359 1058 mirum
383 997 413 1057 in
436 995 552 1056 modum
576 996 732 1056 erodentes
758 1013 831 1056 eam.
861 993 899 1054 lit
920 994 1014 1054 morbi
1036 993 1157 1072 quidem

146 1085 210 1144 lere
227 1083 257 1144 bi
274 1091 349 1142 sunt.
898 1078 900 1084 '
1165 1093 1189 1136 rt

105 1177 154 1234 157
217 1167 300 1246 (45.)
322 1165 462 1226 Remedia
486 1181 586 1224 eorum
605 1182 807 1244 quaecumque
828 1165 974 1244 pertinent
991 1163 1027 1223 ad
1046 1161 1158 1223 berbas

145 1255 175 1312 in
192 1251 309 1311 sarculo
325 1259 364 1326 et,
386 1266 450 1332 cum
468 1266 568 1309 semen
581 1249 719 1326 iactatur,
739 1251 849 1310 cinere.
882 1266 956 1327 quae
977 1264 1049 1307 vero
1066 1249 1095 1305 in
1110 1265 1157 1306 se-

146 1336 222 1395 mine
243 1344 272 1395 et
288 1335 366 1394 circa
380 1333 509 1394 radicem
525 1335 685 1395 consistant
700 1333 900 1413 praecedente
915 1350 984 1393 cura
1003 1339 1156 1394 caventur.

145 1421 222 1480 Vino
243 1427 273 1478 et
293 1419 404 1479 semina
424 1418 545 1496 perlusa
560 1419 652 1478 minus
668 1427 824 1497 aegrotare
846 1418 1019 1478 existimant.
1049 1415 1155 1492 Vergi-

146 1505 202 1566 lius
218 1503 293 1563 nitro
316 1512 345 1563 et
362 1520 480 1563 amurca
504 1502 638 1582 perfundi
660 1502 740 1563 iubet
759 1502 863 1562 labam.
893 1502 936 1562 sic
962 1502 1048 1561 etianr
1062 1503 1187 1578 'gran-m

105 1598 157 1654 158
168 1589 293 1649 descere
307 1588 455 1667 promittit.
489 1587 603 1666 quidam
616 1604 700 1664 vero,
722 1588 747 1646 si
765 1587 859 1647 triduo
883 1595 949 1647 ante
967 1595 1059 1645 satum
1075 1585 1156 1644 urina

149 1683 179 1734 et
199 1689 273 1752 aqua
294 1681 475 1748 maceretur,
500 1673 660 1750 praecipue
686 1669 859 1732 adulescens
881 1680 989 1749 putant.
1026 1678 1072 1729 ter
1095 1669 1155 1748 qui·

147 1758 212 1818 dem
228 1757 345 1818 saritam
359 1756 485 1817 modium
510 1757 622 1816 fractae
638 1774 654 1815 e
672 1757 769 1816 modio
785 1754 898 1817 solidae
915 1754 1064 1829 reddere,
1087 1753 1156 1812 reli·

147 1860 203 1922 qua
220 1843 328 1901 semina
345 1842 478 1920 cupressi
494 1840 573 1900 loliis
588 1840 679 1901 tunsis
696 1843 720 1900 si
735 1841 920 1917 misceantur,
935 1856 992 1899 non
1008 1856 1077 1899 esse
1090 1855 1155 1897 ver·

113 1931 116 1936 ’
146 1925 259 1986 miculis
283 1922 425 2000 obnoxia,
450 1941 506 1984 nec
532 1924 556 1982 si
581 1925 735 1985 interlunio
763 1931 904 1985 serantur.
934 1923 1015 1984 multi
1036 1923 1074 1984 ad
1096 1921 1185 1981 nitio

146 2008 275 2069 remedia
303 2007 435 2069 rubetam
456 2017 544 2068 noctu
566 2025 636 2068 arvo
661 2010 841 2069 circumferri
860 2009 958 2069 iubent
973 2009 1053 2087 prins
1070 2023 1155 2086 quam

148 2094 286 2168 saciatur,
306 2091 464 2172 defodique
480 2093 509 2150 in
525 2093 622 2153 medio
638 2094 779 2154 inclusam
794 2093 884 2153 iictili.
914 2095 954 2154 ita
976 2111 1031 2152 nec
1053 2108 1153 2171 passe·

147 2195 209 2236 rem
225 2193 281 2235 nec
294 2177 402 2236 vermis
422 2194 550 2253 nocere,
571 2175 624 2238 sed
639 2178 795 2238 eruendam
812 2178 892 2256 prius
915 2195 1000 2256 quam
1020 2182 1153 2250 metetur,

148 2259 276 2339 alioquin
292 2277 418 2321 amarum
436 2261 512 2321 lieri.
543 2263 611 2340 quin
626 2272 656 2322 et
677 2279 756 2322 armo
776 2262 876 2340 talpae
896 2270 1029 2322 contacta
1044 2261 1154 2320 semina

106 2353 157 2409 159
168 2343 305 2406 uberiora
333 2363 413 2406 esse.
448 2345 633 2406 Democritus
661 2363 734 2406 suco
762 2345 872 2406 herbae
897 2363 970 2425 quae
991 2345 1184 2424 appellaturus

148 2431 278 2506 aizoum,
298 2431 326 2488 in
347 2428 455 2508 tegulis
476 2447 617 2506 nascens,
641 2440 670 2491 et
686 2431 722 2491 ab
739 2431 803 2490 aliis
825 2448 939 2506 aesum,
961 2429 1061 2490 Latine
1082 2445 1154 2488 vero

150 2514 252 2574 sedum
277 2521 325 2575 aut
352 2514 519 2592 digitillum,
554 2515 698 2577 medioata
725 2516 784 2576 seri
809 2513 890 2574 iubet
916 2515 1010 2574 omnia
1034 2515 1174 2588 semina,

148 2597 238 2676 volgo
254 2616 343 2676 vero,
366 2601 391 2658 si
408 2599 500 2659 uredo
515 2608 621 2659 noceat
636 2609 666 2659 et
679 2603 796 2660 vermes
809 2599 955 2660 radicibus
976 2598 1153 2673 inhaereant,

149 2684 308 2743 remedium
325 2692 370 2746 est
390 2701 505 2744 amurca
525 2702 597 2762 pura
615 2701 650 2744 ac
677 2685 738 2744 sine
762 2683 824 2744 sale
845 2701 1002 2762 spargere,
1028 2683 1096 2743 dein
1109 2700 1153 2742 sa·

149 2766 224 2843 rire,
247 2769 271 2826 si
286 2769 315 2826 in
330 2768 481 2828 articulum
496 2785 585 2845 seges
603 2769 648 2828 ire
664 2770 807 2848 coeperit,
830 2786 971 2844 runcare,
993 2785 1030 2827 ne
1044 2766 1182 2827 berbaett

107 2857 158 2914 160
169 2851 293 2910 vincant.
333 2851 450 2912 Pestem
471 2869 488 2912 a
510 2849 588 2912 milio
613 2862 699 2932 atque
720 2854 841 2932 panico,
869 2863 1032 2913 sturnorum
1053 2868 1152 2931 passe·

148 2951 249 2994 rumve
265 2936 395 3012 agmina,
420 2938 482 2998 scio
505 2937 582 3016 abigi
604 2936 697 2998 herba
719 2938 799 2997 cuius
821 2953 927 2997 nomen
946 2938 1077 3016 ignotum
1098 2944 1151 3011 est,

148 3019 176 3078 in
192 3027 326 3096 qtrattuor
340 3020 453 3097 angulis
471 3023 583 3099 segetis
602 3021 737 3098 defossa,
759 3022 859 3080 mirum
874 3023 970 3098 dictu,
995 3031 1026 3081 ut
1040 3021 1151 3080 omnino

147 3103 226 3163 nulla
243 3103 304 3163 avis
320 3103 415 3163 intret.
452 3120 549 3164 mures
574 3104 727 3184 abiguntur
744 3107 842 3166 cinere
864 3107 1007 3166 mustelae
1022 3105 1072 3165 vel
1087 3103 1151 3165 ielis

149 3187 238 3247 diluto
255 3195 284 3248 et
310 3188 420 3247 semine
445 3206 550 3267 sparso
570 3189 620 3250 rel
641 3190 826 3250 decoctarum
845 3208 930 3270 aqua.
969 3189 1023 3250 sed
1038 3188 1178 3249 redoletss

147 3271 225 3332 virus
241 3270 403 3333 animalium
416 3289 517 3332 eornm
534 3275 620 3334 etiam
636 3276 664 3334 in
680 3293 764 3353 pane.
794 3275 832 3334 ob
847 3275 876 3336 id
890 3274 963 3335 felle
979 3273 1089 3335 bubulo
1105 3290 1149 3332 se

105 3362 155 3418 161
167 3355 242 3416 mina
257 3357 358 3432 attingi
380 3356 478 3416 utilius
489 3367 600 3435 putant.
629 3357 747 3436 Robigo
764 3359 894 3438 quidem,
917 3377 1049 3419 maxuma
1065 3373 1148 3435 sege·

147 3445 204 3496 tam
222 3441 331 3516 pestis,
354 3439 427 3500 lauri
447 3442 536 3500 ramis
557 3443 586 3500 in
601 3459 672 3502 arvo
698 3443 802 3503 defixis
818 3445 920 3503 transit
934 3445 963 3502 in
979 3461 1015 3504 ea
1030 3442 1100 3503 lolia
1115 3457 1148 3500 ex
