2396 3922
199 262 257 323 122
546 278 577 326 o.
593 276 687 326 anr
701 279 849 344 succum

196 446 314 508 remque
337 439 366 490 et
387 439 514 492 tumores
543 432 646 492 tollunt
672 449 770 492 semen
790 432 895 512 psylli,
921 431 990 490 folia
1010 430 1179 509 plantaginis

194 515 276 590 trita,
297 515 357 575 sale
375 516 487 576 modice
508 515 620 594 addito,
636 516 768 577 verbasci
783 533 880 576 semen
898 533 935 574 ex
951 515 1017 573 vino
1031 514 1181 572 decoctum

194 597 304 672 tritum,
332 600 424 658 cicuta
451 617 514 659 oum
535 601 667 676 axungia.
707 601 776 659 folia
803 599 951 677 ephemeri
972 597 1125 656 tuberibus
1142 607 1181 656 tu·

195 681 382 761 moribusque
398 683 550 742 inlinuntur
564 701 638 761 quae
656 685 796 743 etiamtum
815 683 916 742 discuti
931 690 1065 760 possunt.

154 774 206 829 123
262 764 346 843 (76.)
369 765 499 825 Morbum
513 767 622 843 regium
636 768 664 825 in
681 766 773 827 oculis
789 768 945 846 praecipue
960 767 1059 824 mirari
1079 774 1135 840 est,
1148 774 1196 822 tes

194 848 329 907 nuitatem
354 850 438 910 etiam
459 849 536 909 illam
555 850 781 928 densitatemque
808 849 995 909 tunicularum
1021 849 1098 908 felle
1125 848 1182 906 sub

196 941 292 1008 eunte.
315 933 507 1011 Hippocrates
520 951 536 992 a
548 944 678 1012 septumo
696 934 741 992 die
754 936 781 993 io
794 933 868 992 febri
880 934 1061 992 mortiferum
1081 933 1182 1008 signum

196 1033 263 1074 esse
285 1015 362 1076 dicit.
398 1019 573 1077 nesscimus
591 1019 699 1076 vixisse
715 1017 827 1097 aliquos
843 1019 927 1076 etiam
954 1016 990 1077 ab
1011 1015 1069 1076 hac
1085 1015 1181 1092 despe-

195 1101 315 1158 ratione.
352 1101 382 1160 fit
405 1099 482 1159 ‘vero
507 1109 535 1159 et
557 1101 627 1160 citra
654 1100 744 1160 febris
772 1111 1011 1179 expugnaturque
1038 1099 1179 1157 centaurio

160 1184 343 1244 commnione
367 1191 396 1241 ut
418 1183 538 1242 diximus
559 1193 645 1262 poto,
669 1186 837 1260 Vettonica,
861 1185 967 1260 agarici
983 1181 1086 1241 obolis
1101 1180 1196 1240 tribuat

196 1267 307 1324 eurvini
325 1267 433 1325 veteris
450 1267 571 1341 cyatho,
592 1269 660 1328 item
683 1267 864 1327 verbenacae
886 1267 958 1325 folio
982 1265 1085 1324 obolis
1102 1264 1182 1323 tribus

154 1359 205 1414 124
217 1367 254 1408 ex
269 1350 326 1408 vini
343 1349 425 1409 calidi
446 1349 558 1409 hemina
576 1352 736 1428 quatriduo.
761 1351 814 1411 sed
829 1351 981 1410 celerrime
1006 1347 1184 1426 quinquefoli

194 1449 280 1491 sucus
303 1432 433 1492 medetur
452 1433 542 1492 tribus
560 1435 669 1509 cyathis
688 1443 774 1512 potus
796 1452 858 1492 corn
872 1433 933 1492 sale
955 1441 985 1491 et
1003 1432 1106 1491 melle.
1143 1447 1184 1506 cy·

195 1515 307 1575 clamini
322 1508 405 1576 radix
420 1516 562 1575 drachmis
576 1515 664 1577 tribus
680 1516 783 1576 bibitor
800 1519 827 1574 iu
844 1517 911 1576 loco
928 1516 1026 1575 calido
1043 1525 1074 1576 et
1095 1533 1112 1574 a
1128 1533 1184 1593 pcr-

192 1598 371 1658 frictionibus
391 1608 469 1674 tuto,
496 1633 539 1646 -
563 1600 684 1660 sudores
705 1603 777 1659 enim
796 1600 903 1659 felleos
924 1609 1039 1676 movet,
1055 1631 1102 1646 -
1116 1595 1196 1658 foliaf

194 1681 369 1759 tussilaginis
392 1701 429 1742 ex
446 1700 538 1761 aqua,
563 1701 661 1743 semen
681 1684 832 1743 linozostis
854 1685 1004 1761 utriusque
1022 1685 1181 1760 inspersum

194 1767 304 1843 potioni
318 1767 366 1826 vel
380 1783 442 1825 cum
456 1767 598 1826 absinthio
614 1776 663 1826 aut
678 1770 774 1826 cinere
791 1767 956 1843 decoctum,
972 1767 1084 1845 hysopi
1100 1765 1182 1824 bacae

196 1865 257 1908 oum
272 1866 345 1926 aqua
362 1859 463 1927 potae,
478 1850 574 1910 lichen
588 1849 688 1927 herba,
705 1852 738 1928 si,
755 1869 818 1909 cum
834 1851 959 1925 sumitur,
975 1859 1090 1909 cetero
1110 1849 1181 1908 olere

146 1942 156 1950 ·
195 1931 378 2006 abstineatur,
396 1933 542 2010 polythrix
558 1935 586 1992 in
601 1937 668 1993 vino
683 1934 758 2009 data,
778 1933 917 1994 struthion
931 1935 962 1992 in
974 1932 1085 1992 mulso.

153 2023 202 2077 125
259 2014 342 2092 (77.)
367 2015 475 2074 Passim
498 2024 526 2075 et
552 2019 580 2076 in
606 2033 781 2095 quacumque
804 2025 884 2094 parte
910 2014 963 2075 sed
988 2033 1127 2075 maxume
1148 2015 1196 2072 iul-¹

194 2097 342 2156 commoda
358 2108 510 2158 nascuntur
527 2102 574 2176 qui
593 2101 733 2159 furunculi
755 2107 911 2175 vocantur,
932 2099 1120 2159 mortiferum
1139 2097 1179 2155 ali

195 2180 306 2256 quando
328 2181 431 2240 malum
454 2182 594 2242 confectis
616 2183 796 2262 corporibus.
832 2182 961 2241 remedio
988 2191 1057 2241 sunt
1080 2197 1179 2260 pycno-

194 2264 268 2322 comi
283 2263 353 2323 folia
369 2265 434 2324 trita
448 2283 510 2324 oum
529 2266 656 2344 polenta,
679 2267 703 2324 si
718 2265 842 2325 nondum
857 2274 943 2344 caput
959 2265 1101 2326 fecerint.
1132 2263 1177 2323 dis

194 2348 300 2406 cutiunt
319 2356 347 2405 et
361 2348 432 2408 folia
448 2348 568 2425 ephedri
583 2349 670 2408 inlita.

154 2437 203 2492 126
260 2431 342 2509 (78.)
365 2429 491 2490 Fistulae
509 2449 623 2509 qnoque
641 2432 756 2492 inomni
770 2440 852 2508 parte
869 2440 990 2510 serpunt
1007 2432 1196 2492 medicorum

194 2514 264 2573 vitio
281 2513 354 2573 male
378 2517 465 2574 sectis
484 2515 664 2591 corporibus.
698 2515 803 2574 auxilio
829 2524 874 2574 est
890 2517 1073 2574 centaurium
1098 2516 1176 2574 minos

194 2597 324 2671 collyriis
340 2615 402 2658 cum
423 2597 509 2656 melle
525 2593 648 2658 decocto
664 2599 781 2672 additis,
805 2599 981 2676 plantaginis
1002 2616 1096 2657 sucus
1117 2596 1175 2656 infu-

193 2697 252 2752 sus,
267 2680 492 2758 quinquefolium
505 2699 566 2739 cum
582 2681 643 2740 salo
659 2690 687 2740 et
701 2680 799 2758 melle,
814 2680 945 2741 ladanum
958 2699 1025 2740 cum
1036 2691 1174 2748 castoreo,

192 2761 348 2832 cotyledon
363 2781 426 2822 cum
437 2762 560 2822 medulla
575 2766 690 2823 cervina
703 2764 843 2824 calefacta
858 2773 887 2823 et
899 2765 1037 2842 inposita,
1051 2760 1175 2824 verbasci

192 2841 299 2900 radicis
314 2845 437 2905 medulla
456 2845 557 2920 collyri
576 2847 712 2906 tenuitate
731 2848 758 2905 in
779 2841 899 2907 fistulato
926 2847 1042 2907 additrir
1060 2848 1113 2907 vel
1131 2845 1196 2904 ari-u

193 2923 353 2984 stolochiae
371 2929 452 2987 radix
466 2929 513 2986 vel
528 2947 612 2988 sucus
629 2927 776 3003 tithymali.
843 2963 846 2969 ·

152 3014 202 3071 127
264 3006 348 3083 (79.)
373 3008 569 3071 collectiones
582 3011 873 3091 inflammationesque
885 3022 989 3073 sanant
997 3011 1174 3090 argemoniae

193 3087 261 3148 folia
287 3087 382 3163 inlita,
415 3091 530 3152 duritias
559 3102 587 3152 ct
610 3095 800 3154 collectiones
827 3089 918 3155 omnis
939 3097 1110 3156 verbenaca
1134 3093 1172 3152 rel

194 3169 415 3249 quinquefolium
433 3175 581 3248 decoctpm
602 3177 629 3235 in
650 3185 748 3253 aceto,
774 3179 907 3238 verbasci
928 3179 1002 3240 folia
1020 3181 1071 3240 vel
1090 3179 1171 3250 radin,

192 3254 332 3330 hysopum
355 3257 450 3314 ovino
468 3259 635 3336 inpositum,
659 3261 737 3318 acori
752 3261 834 3320 radix
848 3262 976 3322 decocto
994 3265 1059 3322 eius
1080 3263 1193 3323 fovens

44 3403 48 3411 ι
192 3335 276 3409 tibus,
293 3334 420 3411 aizoum,
447 3341 514 3397 item
538 3357 610 3418 quae
632 3351 769 3400 contunsa
785 3347 839 3403 sint
854 3344 1038 3424 duritiasque
1055 3355 1086 3405 et
1104 3347 1170 3404 sinus

152 3429 202 3483 126
214 3417 344 3494 corporis
364 3418 519 3488 inlecebra.
556 3422 654 3482 Omnia
675 3425 760 3484 infixa
787 3428 904 3504 corpori
926 3429 1085 3489 extrahunt
1110 3427 1169 3489 folia

192 3498 379 3574 tussilaginis,
402 3499 537 3579 daucum,
560 3521 658 3564 semen
672 3506 839 3588 leontopodi
853 3511 950 3570 tritum
969 3514 1000 3572 in
1022 3529 1096 3590 aqua
1115 3527 1168 3572 cum
