2458 3906
192 225 252 289 too
543 197 852 288 o.ruru1s1ecuuo1

189 393 324 472 exiguum
338 403 368 454 et
383 394 480 455 inutile
495 395 633 473 gignitur.
665 391 913 472 carthaginiensis
926 393 1082 474 Hispaniae
1103 396 1183 456 citeri·

189 478 248 539 oris
264 480 371 557 portio,
387 496 443 538 uec
461 478 535 539 hacc
550 487 612 539 tota
626 477 679 538 sed
694 487 835 557 quatenus
850 479 941 558 parit,
956 479 1059 540 montis
1082 496 1183 559 quoque

144 570 179 625 at
190 572 288 642 sparto
305 563 409 642 operit.
440 562 514 623 lliuc
528 571 617 623 strata
638 564 754 623 rusticis
775 580 891 641 eorum,
911 562 979 624 hinc
998 565 1083 641 ignes
1103 564 1182 624 iaces

187 663 254 724 que,
273 645 339 706 hinc
355 647 521 708 calciamina
538 656 567 706 et
586 656 734 726 pastorum
760 649 860 707 vestis.
893 647 1062 710 animalibus
1081 648 1182 710 nomam

187 738 389 810 praeterquam
408 732 585 792 cacuminum
596 732 759 791 teneritate.
779 731 815 794 ad
825 730 954 810 reliquos
967 750 1037 792 usus
1050 730 1201 796 lahorioset

186 813 303 874 vellitur
316 818 443 876 ocreatis
459 815 591 877 cruribus
605 833 689 876 manu
703 816 849 894 textisque
862 817 998 892 manicis,
1015 815 1183 876 convolarun

188 899 282 958 osseis
299 899 454 977 iligneisve
472 901 658 961 conamentis.
690 901 835 962 nunciam
849 900 878 960 in
894 900 1017 962 hiemem
1039 901 1131 978 iuxta,
1150 900 1183 961 ia·

188 982 293 1042 cillime
304 991 399 1044 tanuen
411 984 447 1044 ah
459 983 552 1045 idibus
561 985 644 1045 llaiis
655 985 684 1045 in
697 983 803 1045 lunias.
828 983 886 1045 hoc
897 987 1066 1047 maturitatis
1076 994 1182 1064 tenpus.

143 1077 178 1130 28
248 1065 311 1147 (8.)
334 1067 456 1130 Volsunu
471 1068 600 1128 lancibus
614 1070 642 1128 iu
658 1086 766 1128 acervo
782 1071 933 1130 animatum
945 1069 1043 1150 hiduo,
1059 1071 1183 1132 tertiora

187 1151 320 1230 solutum,
336 1155 481 1232 spargitur
493 1153 522 1212 in
537 1152 601 1212 sole
617 1154 800 1232 siccaturque
816 1162 846 1213 et
857 1172 957 1216 rursus
970 1156 999 1216 iu
1012 1154 1202 1220 iascihusrea

186 1235 226 1295 dit
241 1235 294 1296 suh
308 1245 396 1296 tecta.
423 1246 527 1317 postea
545 1246 723 1313 maceratur,
739 1255 814 1315 aqua
824 1240 934 1301 marina
948 1248 1085 1318 optume,
1103 1236 1183 1298 sedet

186 1319 273 1396 dulci,
291 1320 316 1380 si
330 1323 437 1382 marina
453 1321 538 1398 desit,
557 1322 752 1400 siccatumque
767 1322 831 1382 sole
847 1324 949 1383 iterum
964 1325 1086 1400 rigatur.
1112 1323 1134 1381 si
1146 1337 1182 1381 re·

186 1412 274 1483 pente
290 1415 411 1481 urgueat
425 1405 609 1482 desiderium,
624 1405 771 1485 perfusum
793 1405 886 1467 calida
904 1409 932 1468 in
954 1408 1030 1468 solio
1050 1425 1085 1468 ac
1106 1407 1180 1466 sicca·

142 1498 177 1552 29
188 1498 246 1549 tum
262 1497 340 1550 stans
359 1491 552 1570 conpendium
567 1508 676 1569 operae
691 1491 806 1550 latetur.
837 1490 894 1552 hoc
915 1502 1009 1552 autem
1029 1490 1147 1552 tunditur
1159 1496 1182 1548 ut

185 1573 234 1634 liat
248 1572 328 1653 utile,
344 1575 502 1655 praecipue
515 1577 544 1636 in
559 1576 641 1653 aquis
656 1575 785 1656 marique
798 1575 943 1636 invictum.
973 1576 1002 1635 in
1019 1575 1100 1636 eicco
1112 1587 1202 1654 praet

183 1659 280 1718 ierunt
297 1678 314 1719 e
329 1658 450 1721 canuahi
465 1661 549 1721 lunis.
585 1658 638 1720 sed
658 1667 786 1738 spartum
809 1659 894 1720 alitur
915 1660 1001 1720 etiam
1025 1658 1182 1733 demersum,

186 1742 273 1802 veluti
289 1743 424 1805 natalium
443 1745 518 1804 sitim
538 1761 676 1823 pensans.
708 1741 887 1822 estquidam
907 1744 969 1804 eius
990 1752 1093 1806 natura
1111 1745 1182 1802 inter

141 1827 274 1907 eupolis,
290 1845 446 1907 rursusque
462 1826 650 1907 quamlibeat
666 1836 808 1888 venustum
822 1843 899 1888 novo
913 1828 1063 1888 miscetur.
1088 1842 1181 1886 verum·

184 1920 278 1972 tamen
290 1912 492 1990 conplectatur
503 1913 595 1973 auimo
608 1931 656 1991 qur
649 1911 749 1973 volet
759 1911 925 1972 miraculum
944 1913 1100 1973 aestimare
1110 1927 1201 1989 quan·

185 2005 214 2055 to
232 1995 291 2054 sit
282 2013 311 2055 m
325 2013 377 2055 usu
394 1995 525 2056 omnihus
541 1997 627 2056 terris
641 1997 754 2057 navium
768 1996 959 2073 armamentis,
971 1995 1110 2057 machinis
1120 1992 1201 2074 cedia}

187 2079 350 2139 licatiouum
364 2080 488 2179 aliisque
503 2080 655 2140 desideriis
673 2082 759 2141 vitae.
791 2080 827 2140 ad
844 2081 897 2141 hos
918 2081 1011 2140 omnis
1033 2099 1103 2140 usus
1123 2093 1182 2158 quae

184 2162 327 2223 sufficiant
341 2166 433 2225 minus
447 2167 564 2243 triginta
581 2165 657 2225 milia
672 2183 807 2244 passuum
829 2165 857 2225 in
878 2163 1057 2226 latitudinem
1078 2183 1095 2224 a
1113 2163 1182 2222 litore

185 2245 367 2323 Carthaginis
381 2266 475 2310 norae
489 2250 637 2328 minusque
654 2251 716 2310 cin
731 2249 940 2326 longitudinem
960 2267 1029 2310 esse
1051 2247 1182 2328 reperien-

182 2340 237 2391 tur.
267 2331 383 2410 lonqius
398 2335 465 2394 vehi
480 2333 614 2413 inpendia
627 2333 792 2412 prohibent.

140 2425 170 2480 31
250 2415 314 2498 (9.)
337 2418 426 2478 lunen
448 2417 577 2479 Graecos
598 2417 633 2478 ad
655 2419 730 2480 lunis
750 2436 819 2479 usos
839 2419 945 2480 nomini
970 2417 1120 2480 credamus
1138 2419 1200 2492 quot

183 2499 300 2561 herbam
317 2520 380 2564 eam
395 2501 553 2581 appellant,
571 2510 675 2580 postea
691 2503 849 2584 palmarum
863 2502 944 2563 loliis
954 2502 1128 2582 philyraque
1138 2515 1183 2558 ma

183 2585 318 2646 niiestnm
336 2596 392 2647 cst.
414 2586 481 2647 inde
496 2587 664 2648 translatum
684 2606 701 2648 a
717 2586 822 2648 Poenis
844 2589 935 2667 sparti
959 2605 1042 2648 usum
1061 2597 1184 2666 perquam

184 2670 276 2730 simile
292 2672 354 2731 veri
369 2681 423 2731 est.

139 2761 176 2816 ιι
251 2755 334 2835 (10.)
357 2754 575 2833 Theophrastus
590 2763 691 2816 auctor
706 2764 752 2816 est
767 2773 836 2816 esse
851 2753 930 2814 bulhi
944 2772 1039 2832 genus
1062 2755 1138 2814 circa
1155 2748 1183 2810 ri·

184 2855 237 2916 pas
260 2841 382 2900 amnium
402 2857 543 2916 nascens,
570 2840 651 2899 cuius
671 2840 746 2900 inter
761 2857 898 2900 summum
914 2841 1056 2900 corticem
1078 2835 1198 2922 ειιιιιιι

183 2932 295 3000 partem
319 2941 374 3001 qua
396 2932 553 2984 vescuntur
572 2941 640 2983 esse
663 2924 776 2984 laneam
799 2933 927 2985 naturam
950 2940 989 2983 ex
1016 2940 1073 3002 qua
1100 2917 1198 2998 inpilia

182 3015 338 3084 vestesque
351 3007 491 3106 quaedam
504 3008 700 3069 conficiantur.
723 3007 775 3068 sed
788 3025 884 3086 neque
896 3008 1052 3084 regionem
1061 3007 1092 3066 in
1103 2997 1183 3083 quaid

182 3091 232 3150 hat
251 3108 307 3150 nec
328 3092 481 3171 quicquam
497 3091 662 3169 diligentius
678 3101 882 3192 praeterquam
898 3090 1079 3191 eriophoron
1100 3087 1127 3149 id
1145 3101 1183 3163 ap

183 3174 311 3272 pellani
302 3193 331 3234 m
349 3175 564 3256 exemplaribus
580 3195 655 3256 quae
673 3175 829 3256 equidem
820 3177 978 3237 invenerim
989 3175 1086 3252 tradit,
1103 3184 1184 3248 neque

185 3259 300 3319 omnino
330 3259 417 3322 ullam
444 3261 618 3321 mentionem
643 3260 731 3322 hahet
755 3261 845 3341 sparti
872 3268 974 3322 cuncta
999 3276 1105 3337 magna
1129 3250 1196 3344 curta

140 3360 168 3404 aa
181 3358 190 3395 t
209 3353 380 3421 persecutus
408 3357 518 3405 cccxc
548 3347 629 3406 aunis
653 3355 719 3406 ante
746 3362 815 3422 nos,
843 3354 873 3405 ut
903 3346 958 3404 iam
986 3352 1017 3403 et
1043 3343 1102 3405 alio
1127 3339 1196 3400 loco

183 3425 320 3506 diximus,
352 3447 410 3508 quo
438 3428 559 3507 adparet
583 3438 651 3508 post
679 3429 707 3490 id
732 3430 872 3508 temporis
906 3429 934 3489 in
966 3445 1049 3490 rusum
1082 3423 1184 3487 ueniam

183 3519 319 3588 spartum.
