2508 3924
159 229 280 308 222²
385 217 387 221 ¹
509 255 812 306 crnmrsuouuou

158 431 214 492 quo
231 413 357 473 dissecto
372 411 493 471 inveniri
509 412 639 472 dicuntur
655 412 729 470 intus
743 409 891 470 vermiculi
912 410 968 471 duo
983 410 1144 488 adalligati-

159 517 215 575 que
230 494 397 555 mulieribus
413 496 491 572 pelle
509 497 627 556 cervina
648 503 713 554 ante
735 495 917 554 solisortum
937 504 1087 574 praestare
1105 514 1143 555 ne

159 581 332 658 concipiant,
348 587 378 637 ut
398 577 541 638 Caecilius
557 581 584 637 in
601 580 810 637 commentariis
825 577 949 655 reliquit.
982 581 1026 638 vis
1045 597 1079 638 ea
1095 598 1141 638 an-

157 683 212 723 nua
229 673 281 740 est,
299 680 383 740 quam
397 663 488 722 solam
507 681 545 721 ex
560 663 634 720 omni
649 663 743 720 atocio
760 661 867 720 dixisse
884 663 994 738 fassit,
1011 665 1143 739 quoniam

116 757 150 810 86
161 747 317 826 aliquarum
332 745 491 806 fecunditas
507 747 593 825 plena
608 746 707 804 liberis
727 745 777 804 tali
797 746 880 803 venia
898 746 1018 822 indiget.
1047 748 1141 808 Voca·
1152 747 1167 802 a

156 840 201 888 tur
219 839 249 889 et
266 829 388 906 rhagion
403 832 486 889 acino
502 833 586 906 nigro
602 829 711 904 similis,
727 847 777 888 ore
794 830 915 888 minumo
932 829 983 888 sub
999 830 1077 906 alvo,
1093 849 1144 908 pe·

157 913 240 972 dibus
254 913 432 972 brevissimis
453 922 594 991 tamquam
614 913 792 990 inperfectis.
825 911 910 972 dolor
931 929 947 972 a
964 930 1060 972 morsu
1081 915 1144 972 eius

158 997 250 1075 qualis
274 1013 290 1054 a
310 999 480 1074 scorpione,
506 999 585 1055 urina
605 995 703 1055 similis
725 997 835 1054 araneis
858 998 954 1055 textis.
983 996 1058 1054 idem
1082 1007 1145 1056 erat

157 1081 293 1154 asterion‚
308 1082 361 1138 nisi
377 1080 598 1162 distingueretur
611 1080 732 1155 virgulis
753 1080 835 1141 albis.
867 1080 948 1139 huius
964 1097 1075 1139 morsus
1090 1099 1143 1156 ge·

156 1183 210 1224 nua
226 1162 392 1224 labefactat.
428 1166 511 1240 peior
525 1173 647 1241 utroque
659 1171 702 1221 εει
717 1163 883 1238 caeruleus,
900 1163 1033 1239 lanugine
1049 1165 1144 1240 nigra,
1156 1185 1180 1224 m

158 1248 309 1324 caliginem
325 1247 471 1306 concitans
488 1257 515 1305 et
528 1250 649 1305 vomitus
664 1265 830 1305 araneosos.
854 1247 1003 1306 etiamnum
1016 1247 1145 1307 deterior

157 1350 173 1391 a
187 1331 326 1391 crabrone
342 1333 427 1408 pinna
445 1339 551 1390 tantum
566 1331 718 1406 differens,
739 1330 786 1389 hic
810 1339 838 1388 et
853 1330 888 1390 ad
902 1331 1021 1388 maciem
1038 1331 1144 1408 perdu-

115 1423 147 1478 87
162 1418 207 1474 cit.
235 1413 412 1488 Murmecion
429 1415 567 1474 formicae
583 1414 682 1472 similis
706 1417 817 1492 capite,
842 1414 907 1473 alvo
928 1417 1027 1490 nigra,
1053 1417 1145 1490 guttis
1216 1463 1221 1472 ,

158 1497 230 1557 albis
245 1497 493 1574 distinguentibus,
511 1515 662 1576 vesparum
678 1497 779 1556 dolore
794 1507 916 1575 torquet.
947 1497 1145 1573 Tetragnathii

157 1580 212 1639 duo
228 1599 336 1657 genera
353 1581 473 1640 habent:
503 1584 587 1660 peior
605 1582 727 1640 medium
751 1591 836 1659 caput
860 1581 1050 1656 distinguente
1074 1581 1177 1640 liniare

158 1663 222 1724 alba
238 1673 266 1722 et
281 1673 439 1723 traversum
455 1665 554 1723 altera.
580 1664 626 1722 hic
643 1667 700 1722 oris
717 1674 857 1741 tumorem
868 1665 947 1739 facit,
964 1673 992 1722 at
1008 1667 1143 1726 cinereus

156 1750 311 1825 posteriori
328 1755 410 1825 parte
426 1748 577 1808 candicans
594 1747 708 1824 lentior,
730 1750 850 1806 minume
866 1757 958 1806 autem
972 1750 1076 1806 noxius
1092 1767 1143 1807 eo·

158 1831 222 1890 dem
236 1831 345 1889 colore
367 1833 413 1908 qui
436 1831 508 1890 telas
528 1833 632 1890 muscis
656 1831 684 1888 in
702 1831 857 1909 parietibus
877 1831 1014 1889 latissime
1034 1830 1142 1908 pandit.

115 1913 263 1978 SSContra
281 1916 402 1972 omnium
417 1931 528 1974 morsus
542 1914 670 1973 remedio
687 1924 730 1986 εει
746 1914 968 1990 gallinaceorum
989 1914 1142 1972 cerebrum

157 2017 219 2058 cum
234 1998 343 2075 piperis
360 1999 464 2073 exiguo
477 2008 573 2076 potum
594 2000 622 2056 in
645 2015 750 2075 posca,
774 1999 840 2056 item
862 1999 998 2057 formicae
1017 2000 1178 2075 quinquero

157 2090 255 2158 potae,
273 2080 412 2157 pecudum
431 2081 485 2138 frmi
502 2084 572 2141 cinis
586 2081 682 2140 inlitus
697 2099 734 2139 en
750 2091 833 2140 aceto
852 2090 880 2139 ει
897 2082 951 2158 ipsi
967 2081 1063 2139 aranei
1081 2083 1142 2159 qui·

158 2181 278 2238 cumque
292 2164 320 2220 in
335 2162 402 2222 oleo
417 2163 580 2240 putrefacti.
616 2165 703 2224 Maris
721 2167 816 2223 aranei
832 2180 941 2222 morsus
960 2174 1075 2223 sanatur
1092 2183 1142 2222 co·
1230 2197 1233 2205 ‹

158 2245 244 2322 agulo
269 2247 373 2321 agnino
396 2247 424 2304 in
444 2248 510 2305 vino
533 2257 619 2326 poto,
648 2249 773 2324 ungulae
799 2250 936 2307 arietinae
957 2250 1054 2306 cinere
1077 2267 1143 2306 cum

124 2329 260 2404 somello,
292 2329 430 2388 mustelae
456 2332 549 2390 catulo
575 2340 605 2390 ut
627 2333 655 2389 in
677 2331 858 2408 serpentibus
884 2331 988 2389 dictum
1013 2340 1066 2390 est.
1119 2333 1143 2389 si

157 2415 278 2472 iumenta
294 2412 492 2488 momorderit,
514 2431 574 2473 mus
591 2432 693 2473 recens
713 2433 773 2472 cum
795 2415 856 2474 sale
873 2415 1016 2493 inponitur
1032 2423 1079 2473 aut
1100 2414 1177 2474 felas

115 2505 148 2558 89
160 2496 373 2572 vespertilionis
390 2515 427 2554 cx
443 2507 536 2556 aceto.
568 2499 673 2575 etipse
694 2517 755 2556 mus
777 2515 897 2557 araneus
920 2508 1018 2558 contra
1038 2515 1071 2556 se
1094 2516 1142 2556 re-

156 2579 248 2637 medio
278 2589 321 2638 est
342 2580 470 2653 divolsus
495 2590 523 2640 et
544 2583 692 2659 inpositus.
727 2585 833 2650 namsi
854 2600 997 2659 praegnas
1017 2598 1142 2641 momor-

156 2663 208 2738 dit,
226 2665 355 2740 protinus
374 2663 484 2724 dissilit.
521 2675 678 2742 optumum,
697 2665 721 2724 εἰ
743 2666 768 2724 is
788 2666 940 2744 inponatur
955 2667 1001 2743 qui
1017 2683 1142 2723 momor-

158 2746 245 2822 derit,
268 2746 320 2805 sed
342 2755 371 2805 et
392 2747 466 2807 alios
487 2745 619 2808 adhunc
641 2767 721 2807 usum
742 2758 856 2807 servant
876 2750 903 2806 in
926 2749 993 2808 oleo
1016 2757 1062 2807 aut
1079 2749 1141 2806 luto

157 2829 339 2888 circumlitos.
378 2839 422 2888 est
442 2841 540 2890 contra
560 2849 682 2890 morsum
706 2833 767 2890 eius
787 2830 914 2890 remedio
935 2842 1013 2890 terra
1034 2851 1071 2890 ex
1094 2849 1177 2890 our-ao

156 2911 229 2987 bita,
251 2912 344 2970 ferunt
360 2915 433 2973 enim
449 2932 505 2973 non
520 2917 632 2974 transiri
646 2915 680 2974 ab
695 2935 732 2975 eo
748 2915 867 2974 orbitam
883 2926 1001 2994 torpore
1018 2914 1142 2992 quodam

156 3004 281 3054 naturae.

116 3089 150 3142 90
214 3079 297 3157 (28.)
328 3081 536 3158 Scorpionibus
567 3084 725 3141 contrarius
752 3099 881 3140 maxume
907 3083 1028 3140 invicem
1054 3082 1140 3140 stelio

157 3160 283 3237 traditur,
300 3172 328 3221 ut
345 3167 407 3222 visu
424 3182 537 3241 quoque
554 3183 690 3241 pavorem
704 3167 738 3224 iis
754 3166 863 3226 adferat
878 3175 907 3225 ει
921 3173 1068 3242 torporem
1084 3158 1139 3223 'fri-

155 3244 213 3320 gidi
229 3245 350 3304 sudoris.
377 3249 472 3324 itaque
493 3249 519 3304 in
536 3248 603 3307 oleo
619 3249 808 3327 putrefaciunt
829 3268 892 3307 eum
913 3259 941 3307 ει
964 3251 1002 3307 ita
1017 3247 1174 3310 uolnerare

155 3339 325 3404 perungunt.
347 3330 459 3408 quidam
476 3331 542 3389 oleo
562 3332 611 3390 illo
627 3350 753 3410 spumam
767 3342 929 3408 argenteam
945 3332 1087 3390 decocunt
1102 3331 1138 3390 ad

157 3411 303 3487 emplastri
323 3431 415 3488 genus
431 3421 514 3491 atque
534 3415 572 3473 ita
587 3415 713 3474 inlinunt.
744 3415 820 3474 hunc
836 3415 937 3475 Graeci
954 3414 1069 3473 coloten
1084 3432 1136 3473 vo-

157 3502 221 3552 cant
239 3503 267 3552 et
283 3496 469 3556 ascalaboten
491 3506 519 3556 et
534 3498 679 3574 galeoten.
711 3500 739 3557 in
754 3498 834 3559 ltalia
856 3517 913 3558 non
928 3499 1061 3560 nascitur.
1092 3506 1138 3558 est
