2396 3922
55 228 59 237 ’
158 243 216 302 174
469 318 472 325 ,
508 251 812 304 c.rnm1sncuuu1

152 416 274 486 sumpta,
291 409 401 469 etiamsi
416 409 470 468 viri
483 408 634 468 mulierum
654 410 748 470 coitus
763 407 894 482 oderint,
918 407 987 484 quin
1003 405 1091 466 immo
1105 414 1146 464 to

150 493 206 551 tius
219 491 319 552 domus
332 493 516 552 concordiam
531 493 633 552 eodem
649 491 768 568 genitali
784 502 813 551 et
827 489 951 550 articulo
967 491 1073 569 spinae
1087 507 1147 548 curn

151 574 328 636 adhaerente
348 579 429 636 corio
446 575 606 636 adservatis
626 585 772 652 constare,
790 574 866 634 bunc
877 573 1145 650 spinaearticnlunr

151 659 213 717 sive
227 658 331 718 nodum
348 659 496 720 Atlantion
510 667 632 734 vocant,
657 667 808 719 astantem
823 658 942 735 primus.
975 658 1006 715 iu
1023 656 1142 715 comitia-

110 753 160 804 100
171 741 239 801 lium
256 759 372 820 quoque
384 741 518 802 remediis
535 741 641 802 babent
656 759 730 801 enm.
754 742 838 819 adipe
854 757 985 800 accenso
1003 739 1168 817 serpentine

151 825 246 902 iugari
262 824 367 901 dicunt,
385 826 501 886 maxilla
518 827 678 885 conminuta
693 827 722 884 in
744 841 832 884 aneso
853 832 883 882 et
903 825 933 882 iu
950 822 1021 882 cibo
1039 831 1144 901 sumpta

150 908 288 968 horrores
317 909 428 986 sedari,
454 908 556 969 eodem
584 908 680 968 sultitn
704 907 851 966 mulierum
877 923 999 966 menses
1019 906 1147 965 evocari.

151 998 316 1068 tantumque
332 1002 377 1052 est
391 994 523 1053 vanitatis
538 1000 578 1068 ut,
596 994 619 1049 si
633 992 669 1051 ad
684 991 849 1051 bracchium
867 989 1016 1066 adligetur
1031 1007 1051 1048 e
1067 1007 1148 1066 supe

150 1074 221 1133 riori
235 1075 336 1135 dextra
351 1085 433 1154 parte
445 1077 532 1134 rostri
552 1076 640 1152 deus,
665 1075 846 1136 iaculantium
866 1076 942 1133 ictus
959 1073 1148 1132 deerraturos

149 1167 267 1233 negent.
300 1158 398 1236 palato
419 1159 548 1218 ciusdem
570 1158 699 1218 arefacto
724 1167 836 1217 etcum
857 1157 983 1216 alumine
999 1157 1181 1233 Aegyptium

152 1240 296 1300 calefacto
323 1259 357 1301 ac
382 1252 427 1301 ter
451 1244 479 1300 in
507 1259 559 1301 ore
579 1250 739 1318 permutato
760 1242 891 1300 faetores
912 1249 942 1299 et
965 1241 1075 1299 ulcera
1094 1240 1150 1298 oris

151 1324 306 1399 emendari,
322 1343 375 1384 eos
390 1342 462 1384 vero
478 1326 527 1402 qui
540 1325 708 1402 linguamin
724 1325 913 1384 calciamento
933 1324 988 1382 sub
1008 1323 1089 1400 pede
1103 1321 1150 1381 ba·

110 1417 159 1470 101
175 1407 261 1466 heaut
276 1425 334 1466 non
350 1409 449 1468 latrari
464 1427 480 1468 a
498 1409 625 1468 canibus.
661 1409 776 1468 sinistra
791 1416 874 1486 parte
891 1407 1011 1466 cerebri
1034 1405 1148 1466 naribus

151 1490 229 1549 inlita
246 1490 365 1551 morbos
381 1493 564 1570 perniciosos
579 1493 701 1568 mitigari
718 1493 780 1550 sive
795 1491 939 1550 bominum
954 1491 1021 1550 sive
1037 1489 1148 1568 quadri·

151 1573 265 1652 pedum.
284 1575 386 1634 frontis
403 1577 512 1634 corium
523 1575 759 1634 fascinationibus
774 1575 924 1650 resistere,
941 1575 1075 1634 cervicis
1090 1590 1146 1631 car·
1156 1585 1181 1626 ss

150 1659 206 1732 nis,
225 1659 286 1717 sive
304 1658 470 1718 mandantur
483 1659 545 1716 sive
561 1658 708 1718 arefactae
724 1658 866 1734 bibantur,
886 1657 1055 1716 lumborum
1070 1655 1150 1716 dolo·

149 1740 239 1800 ribus.
262 1743 360 1800 nervis
379 1741 497 1802 adorso
513 1743 655 1819 armisque
672 1741 829 1800 suffiendos
843 1759 1001 1801 nervorum
1017 1741 1149 1812 dolores,

152 1823 227 1900 pilos
249 1827 336 1884 rostri
352 1827 484 1884 admotos
500 1824 648 1884 muliorum
663 1825 752 1884 labris
768 1825 935 1884 amatorium
955 1842 1045 1902 esse,
1068 1826 1152 1882 iocur

111 1908 201 1970 nonin
222 1917 291 1984 potu
313 1908 406 1968 datum
427 1907 594 1968 torminibus
614 1917 644 1967 et
661 1908 779 1968 calculis
795 1907 916 1967 mederi.
958 1925 1028 1966 nam
1050 1925 1106 1966 cor
1123 1907 1152 1964 in

152 1989 218 2048 cibo
234 2000 341 2069 potuve
357 2001 497 2070 sumptum
512 1991 641 2051 omnibus
656 1991 804 2052 doloribus
814 2029 816 2033 -
828 2009 983 2070 corporum
1004 1991 1183 2067 auxiliariae

152 2072 255 2131 lienem
268 2073 400 2149 lienibus,
414 2085 556 2135 omentum
568 2075 695 2134 ulcerum
706 2075 975 2135 inflammationibus
989 2092 1057 2133 cum
1072 2074 1150 2146 oleo,

151 2155 290 2216 medullas
312 2156 460 2217 doloribus
483 2161 583 2238 spinae
607 2168 635 2218 et
661 2177 814 2219 nervorum
834 2158 1007 2218 lassitudini.
1041 2159 1152 2216 renium

151 2256 258 2299 nervos
274 2248 360 2317 potos
376 2243 404 2300 in
417 2244 482 2302 vino
501 2261 564 2302 cum
579 2251 642 2301 ture
657 2241 860 2301 fecunditatem
877 2243 1037 2300 restituere
1056 2241 1149 2300 adem·

150 2331 228 2400 ptam
243 2325 396 2400 veneficio,
412 2326 527 2386 volvam
543 2343 605 2384 cunr
619 2326 685 2385 mali
694 2325 792 2384 Punici
804 2324 896 2384 dulcis
910 2327 1024 2384 cortice
1042 2326 1150 2402 iupotu

151 2403 244 2465 datum
261 2406 403 2485 prodesse
418 2410 565 2469 mulierum
579 2409 695 2468 volvae.
726 2408 812 2486 adipe
831 2426 848 2467 a
868 2407 973 2467 lumbis
990 2408 1085 2466 suffiri
1102 2424 1179 2484 paee

110 2491 266 2554 morientis
274 2490 428 2551 difficulter
435 2501 464 2551 et
477 2495 569 2552 statim
582 2511 696 2570 parere.
713 2511 729 2550 e
741 2492 830 2551 dorso
840 2491 995 2551 medullam
1008 2490 1147 2566 adalliga

151 2583 208 2633 tam
220 2583 320 2635 contra
338 2593 426 2635 vanas
439 2579 554 2653 species
571 2576 716 2653 opitulari,
732 2576 867 2655 spasticis
884 2572 1015 2651 genitale
1033 2593 1052 2632 e
1068 2573 1147 2632 mari-

151 2657 204 2715 bus
222 2658 328 2735 suffitu,
340 2661 408 2718 item
421 2659 619 2738 lippientibus,
634 2661 726 2736 ruptis
738 2667 768 2718 et
780 2666 880 2718 contra
894 2657 1147 2730 inflammationes,

151 2750 284 2800 servatos
299 2741 391 2821 pedes
404 2751 491 2817 tactu,
508 2742 612 2802 laevos
628 2742 737 2801 dextris
751 2741 891 2819 partibus,
907 2740 1033 2800 dextros
1047 2741 1147 2800 laevis.

151 2825 293 2883 sinistrum
308 2826 411 2903 pedem
429 2825 605 2904 superlatum
620 2827 786 2904 parturienti
803 2824 922 2884 letalem
938 2843 1027 2899 esse,
1045 2825 1180 2885 dextmm

151 2905 240 2965 inlato
258 2908 346 2968 facile
359 2911 437 2970 eniti.
464 2908 655 2968 membranam
666 2927 739 2986 quae
755 2908 793 2968 iel
811 2909 988 2967 continuerit
1004 2908 1146 2967 cardiacis

150 2996 248 3066 potam
262 2991 291 3048 in
306 2994 372 3051 uino
390 2992 439 3052 vel
461 2995 489 3051 in
506 2991 571 3051 cibo
593 3002 732 3069 sumptam
752 3009 944 3070 succurrere,
968 2993 1102 3052 vesicam
1120 2992 1146 3048 in

150 3072 217 3130 vino
234 3081 331 3151 potam
347 3085 448 3135 contra
463 3076 562 3134 urinae
576 3075 816 3134 incontinentiam.
845 3092 921 3151 quae
936 3084 1035 3136 autem
1055 3076 1083 3133 iu
1101 3091 1145 3132 re

152 3156 212 3214 sica
228 3157 343 3216 inventa
361 3159 397 3217 sit
413 3159 508 3235 urina,
524 3157 627 3218 additis
642 3157 710 3217 oleo
729 3175 764 3218 ac
778 3159 899 3217 sesamis
922 3167 952 3217 et
974 3157 1068 3217 melle
1081 3157 1144 3216 bau·

111 3246 244 3301 lutatam
273 3241 414 3317 prodesse
435 3241 630 3319 aegrimoniae
655 3243 756 3301 veteri.
800 3251 946 3301 costarum
971 3243 1094 3318 primunr
1118 3247 1180 3298 etas

151 3330 283 3381 octavam
298 3325 393 3382 suffitu
407 3327 499 3402 ruptis
514 3324 667 3384 salutarem
689 3343 771 3400 esse,
794 3343 832 3384 ex
852 3326 936 3403 spina
957 3343 1033 3384 vero
1051 3331 1143 3402 partu·

152 3404 289 3466 rientlbus
304 3425 386 3482 ossa,
411 3409 578 3484 sanguinem
593 3426 656 3466 cum
671 3409 788 3487 polenta
805 3417 949 3486 sumptum
963 3405 1141 3468 torminibus.

68 3557 73 3562 -
154 3485 256 3546 eodem
277 3492 361 3550 tactis
383 3491 516 3570 postibus
538 3491 709 3569 ubicumque
734 3491 885 3568 Magorum
904 3492 1139 3563 infestationes,
