2396 3900
264 285 346 334 nar.
358 285 449 334 nisu.
465 286 549 335 xvu.
566 283 652 338 1-4.
673 269 789 358 (1-3.)
987 275 1027 337 49

15 457 17 508 p
56 439 112 500 sole.
136 436 249 500 Conexa
260 449 292 500 et
303 442 374 500 situs
387 442 532 502 vinearum
545 442 785 520 arbustorumque
798 445 870 504 ratio
885 451 940 520 est,
953 461 1024 521 quas
1038 451 1071 507 19

15 527 17 558 ³
55 527 75 585 in
83 525 156 585 boras
167 524 293 585 debeant
301 534 445 604 spectare.
458 527 606 605 Vergilius
619 527 655 588 ad
667 544 790 588 occasus
802 527 861 587 seri
873 525 1026 603 damnavit,

15 647 16 656 .
55 609 121 688 aliqui
132 612 171 668 sic
184 608 317 670 maluere
330 627 413 688 quam
428 612 456 670 in
471 620 585 671 exortu.
616 629 631 672 a
647 610 778 690 pluribus
793 611 942 672 meridiem
959 629 1026 690 pro-

15 749 18 766 ,
54 693 99 754 bari
110 692 235 771 adserto,
251 711 309 754 nec
322 694 447 756 arbitror
461 704 634 775 perpetuum
650 696 802 774 quicquum
823 697 851 756 in
866 695 923 755 boc
941 713 1026 774 prae·

39 779 96 856 scipi
107 794 197 856 posse.
227 777 265 838 ad
277 779 332 838 soli
348 788 486 856 naturam,
504 779 539 840 ad
554 781 612 841 loci
624 780 779 857 ingenium,
795 779 831 840 ad
843 779 919 840 caeli
932 781 1025 840 cuius·

53 880 93 942 quc
104 879 192 923 mores
208 862 361 941 dirigenda
375 863 506 926 sollertia
522 874 577 924 est.
605 863 637 924 ln
649 864 749 924 Africa
762 865 911 924 meridiem
923 864 1023 924 vineas
1034 875 1068 928 ao

15 983 16 986 =
52 955 159 1024 spectare
172 956 202 1007 et
213 947 267 1008 viti
278 947 389 1024 inutile,
403 948 509 1009 colono
522 948 669 1009 insalubre
682 957 737 1025 est,
745 949 879 1028 quoniam
891 948 954 1027 ipsa
965 966 1024 1008 me·

15 1025 16 1028 ’
51 1030 149 1090 ridianae
163 1029 298 1092 subiacet
316 1031 438 1111 plagae,
461 1042 639 1112 quapropter
657 1033 697 1093 ibi
718 1034 766 1111 qui
782 1034 810 1092 in
826 1049 961 1093 occasum
977 1043 1025 1093 aut

51 1117 238 1193 septentriones
267 1126 405 1178 conseret
428 1127 546 1197 optume
568 1117 702 1178 miscebit
725 1115 819 1178 solum
836 1116 930 1177 caelo.
962 1135 1025 1177 cum

31 1197 168 1276 ilergilius
181 1217 309 1262 occasus
320 1201 467 1281 inprobet,
482 1221 539 1263 nec
554 1202 591 1262 de
606 1202 805 1282 septentrione
816 1202 929 1279 reliqua
943 1200 1023 1262 dubi·

15 1345 16 1350 ,
51 1285 101 1344 tatio
113 1285 229 1346 videtur.
265 1287 346 1365 atqui
360 1287 388 1346 in
404 1288 545 1366 cisalpina
559 1285 640 1348 ltalia
651 1304 755 1364 magna
770 1303 808 1346 ex
828 1289 911 1365 parte
932 1287 1024 1346 vineis

51 1367 176 1447 inpositis
193 1380 367 1450 conpertum
383 1383 427 1432 est
442 1372 536 1432 nullas
557 1390 624 1432 esse
640 1371 808 1432 fertiliores.
840 1371 958 1431 blultum
975 1389 1019 1430 ra·
1032 1379 1063 1435 bt

15 1493 17 1530 ,
50 1452 111 1512 tionis
132 1456 264 1534 optinent
288 1464 318 1515 et
338 1457 427 1517 venti.
460 1458 488 1517 in
503 1455 687 1517 Narbonensi
709 1456 858 1534 provincia
879 1464 965 1534 atque
979 1453 1023 1513 bi·

50 1539 108 1612 guria
122 1548 149 1599 et
162 1548 247 1618 parte
261 1539 395 1600 Etruriae
411 1550 511 1603 contra
527 1541 644 1602 circium
661 1557 762 1600 serere
776 1540 908 1620 inperitia
925 1538 1023 1598 existi·

15 1645 16 1700 j
32 1630 125 1698 tuetur,
141 1623 326 1704 eundemque
341 1625 465 1686 oblicum
486 1627 623 1704 accipere
641 1624 833 1703 providentia.
864 1625 887 1682 is
903 1641 1024 1700 namque

15 1705 17 1772 l
49 1715 147 1768 aestates
160 1708 378 1787 ibitemperat,
395 1709 448 1770 sed
464 1718 542 1770 tanta
558 1709 729 1788 plerumque
745 1707 883 1769 violentia
898 1715 928 1766 ut
944 1705 1023 1766 aufe·

48 1798 78 1848 nt
89 1799 165 1852 tecta.
196 1793 225 1855 3.
244 1792 368 1866 Quidam
385 1794 496 1855 caelum
511 1803 608 1854 terrae
625 1810 731 1872 parere
747 1800 870 1870 cogunt,
893 1799 923 1850 ut
945 1808 1019 1868 quae
1031 1800 1065 1852 22

50 1874 148 1938 insiccis
160 1886 297 1938 serantur
311 1879 453 1938 orientem
465 1897 500 1939 ac
514 1879 730 1956 septentriones
741 1883 887 1955 spectent,
904 1892 978 1953 quae
995 1875 1024 1934 in

16 1993 18 2038 t
49 1960 295 2024 unidismeridiem.
322 1981 379 2023 nec
388 1979 447 2022 non
461 1981 499 2022 ex
507 1962 580 2041 ipsis
589 1962 695 2022 vitibus
706 1978 808 2021 causas
822 1968 984 2020 mutuantur
995 1961 1022 2019 in

16 2041 135 2122 {nuptis
149 2049 306 2124 praecocis
321 2046 464 2125 serendo,
487 2055 518 2106 ut
538 2047 686 2106 maturitas
707 2044 861 2105 antecedat
881 2043 1022 2120 algorem,

50 2145 103 2205 prae
116 2147 196 2207 poma
211 2132 349 2211 vitesque
371 2149 468 2192 rorem
484 2130 613 2205 oderint,
642 2137 744 2190 contra
759 2137 856 2206 ortus,
883 2137 914 2187 ut
929 2129 1023 2187 statim

16 2241 18 2286 3
50 2212 134 2274 auferat
148 2215 203 2292 sol,
222 2233 300 2294 quae
315 2224 421 2292 ament,
438 2215 474 2275 ad
493 2231 616 2275 occasus
633 2213 683 2274 vel
698 2213 833 2273 etiamad
848 2214 1021 2292 septentrio·

17 2327 19 2336 =
49 2312 93 2372 res,
106 2306 131 2357 nt
143 2299 248 2360 diutius
267 2316 303 2359 eo
318 2299 457 2360 fruantur.
489 2297 587 2360 Ceteri
604 2298 667 2359 fere
685 2298 826 2359 rationem
839 2305 957 2357 naturae
973 2315 1019 2356 se·
1030 2308 1064 2362 23

50 2381 88 2438 ruti
104 2383 129 2441 in
148 2383 315 2462 aquilonem
339 2383 481 2444 obversas
504 2382 570 2443 vitis
601 2391 630 2442 et
653 2381 775 2443 arbores
797 2381 866 2460 poni
890 2398 1019 2446 suasere.

31 2463 216 2528 uodoratiorem
245 2469 331 2530 etiarn
361 2469 424 2529 lieri
451 2467 539 2528 talem
565 2466 688 2527 fructum
713 2466 899 2526 Democritus
929 2473 1018 2543 putat.

49 2547 68 2605 l.
80 2547 217 2629 Aquilonis
249 2555 333 2614 situm
358 2561 568 2630 ventorumque
593 2552 770 2630 reliquorum
801 2549 922 2609 diximus
943 2565 988 2606 se·
1001 2567 1018 2606 r.
1031 2565 1063 2601 ns

50 2633 118 2694 cundo
139 2637 304 2713 uolumine,
339 2637 527 2715 dicemusque
545 2650 687 2714 proxumo
712 2633 795 2713 plura
812 2632 962 2692 caelestia.
975 2629 1055 2716 gib„

50 2715 133 2778 interim
145 2722 328 2783 manifestum
340 2722 455 2782 videtur
468 2719 645 2780 salubritatis
661 2726 868 2796 argumentum,
888 2717 1021 2796 quoniam

50 2799 69 2857 in
82 2806 214 2866 meridiem
238 2807 323 2866 etiarn
341 2807 532 2884 spectantium
555 2822 672 2884 semper
697 2811 763 2863 ante
780 2799 914 2862 decidant
940 2801 1019 2861 folia.

30 2884 132 2947 estnitts
145 2900 173 2950 et
185 2892 214 2950 in
231 2891 380 2950 maritimis
396 2907 493 2950 causa.
520 2888 690 2966 quibusdam
704 2886 779 2947 locis
795 2885 916 2946 adflatus
931 2885 1017 2947 maris
1029 2895 1064 2946 24

50 2971 121 3048 noxii,
133 2975 159 3033 in
175 2976 317 3054 plurumis
332 2975 418 3035 iidem
434 2974 521 3034 alunt.
554 2971 724 3052 quibusdam
741 2973 811 3032 satis
830 2970 1019 3049 elonginquo
1071 3016 1073 3021 ,

51 3051 172 3132 adspicere
180 3059 270 3119 maria
282 3058 444 3134 iucundum,
458 3057 578 3136 propius
589 3057 737 3117 admoveri
750 3054 819 3115 salis
831 3055 948 3115 halitum
960 3057 1019 3113 inu·

51 3135 93 3196 tile.
117 3143 218 3203 Similis
231 3152 261 3203 et
271 3143 415 3202 fluminum
427 3151 652 3219 stagnorumque
667 3141 751 3201 ratio.
774 3139 887 3199 nebulis
899 3139 1020 3199 adurunt

52 3229 84 3280 rut
92 3229 237 3287 aestuantia
251 3226 436 3304 refrigerant.
466 3223 618 3304 Opacitate
635 3234 721 3303 atque
738 3225 821 3284 etiarn
838 3223 936 3300 rigore
949 3238 1018 3297 gau·

29 3301 102 3365 atem
113 3327 179 3388 quae
196 3312 329 3372 diximus.
358 3329 447 3390 quare
463 3311 670 3389 experimentis
685 3318 803 3387 optume
821 3306 956 3367 creditur.
1002 3321 1040 3365 1,·

94 3391 146 3472 (3.)
166 3395 191 3455 Α
207 3394 293 3457 caelo
306 3411 476 3474 proxumum
490 3402 535 3453 est
547 3402 643 3454 terrae
657 3393 766 3453 dixisse
780 3391 931 3465 rationem,
947 3389 1043 3452 bauti

52 3467 155 3536 faciliore
173 3489 312 3557 tractatu,
338 3482 446 3558 quippe
463 3495 520 3538 nou
536 3478 638 3537 eadem
661 3475 813 3537 arboribus
837 3474 972 3534 convenit
989 3482 1018 3532 et

52 3550 153 3633 frugibus
163 3563 343 3644 plerumque,
357 3582 412 3624 nec
425 3563 506 3643 pulla
518 3562 632 3641 qualem
644 3559 732 3620 babet
744 3558 900 3702 Gamppnia
911 3557 1017 3637 ubique

82 3659 138 3705 111.
149 3667 205 3710 nnn.
220 3669 291 3710 ursr.
307 3652 354 3709 ill.

1179 3041 1182 3092 l
