2458 3906
140 229 203 291 2⁶20
502 210 806 286 canrursaourrm

141 396 307 472 convolsis,
323 395 455 456 tussibus
472 394 595 454 vetustis
615 389 939 471 exscreationibusque,
960 391 1161 471 praecordio·

139 499 201 541 rum
222 479 391 540 tumoribus.
429 488 515 540 sanat
536 486 565 538 et
582 477 758 554 vertigines,
778 476 936 553 tremulos,
959 476 1161 555 opistbotoni-

141 581 212 641 cos,
241 565 352 641 lienes,
378 563 507 641 lumbos,
532 561 748 641 perfrictiones.
786 560 869 621 datur
891 560 1095 622 olfactandum
1119 580 1161 622 ex

140 658 225 710 aceto
242 649 271 707 iu
288 647 466 725 strangulatu
489 646 605 707 volvae.
641 647 750 706 ceteris
771 653 801 706 et
822 647 905 724 potui
926 644 1013 706 datur
1039 654 1070 705 et
1092 664 1161 706 cum

141 733 209 793 oleo
226 731 385 792 infricatur.
411 731 533 810 prodest
547 738 576 789 et
591 737 692 790 contra
706 729 782 790 mala
798 729 1023 790 medicamenta.
1173 755 1186 794 a

98 826 151 882 198
205 816 288 897 (76.)
323 817 482 896 Papaveris
508 815 595 898 satiri
617 816 672 875 tria
697 813 822 875 diximus
843 833 972 893 genera,
993 822 1025 875 et
1047 823 1160 894 sponte

141 901 287 963 nascentis
304 900 361 962 alia
380 899 573 980 promisimus.
597 900 731 959 esativis
746 897 804 959 albi
820 899 908 975 calyx
922 901 988 978 ipse
1004 901 1112 960 teritur
1129 909 1161 960 et

141 987 239 1047 esino
255 983 362 1045 bibitur
377 987 469 1045 somni
490 1001 587 1045 causa.
626 1000 727 1043 semen
741 983 934 1062 elephantiasi
950 984 1097 1044 medetur.
1141 1003 1159 1043 e

139 1072 222 1148 nigro
249 1081 399 1149 papavere
426 1085 517 1148 sopor
541 1069 669 1146 gignitur
693 1084 787 1147 scapo
813 1069 925 1144 inciso,
953 1078 984 1128 ut
1006 1067 1159 1146 Diagoras

140 1154 254 1230 suadet,
272 1171 335 1214 cum
350 1155 501 1231 turgescit,
521 1161 552 1212 ut
566 1151 667 1228 lollas,
685 1169 750 1212 cum
766 1152 948 1229 deflorescit,
965 1153 1039 1212 hora
1055 1152 1160 1214 sereni
1170 1173 1193 1214 ro

139 1239 197 1298 diei
212 1239 312 1313 tertia,
328 1237 386 1299 boc
400 1247 446 1298 est
461 1255 525 1298 cunr
538 1253 588 1296 ros
604 1237 633 1296 in
648 1254 685 1297 eo
697 1237 854 1297 exaruerit.
879 1236 968 1296 incidi
984 1236 1087 1297 iubent
1101 1236 1158 1299 sub
1207 1295 1210 1302 .

139 1323 235 1400 capite
257 1330 286 1382 et
309 1321 428 1398 calyce,
451 1339 506 1381 nec
526 1322 555 1380 in
575 1321 633 1380 alio
655 1338 768 1398 genere
789 1321 883 1399 ipsum
903 1320 1039 1381 inciditur
1054 1331 1157 1401 caput.

97 1415 148 1472 199
160 1423 247 1467 sucus
270 1414 300 1465 et
320 1405 368 1465 lric
390 1415 419 1465 ct
439 1404 549 1466 herbae
565 1406 772 1483 cuiuscumque
794 1403 860 1465 lana
876 1404 1023 1484 excipitur
1039 1415 1108 1483 aut,
1131 1408 1159 1466 si

139 1491 262 1568 exiguus
280 1499 341 1565 est,
359 1507 455 1567 ungue
474 1489 609 1568 pollicis,
631 1498 662 1550 ιιι
676 1489 815 1567 lactucis,
838 1497 866 1548 et
883 1498 1007 1569 postero
1030 1489 1079 1550 die
1095 1508 1157 1551 ma-

138 1577 184 1653 gis
200 1575 278 1654 qaod
293 1576 404 1634 inaruit.
434 1575 589 1653 papaveris
604 1589 676 1634 vero
692 1574 793 1653 largus
810 1573 949 1634 densatur
964 1583 994 1634 et
1007 1575 1037 1634 in
1054 1575 1193 1653 pratil-15

138 1661 185 1720 los
201 1661 284 1719 tritus
299 1657 443 1718 inumbra
458 1659 598 1735 siccatur,
614 1659 715 1718 nonai
730 1657 898 1737 soporilera
916 1659 1022 1735 modo,
1038 1677 1156 1736 rerum,

140 1745 164 1804 si
185 1743 334 1822 copiosior
350 1742 513 1819 hauriatur,
537 1744 622 1810 etiam
644 1743 795 1803 mortifera
817 1761 871 1821 per
890 1761 1028 1819 somnos,
1055 1745 1158 1822 opium

138 1836 254 1888 vocant.
289 1829 332 1888 sic
354 1828 460 1886 scimus
477 1829 678 1906 interemptum
695 1827 725 1888 P.
736 1826 827 1887 licini
845 1825 992 1888 Caecinae
1011 1828 1158 1907 praetorii

137 1913 191 1971 riri
218 1919 329 1989 patrem
360 1912 388 1970 iu
416 1910 554 1991 Hispania
583 1911 693 1988 liavili,
726 1930 792 1973 cum
822 1912 959 1973 valetudo
991 1911 1157 1991 inpetibilis

94 2006 148 2059 200
157 1994 253 2055 odium
270 1996 347 2055 vitae
366 1994 503 2073 iecisset,
526 1997 594 2056 item
615 1996 775 2075 plerosque
796 1995 879 2056 alios.
918 2013 975 2076 qua
1000 1995 1038 2056 de
1062 2013 1191 2058 causarc

137 2096 240 2155 magua
256 2079 435 2139 concertatio
452 2081 572 2141 exstitit.
595 2079 738 2158 Diagoras
761 2087 790 2139 et
807 2078 1002 2140 Erasistratus
1018 2079 1048 2139 iu
1062 2088 1157 2141 totum

138 2161 311 2222 damnavere
328 2171 359 2222 ut
375 2164 569 2240 mortiferum,
592 2163 702 2224 iniundi
718 2172 850 2224 vetantes
865 2173 1043 2243 praeterea,
1061 2182 1156 2244 quon·

136 2247 192 2307 iam
205 2247 280 2307 visui
297 2256 427 2308 noceret.
457 2249 564 2310 addidit
578 2247 712 2308 Andreas
732 2246 800 2308 ideo
821 2263 879 2308 nou
893 2248 1028 2328 protinus
1046 2267 1157 2310 excae·

138 2331 197 2390 cari
212 2347 266 2405 eo,
283 2333 417 2410 quoniam
432 2332 643 2393 adulteraretur
653 2331 862 2393 Alexandriae.
887 2332 941 2394 sed
957 2342 1066 2412 postea
1084 2351 1157 2394 usus

137 2414 199 2474 eius
216 2432 273 2474 uon
295 2415 465 2495 inprobatus
481 2425 529 2477 est
541 2417 752 2477 medicamento
773 2416 866 2477 nobili
889 2419 970 2497 quod
993 2418 1190 2480 diacodioncr
1224 2415 1225 2420 ’

94 2508 145 2561 901
154 2507 268 2559 vocant.
297 2500 407 2560 semine
424 2518 540 2580 quoque
557 2502 618 2561 eius
633 2502 701 2560 trito
716 2503 744 2560 in
758 2501 894 2581 pastillos
908 2521 926 2562 c
941 2501 1020 2564 lacte
1037 2512 1158 2564 utuntur
1222 2549 1224 2570 ι

137 2581 173 2642 ad
189 2599 335 2660 somnum,
359 2586 428 2645 item
444 2586 479 2646 ad
499 2586 601 2665 capitis
619 2585 739 2646 dolores
756 2602 820 2646 cum
839 2602 986 2663 rosaceo,
1010 2605 1078 2648 cum
1096 2587 1157 2648 boc

136 2675 166 2725 et
183 2669 291 2728 aurium
306 2667 403 2730 dolori
417 2669 593 2730 instillatum.
617 2669 755 2748 podagris
771 2669 899 2730 inlinitur
916 2689 981 2730 cunr
997 2671 1078 2732 lacte
1093 2691 1156 2732 mu·

135 2749 255 2827 lienum,
270 2785 313 2796 -
328 2755 371 2814 sic
388 2761 417 2813 et
433 2753 511 2814 loliis
524 2754 596 2832 ipsis
609 2763 724 2813 utuntur
739 2787 797 2830 -,
814 2755 882 2814 item
899 2754 935 2815 ad
952 2756 1032 2832 ignis
1048 2773 1155 2818 sacros

136 2843 165 2894 et
181 2835 302 2897 volnera
317 2855 355 2896 ex
376 2846 473 2898 aceto.
510 2852 567 2913 ego
584 2845 680 2898 tamen
697 2837 893 2900 damnaverim
916 2839 1054 2916 collyriis
1071 2841 1186 2918 addi,cs

135 2917 283 2997 multoque
306 2923 399 2998 magis
422 2938 492 2999 quas
515 2929 622 2981 vocant
647 2922 829 3001 lexipyretus
851 2940 986 3003 quasque
1015 2929 1155 3007 pepticas

92 3011 144 3063 999
158 3010 187 3060 et
202 3003 359 3065 coeliacas.
383 3006 494 3081 nigrum
508 3013 603 3064 tamen
618 3006 756 3066 coeliacis
771 3007 800 3067 in
815 3006 883 3067 vino
900 3007 997 3069 datur.
1028 3011 1155 3072 satirom

135 3101 220 3145 omne
239 3087 339 3147 maius.
365 3087 486 3148 rotunda
502 3088 530 3147 ei
548 3090 661 3167 capita,
678 3099 707 3150 at
723 3090 851 3154 silvestri
867 3092 958 3171 longa
979 3112 1016 3156 ac
1033 3093 1154 3174 pusilla,

135 3168 187 3229 sed
203 3170 239 3230 ad
255 3171 346 3231 omnis
360 3171 482 3232 effectus
494 3170 665 3233 valentiora.
687 3173 860 3255 decoquitur
876 3186 907 3237 et
921 3177 1034 3239 bibitur
1051 3187 1155 3240 contra

135 3252 266 3330 vigilias,
284 3252 444 3334 eademque
460 3271 533 3333 aqua
547 3255 648 3316 fovent
662 3274 723 3318 ora.
746 3269 893 3338 optumum
906 3262 935 3321 in
951 3264 1044 3324 siccis
1060 3273 1092 3324 et
1104 3262 1184 3325 ubist
1206 3283 1207 3286 ¹

134 3351 201 3395 raro
220 3337 309 3415 pluat.
352 3356 415 3398 cum
435 3339 529 3417 capita
551 3341 616 3419 ipsa
633 3350 662 3401 et
679 3342 749 3404 lolia
766 3345 965 3422 decocuntur,
984 3365 1076 3408 sucus
1093 3366 1151 3407 me·

93 3426 144 3479 ‘203
156 3420 269 3480 conium
288 3431 410 3482 vocatur
427 3422 543 3483 multum
563 3425 632 3504 opio
654 3426 797 3503 ignavior.
833 3429 1081 3509 Experimeutum
1103 3433 1153 3512 opi

135 3510 180 3561 est
199 3505 319 3583 primum
340 3507 368 3564 ir
389 3505 480 3566 odore
497 3541 539 3555 —-
554 3509 699 3569 sincerum
722 3513 796 3572 enim
813 3515 929 3592 perpeti
950 3531 1011 3576 non
1029 3524 1076 3577 est
1092 3549 1152 3593 -,
