2396 3900
141 215 182 278 48
490 230 519 278 ο.
535 230 632 277 emur
647 229 797 278 succum

144 386 243 464 plures
257 386 296 444 ita
318 376 517 445 continuentur
532 385 613 460 anni,
637 384 720 444 etiam
736 385 819 463 ipsae
837 383 994 442 moriantur
1009 381 1152 454 arbores,

145 470 259 547 quando
277 469 381 528 nemini
394 469 479 529 dubia
491 486 587 547 poena
599 477 645 528 est
658 469 685 526 in
701 467 776 528 fame
789 467 989 527 laborantium.
1007 483 1082 542 ergo
1099 465 1152 544 qui

145 554 215 613 dixit
228 552 339 614 hiemes
355 571 476 613 serenas
492 551 633 632 optandas
651 571 709 613 non
731 569 784 630 pro
800 551 952 611 arboribus
977 559 1046 609 vota
1064 549 1151 608 fecit.

103 636 211 702 14Neo
228 655 281 715 per
297 637 420 697 solstitia
436 637 543 696 imbres
557 638 663 697 vitibus
681 637 852 696 conducunt.
885 635 1007 695 hiberno
1028 633 1154 712 quidem

148 721 271 800 pulvere
293 720 434 781 laetiores
460 722 523 780 fieri
545 723 649 781 messis
677 720 847 781 luxuriantis
870 720 967 797 ingeni
992 718 1174 778 fertilitates

147 805 251 865 dictum
280 814 334 866 est.
376 805 504 885 alioquin
528 815 597 866 uota
623 806 757 866 arborum
778 805 950 883 frugumque
986 803 1154 862 communia

147 899 212 948 suut
234 889 307 948 nivis
330 888 452 949 diutinas
473 892 589 950 sedere.
626 908 712 950 causa
734 906 791 949 non
814 889 907 948 solum
929 888 995 966 quia
1023 886 1154 946 animam

145 982 243 1032 terrae
256 983 480 1033 evanescentem
494 973 678 1034 exhalatione
694 973 841 1032 includunt
859 981 888 1032 et
904 971 1087 1050 conprimunt
1103 989 1153 1030 re·

145 1066 250 1134 troque
269 1067 357 1134 agunt
377 1059 405 1118 in
428 1059 498 1117 viris
512 1058 626 1135 frugum
640 1067 726 1136 atque
741 1057 871 1133 radices,
896 1074 996 1116 verum
1020 1055 1102 1132 quod
1122 1063 1154 1114 et

145 1141 289 1220 liquorem
306 1143 412 1201 sensim
427 1141 584 1220 praebent,
606 1159 706 1220 purum
723 1150 877 1220 praetcrea
896 1141 1152 1218 levissimumque,
1164 1155 1188 1195 1c

103 1237 138 1290 15
149 1225 262 1304 quando
287 1227 336 1284 nix
358 1243 494 1304 aquarum
514 1226 684 1286 caelestium
705 1244 805 1304 spuma
827 1234 881 1284 est.
912 1240 984 1301 ergo
1005 1240 1090 1284 umor
1112 1241 1154 1283 ex

145 1310 189 1369 his
206 1325 264 1368 non
276 1310 429 1369 universus
440 1310 618 1388 ingurgitans
632 1309 812 1388 diluensque,
827 1308 879 1370 sed
891 1308 1037 1387 quomodo
1051 1309 1151 1368 sititur

146 1393 308 1470 destillans,
325 1394 405 1454 velut
421 1394 563 1454 exubere
579 1394 629 1454 alit
641 1396 734 1454 omnia
749 1412 822 1471 quae
839 1410 896 1452 non
909 1392 1034 1453 inundat.
1058 1391 1153 1452 tellus

146 1493 264 1555 quoque
281 1477 332 1537 illo
349 1479 435 1539 modo
452 1478 661 1554 immutescit,
677 1487 706 1538 et
723 1479 766 1538 sui
783 1477 870 1556 plena
884 1495 901 1536 a
916 1475 1153 1537 lactescentibus

145 1561 216 1620 satis
240 1578 296 1621 non
320 1562 424 1638 effeta,
450 1580 514 1622 cum
536 1571 649 1642 tempus
668 1563 776 1642 aperit,
802 1561 907 1640 tepidis
926 1560 1037 1622 adridet
1053 1561 1187 1620 horiens

144 1645 183 1704 ita
199 1663 331 1705 maxume
352 1647 493 1707 frumenta
515 1649 720 1725 pinguescunt,
742 1656 945 1725 praeterquam
964 1645 1014 1706 ubi
1034 1645 1153 1706 calidus

146 1733 263 1808 semper
286 1740 419 1806 aerest,
445 1732 523 1790 utin
545 1729 693 1809 Aegypto.
732 1732 907 1790 continuatio
935 1731 1008 1790 enim
1030 1731 1153 1808 etipsa

146 1815 327 1874 consuetudo
336 1815 411 1874 idem
421 1814 498 1892 quod
509 1814 611 1874 modus
624 1814 712 1875 aliubi
724 1815 1049 1893 eflicit,plurumumque
1057 1813 1151 1892 prod·

104 1907 137 1960 16
150 1906 195 1957 est
210 1897 384 1977 ubicumque
404 1916 461 1958 non
477 1917 544 1958 esse
566 1899 643 1978 quod
665 1907 779 1959 noceat.
810 1897 843 1958 In
863 1899 972 1958 maiore
993 1908 1077 1976 parte
1101 1915 1151 1957 or·

145 1980 206 2054 bis,
224 1999 286 2040 cum
305 1999 467 2061 praecoces
483 2001 641 2043 excurrere
656 1983 882 2060 germinationes
898 1992 1039 2043 evocatae
1054 1981 1150 2042 indul·
1161 2002 1186 2044 ao

145 2066 243 2141 gentio
256 2065 342 2143 caeli,
356 2068 465 2125 secutis
477 2066 633 2144 frigoribus
646 2076 813 2127 exuruntur·
843 2085 898 2145 qua
912 2066 948 2126 de
963 2083 1050 2127 causa
1065 2083 1151 2126 sero·

146 2148 223 2208 tinae
238 2148 350 2208 hiemes
371 2151 486 2227 noxiae,
506 2150 687 2211 siluestribus
703 2169 838 2230 quoque,
862 2169 936 2230 quae
952 2151 1043 2228 magis
1059 2152 1152 2211 etiam

145 2231 246 2291 dolent
260 2243 401 2311 urguente
418 2234 517 2296 umbra
541 2253 591 2294 sua
613 2254 668 2295 nec
681 2235 833 2296 adiuvante
848 2234 1005 2311 medicina,
1029 2233 1150 2313 quaudo

103 2322 136 2378 rt
149 2317 257 2376 vestire
272 2326 389 2379 teneras
401 2318 508 2378 intorto
522 2327 679 2379 stramento
690 2321 719 2378 in
731 2319 912 2379 silvestribus
924 2335 981 2378 non
993 2327 1048 2378 est.
1065 2317 1151 2396 Ergo

145 2403 337 2480 tempestiuae
351 2420 444 2482 aquae
457 2401 584 2462 hibernis
596 2404 714 2481 primum
728 2405 756 2462 iu
766 2402 916 2480 imbribus,
925 2404 991 2464 dein
1001 2404 1150 2480 germina·
1161 2419 1186 2461 ut

145 2487 253 2546 tionem
278 2486 527 2552 antecedentibus.
565 2488 680 2546 tertium
706 2495 820 2565 tempus
846 2496 907 2563 est,
934 2503 997 2547 cum
1022 2486 1152 2546 educant

145 2588 242 2649 poma,
255 2589 311 2631 nec
326 2572 475 2650 protinus,
501 2570 554 2629 sed
570 2572 625 2630 iam
640 2571 737 2631 valido
754 2571 825 2632 fetu.
857 2589 932 2648 quae
948 2571 1152 2649 fructussuos

144 2654 249 2715 diutius
270 2655 416 2715 continent
436 2654 647 2732 longioresque
665 2656 831 2716 desiderant
847 2655 939 2730 cibos,
955 2655 999 2715 his
1016 2664 1046 2714 et
1064 2673 1151 2716 sero·

144 2739 223 2798 tinae
241 2755 333 2816 aquae
348 2738 451 2814 utiles,
467 2747 498 2798 ut
512 2739 579 2815 viti,
598 2739 700 2815 oleae,
725 2741 846 2818 punicis.
877 2739 938 2800 Hae
956 2741 1011 2800 iam
1028 2739 1151 2818 pluviae

144 2823 262 2900 generis
280 2824 418 2901 cuiusque
439 2822 591 2883 arboribus
606 2823 723 2883 diverso
738 2824 824 2884 modo
845 2823 1063 2900 desiderantur,
1082 2824 1184 2885 aliism

145 2906 203 2967 alio
219 2915 352 2985 tempore
369 2907 585 2968 maturantibus.
617 2917 797 2987 quapropter
811 2908 921 2968 eisdem
936 2909 1075 2969 imbribus
1095 2910 1150 2970 ali·

145 3007 202 3069 qua
218 2990 296 3051 laedi
311 2990 422 3068 videas,
440 2992 535 3070 aliqua
547 2992 649 3069 iuvari,
665 2993 750 3052 etiam
764 2993 792 3051 in
808 2993 911 3054 eodem
927 3011 1051 3070 genere,
1070 2995 1152 3054 sicut

144 3075 173 3134 iu
188 3075 258 3153 piris
274 3073 331 3135 alio
344 3075 390 3136 die
401 3074 522 3136 hiberna
542 3085 683 3155 quaerunt
702 3075 831 3154 pluuias,
856 3077 913 3136 alio
930 3094 1003 3136 vero
1022 3096 1150 3156 praeco·

146 3159 206 3236 cia,
224 3167 255 3218 ut
276 3160 385 3237 pariter
405 3160 519 3238 quidem
542 3161 635 3220 omnia
663 3159 829 3220 desiderent
856 3161 1007 3222 hibernum
1033 3171 1152 3241 tempus

103 3249 216 3303 litante
230 3244 477 3321 germinationem.
507 3243 589 3316 Quae
605 3244 771 3323 aquilonem
792 3254 891 3305 austro
910 3245 1056 3306 utiliorem
1077 3247 1186 3307 facito

143 3329 217 3386 ratio
230 3327 331 3389 eadem
343 3328 553 3388 mediterranea
566 3329 712 3388 maritimis
727 3329 910 3408 praefert-
922 3331 1073 3390 suntenim
1085 3331 1151 3409 ple-

144 3427 264 3488 rumque
279 3411 429 3488 frigidiora
444 3446 486 3457 —-
499 3422 527 3471 et
546 3421 695 3472 montuosa
711 3413 804 3492 planis
824 3423 855 3474 et
872 3423 1031 3474 nocturnos
1048 3415 1151 3476 imbris

144 3491 262 3556 diurnis.
294 3497 385 3574 magis
406 3495 526 3556 fruitura
548 3497 629 3574 aquis
652 3505 714 3561 sata
730 3516 789 3558 non
812 3499 906 3558 statim
924 3498 1079 3560 auferente
1098 3518 1150 3561 eas
