2396 3900
220 214 302 263 usn.
322 215 414 265 man.
431 218 530 265 xvur.
551 215 671 272 26—28.
695 204 848 291 (oo-67.)
980 209 1039 271 137

53 368 155 446 uesperi
165 369 301 428 exoritur.
323 383 410 432 xv11.
426 372 662 436 kalendaslulias
674 377 787 454 gladius
801 375 917 437 Orionis
929 377 1088 442 exori-256

53 461 102 527 tur,
116 451 188 530 quod
200 453 227 510 in
239 451 380 532 Aegypto
397 465 464 534 post
480 459 670 535 quatriduum.
696 475 743 521 xt.
757 460 898 521 kalendas
911 460 1041 522 eiusdem

52 534 149 596 Orionis
164 535 277 612 gladius
290 535 410 600 Caesari
425 541 562 602 occidere
574 545 684 623 incipit.
714 559 787 606 vm.
802 545 942 606 kalendas
954 541 1041 605 lulias

51 637 110 680 sero
123 621 308 698 longissimus
332 623 394 683 dies
417 625 505 686 totius
530 629 595 686 auni
616 637 647 688 et
667 646 727 689 nox
748 629 919 690 brevissima
944 629 1040 689 solsti-

34 705 106 765 atiun
121 704 284 765 conficiunt.
317 706 358 786 {4}
386 707 418 769 ln
432 708 490 769 boc
504 712 645 791 temporis
660 713 813 773 intervallo
828 714 932 774 vineae
949 719 1085 792 pam-ati

51 790 181 868 pilantur,
206 799 323 850 curatur
338 800 367 852 ut
381 794 466 854 uinea
480 803 564 855 vetus
581 797 672 857 semel
686 796 768 857 fossa
785 798 834 873 sit,
853 797 897 857 bis
913 797 1040 857 novella.

51 891 108 934 ores
120 874 285 952 tondentur,
301 875 429 954 lupinum
441 879 620 940 stercorandi
638 897 725 941 causa
736 881 867 957 vertitur,
884 890 961 941 terra
974 897 1041 958 pro·

51 958 181 1035 scinditur,
195 959 271 1019 vicia
286 961 316 1020 iu
332 960 467 1039 pabulum
481 972 608 1041 secatur,
625 965 691 1026 faba
703 967 827 1041 motitur,
841 965 908 1024 dein
920 963 1041 1024 cuditur.

98 1043 145 1106 ts.
168 1042 254 1104 Prata
273 1047 350 1105 eirea
365 1046 505 1108 kalendas
516 1046 577 1108 lun.
592 1050 767 1125 caeduntur,
784 1066 904 1128 quorum
921 1047 1090 1111 facilli-sss

25 1145 85 1192 sna
96 1127 232 1205 agricolis
249 1146 317 1189 eura
332 1147 367 1190 ae
381 1131 497 1192 minumi
511 1131 628 1212 inpendi
647 1133 721 1193 baec
736 1133 773 1194 dc
791 1150 824 1193 se
834 1133 963 1211 postulat
974 1131 1041 1192 diei.

50 1210 168 1290 lielinqoi
184 1211 295 1273 debent
309 1215 432 1298 inlaeto
451 1215 516 1276 solo
538 1217 586 1276 vel
610 1217 713 1294 riguo,
736 1235 829 1297 eaque
850 1234 924 1295 aqua
945 1215 1042 1295 pluvia

51 1297 123 1374 rigari
131 1297 177 1357 via
188 1295 318 1376 publica.
346 1299 536 1375 utilissimum,
552 1301 577 1360 si
589 1300 683 1361 malae
696 1300 817 1378 herbae,
831 1318 924 1376 arare,
939 1299 1043 1361 deinde

8 1440 10 1443 ,
52 1383 151 1458 eratire,
167 1399 271 1442 serere
286 1382 388 1448 florem
403 1401 440 1442 ex
451 1383 599 1460 fenilibus,
616 1393 703 1464 atque
716 1403 754 1444 ex
768 1384 961 1464 praesepibus
973 1384 1042 1444 feno

51 1465 176 1544 dilapsum
191 1484 337 1544 spargere
353 1468 520 1546 priusquam
537 1470 708 1546 cratiantur,
731 1487 786 1530 uec
807 1471 899 1547 primo
916 1486 991 1528 anno
1006 1469 1043 1527 ri·

26 1551 111 1626 agari,
124 1568 179 1610 nee
194 1552 281 1629 pasci
295 1560 362 1611 ante
378 1553 507 1613 secunda
531 1553 688 1630 fenisecia,
710 1572 746 1614 ue
770 1553 879 1614 herbae
900 1553 1044 1612 vellantur

50 1633 199 1714 obtrituque
224 1634 408 1696 hebetentur.
449 1637 612 1697 senescunt
630 1646 712 1718 prata
735 1639 906 1718 restituique
921 1637 1091 1715 debentttit

49 1718 144 1780 labain
157 1719 193 1778 iis
212 1728 275 1780 sata
293 1721 342 1781 vel
358 1722 438 1800 rapis
454 1721 504 1782 vel
522 1722 611 1798 milio,
627 1740 696 1783 mox
710 1723 880 1801 insequente
896 1737 969 1781 anno
985 1721 1044 1780 fru-

48 1812 131 1864 nento
146 1821 309 1883 rursusque
324 1804 353 1864 in
371 1815 453 1885 prata
469 1807 555 1866 tertio
571 1806 711 1886 relinqui,
732 1817 887 1886 praeterea
908 1807 1044 1885 quotiens

50 1897 118 1948 secta
135 1888 193 1948 sint
207 1889 320 1965 sieiliri,
336 1889 394 1950 boc
409 1899 454 1950 est
464 1908 540 1969 quae
551 1891 700 1951 feniseces
713 1893 925 1970 praeterierunt
937 1888 1042 1950 secari.

25 1981 87 2032 sest
99 1973 171 2032 enim
185 1974 215 2032 in
232 1973 334 2052 primis
348 1975 448 2034 inutile
467 1975 565 2035 enasci
580 1974 688 2035 berbas
698 1983 917 2036 sementaturas.
947 1971 1045 2032 llerba

51 2065 151 2134 optuma
167 2059 195 2116 iu
212 2067 297 2136 prato
312 2058 413 2134 trifoli,
432 2076 571 2137 proxuma
585 2059 732 2136 graminis,
750 2077 885 2137 pessuma
899 2056 1044 2133 nummuli,

51 2141 167 2220 sdiqnam
185 2151 216 2202 et
233 2142 325 2202 diram
339 2141 471 2203 ferentis.
503 2144 594 2203 invisa
609 2151 639 2202 et
654 2144 813 2221 equisaetis
830 2152 890 2219 est,
914 2140 1045 2203 a'simili-

49 2225 133 2286 otim
148 2227 276 2305 equinae
290 2235 401 2288 saetae.
434 2227 560 2288 Secandi
573 2237 705 2306 tempus,
728 2245 791 2289 cum
807 2229 889 2307 spica
905 2226 1091 2290 debore-260

48 2327 123 2370 scere
140 2312 242 2390 eoepit
257 2320 345 2389 atquc
359 2310 503 2372 roborari.
541 2311 696 2372 secandum
717 2321 869 2390 antequam
890 2312 1043 2371 inarescat.

21 2390 129 2455 costo:
146 2395 287 2471 fenum,
309 2397 415 2474 inquit,
437 2412 478 2455 ne
500 2413 583 2456 sero
606 2412 724 2456 seces.
756 2397 858 2475 prius
876 2413 977 2474 quam
993 2411 1044 2453 se-

47 2497 116 2538 nen
130 2488 309 2541 maturum
325 2481 374 2540 sit
387 2489 526 2540 secato.
557 2479 670 2558 quidam
685 2481 778 2559 pridie
794 2481 899 2558 rigant,
916 2477 964 2538 ubi
981 2487 1046 2536 sunt

48 2564 128 2640 rigna.
159 2563 295 2624 noctibus
310 2563 435 2624 roscidis
453 2565 549 2624 secari
569 2565 680 2624 melius.
710 2565 850 2644 quaedam
871 2570 971 2641 partos
992 2559 1046 2621 lta·

47 2646 97 2707 liae
109 2658 176 2727 post
189 2667 319 2709 messem
340 2657 451 2710 secant.
488 2648 529 2728 [5]
564 2645 629 2708 Fuit
646 2647 704 2709 boe
719 2665 835 2727 quoque
858 2647 974 2706 maioris
989 2645 1029 2705 in·
1037 2653 1089 2708 261

48 2733 126 2809 pendi
141 2732 218 2812 apud
234 2735 369 2813 priores,
387 2731 511 2794 Creticis
531 2741 638 2793 tantum
658 2732 912 2810 transmarinisque
934 2729 1050 2790 cotibus

20 2818 116 2877 ¹sorotis
132 2835 187 2878 nec
198 2820 254 2878 nisi
266 2818 335 2878 oleo
348 2819 440 2878 aciem
448 2815 533 2878 falcis
545 2817 749 2877 excitantibus.
775 2816 862 2893 igitur
874 2833 964 2875 cornu
980 2831 1049 2892 pro·

49 2909 107 2978 pter
121 2902 217 2964 oleum
233 2902 271 2964 ad
287 2921 355 2962 crus
369 2903 458 2979 ligato
479 2900 595 2962 fenisex
615 2900 778 2962 incedebat.
813 2898 894 2960 ltalia
915 2899 1051 2978 aquarias

51 2987 116 3046 cotis
127 2987 205 3048 dedit
218 2987 305 3047 limae
317 2989 383 3046 vice
395 2987 562 3064 imperantis
574 2985 664 3044 ferro.
680 2985 731 3044 scd
744 2985 861 3063 aquaria
871 2981 905 3026 **
918 2985 1048 3063 protinus

49 3070 144 3131 ment.
176 3069 308 3132 Faleium
322 3073 448 3150 ipsarum
463 3070 519 3130 duo
534 3087 660 3147 genera:
676 3068 806 3130 Italicum
820 3067 938 3128 brevius
953 3085 988 3127 ac
999 3065 1051 3126 vel

49 3154 117 3214 inter
134 3157 233 3235 vepris
255 3172 374 3234 quoque
397 3153 566 3230 tractabile,
592 3151 746 3214 Galliarum
763 3153 912 3214 latifundia
931 3149 1051 3210 maioris

18 3241 202 3318 &conpendi
220 3241 330 3319 quippe
345 3240 454 3300 medias
476 3239 600 3298 caedunt
614 3236 722 3298 herbas
737 3238 948 3316 brevioresque
964 3251 1048 3314 prae·

49 3331 165 3386 terennt.
195 3323 287 3385 ltalus
308 3324 422 3385 fenisex
439 3323 540 3384 dextra
562 3340 616 3382 una
630 3341 713 3382 mauu
736 3331 827 3383 secat.
860 3319 966 3381 lustum
990 3326 1091 3382 esttdb

49 3425 101 3467 uua
121 3426 210 3488 opera
231 3411 260 3468 in
282 3407 330 3468 die
352 3410 481 3486 iugerum
504 3407 654 3482 desecari,
682 3407 860 3485 adligarique
888 3403 1049 3482 manipulos

49 3492 123 3552 nille
139 3495 292 3573 ducentos,
308 3503 446 3572 quaterna
462 3491 570 3570 pondo.
603 3500 713 3551 sectum
730 3491 804 3554 verti
823 3488 858 3550 ad
880 3488 974 3548 solem
995 3505 1050 3547 nec
