2430 3896
394 474 763 552 PRAEFATIO.

129 701 187 758 llos
210 702 295 758 Plinii
319 703 409 762 libros
431 709 610 779 pertractanti
629 710 695 766 mihi
716 718 829 784 praeter
850 730 971 784 eaquae
995 713 1073 770 Silli-

68 787 149 858 giana
168 786 261 842 editio
279 789 441 860 suppeditat
458 791 561 848 nullum
578 794 612 849 ad
633 811 739 850 manum
760 796 811 851 luit
827 797 996 867 subsidium,
1021 799 1072 854 sed

69 869 197 942 Silligius
215 870 279 942 ipse
300 873 335 928 ad
350 873 439 931 libros
453 875 563 946 xvnl,
579 876 771 948 xvr111.‚xx.
797 881 922 936 adhibuit
938 883 1072 952 quaedam

67 954 135 1011 satis
153 953 272 1026 antiquo
290 961 417 1030 tempore
436 976 472 1014 ex
489 959 524 1015 iis
543 968 692 1034 excerpta,
712 964 746 1019 ad
761 963 808 1019 lib.
824 964 920 1019 XVIII.
943 962 996 1036 ὃς.
1010 972 1074 1036 213,

67 1045 136 1108 214,
152 1043 223 1108 234,
246 1045 317 1111 235,
333 1047 402 1111 237,
425 1048 597 1115 leo-248,
614 1051 680 1116 255,
699 1052 766 1118 256,
782 1053 955 1119 soe-271,
971 1054 1072 1111 278-

67 1129 133 1193 ael,
160 1129 328 1186 ece—313.
354 1141 424 1197 quae
444 1127 575 1198 leguntur
596 1129 623 1184 in
644 1129 753 1186 scholiis
774 1133 812 1187 ud
833 1131 990 1188 Germanici
1002 1151 1072 1206 pro-

65 1210 189 1280 pnosb'co
208 1203 268 1282 (ap.
284 1209 362 1265 Buhl.
381 1209 437 1266 vol.
456 1211 694 1290 11‚p.1rnsqq.)
717 1222 745 1272 at
765 1217 799 1273 ad
812 1217 900 1272 libros
915 1217 1026 1273 xvsslr.
1044 1224 1072 1274 et

66 1291 123 1349 XX.
142 1299 298 1364 quaesunt
317 1293 345 1348 in
371 1292 635 1368 Pseudo-Appuleii
651 1299 685 1354 de
706 1302 833 1356 remediis
851 1302 1018 1357 solutoribus
1038 1304 1070 1358 li-

66 1377 148 1446 bollo,
169 1393 251 1448 quem
275 1393 311 1433 ex
332 1376 459 1435 Parisino
475 1381 644 1453 exemplari,
667 1399 721 1455 quo
743 1391 822 1441 antea
841 1402 907 1441 usus
929 1393 989 1442 erat
1008 1385 1071 1442 Sal-

65 1460 187 1530 masius,
208 1468 264 1516 tum
285 1461 403 1534 primum
419 1465 493 1537 typis
516 1465 686 1538 descriptum
703 1468 752 1524 ille
775 1469 920 1542 praemisit
937 1470 1069 1526 editionis
1101 1501 1102 1506 κ

67 1561 132 1604 suae
148 1545 285 1601 volumini
301 1546 335 1601 V.

126 1631 169 1686 lte
191 1630 291 1685 borum
313 1636 509 1703 excerptorum
529 1649 579 1688 usn
605 1649 688 1705 quum
703 1652 757 1690 non
774 1636 884 1692 omnino
900 1637 1069 1693 consentiam

66 1731 124 1772 emn
141 1713 275 1786 Silligio,
298 1714 346 1786 qui
360 1716 433 1772 haud
448 1715 544 1788 paucis
560 1717 632 1774 loeis
647 1735 680 1774 ea
696 1725 809 1775 secutus
825 1726 869 1775 est
885 1721 985 1791 quibus
1003 1721 1068 1776 mibi

65 1799 158 1873 potior
174 1815 241 1854 csse
255 1798 368 1854 videtur
388 1799 515 1857 codicum
531 1799 719 1858 Plinianorum
734 1804 901 1874 auctoritas,
929 1820 982 1859 uon
1002 1820 1069 1876 pos-

1 1913 2 1928 2
66 1901 122 1940 sum
138 1881 208 1956 quin
223 1883 324 1960 paucis
335 1883 431 1939 verbis
448 1884 482 1939 de
495 1901 530 1940 eo
544 1884 690 1958 disputem.
713 1887 747 1941 lit
762 1902 865 1943 censeo
879 1886 989 1958 quidem
1004 1904 1067 1944 esse

65 1968 292 2039 distinguendum
306 1968 380 2023 inter
396 1985 429 2024 ea
446 1985 515 2040 quae
530 1970 565 2025 ad
580 1986 638 2026 rem
652 1971 793 2043 pertiaent
809 1977 838 2026 et
857 1969 930 2026 inter
945 1988 978 2027 ea
998 1989 1067 2043 quae

65 2054 215 2109 verborum
229 2051 465 2110 sententiarumve
479 2070 567 2111 nexus
583 2070 667 2111 causa
683 2055 775 2111 addita
790 2060 861 2110 suut.
891 2055 921 2110 In
939 2055 996 2111 illis
1014 2072 1068 2110 non

66 2144 107 2194 est
121 2137 199 2208 quod
213 2136 334 2193 vetustis
355 2136 413 2192 illis
430 2137 570 2210 excerptis
586 2138 759 2209 diffidamus,
778 2139 942 2210 praesertim
958 2140 1005 2195 ubi
1026 2141 1069 2195 Ia-

66 2239 148 2278 cunas
172 2221 211 2276 ita
236 2221 352 2293 explent
371 2227 402 2276 ut
417 2229 534 2294 propter
549 2238 636 2278 voces
657 2239 745 2294 paruo
762 2222 911 2278 intervallo
933 2224 1068 2296 repetitas

65 2306 147 2363 facile
167 2311 304 2377 appareat
320 2321 400 2375 quam
423 2308 458 2365 ob
476 2323 587 2363 causam
609 2306 765 2362 exciderint
780 2322 813 2361 ea
830 2322 899 2376 quae
920 2306 947 2362 in
967 2306 1067 2363 Plinia-

65 2391 105 2446 nis
122 2389 335 2462 exemplaribus
347 2406 403 2445 non
419 2391 562 2462 leguntur:
579 2392 626 2447 ubi
639 2407 708 2447 vero
725 2407 757 2445 ea
772 2390 872 2461 quibus
884 2391 954 2446 haec
972 2397 1069 2446 carent

65 2474 170 2530 inillis
192 2473 313 2546 repetita
338 2479 401 2529 sunt
422 2491 458 2530 ex
479 2474 725 2544 antecedentibus,
747 2473 810 2544 quia
831 2474 866 2528 iis
885 2475 997 2530 omIssis
1013 2491 1067 2529 uon

65 2559 149 2630 liquet
162 2575 217 2630 qna
233 2558 269 2613 de
287 2574 318 2612 re
335 2557 364 2612 in
384 2558 525 2632 excerptis
540 2565 654 2630 agatur,
676 2558 738 2631 quis
759 2558 795 2614 ab
816 2558 878 2629 ipsc
899 2565 1013 2614 auctore
1034 2574 1067 2614 ea

65 2643 190 2714 proiecta
209 2658 275 2698 esse
294 2635 467 2699 crediderit?
509 2643 614 2699 Eodem
633 2642 756 2715 pertinet
777 2641 851 2713 quod
868 2641 896 2696 in
914 2647 1068 2714 temporum

65 2725 319 2799 descriptIonibus,
352 2725 376 2782 si
409 2727 535 2783 codicum
560 2727 701 2798 sequImur
729 2724 937 2794 auctoritatem,
963 2724 1067 2783 Plinius

66 2827 160 2868 nomen
173 2809 280 2867 mensis
297 2810 344 2881 qui
358 2811 440 2867 modo
455 2816 623 2867 memoratus
639 2815 698 2879 est,
714 2809 761 2865 ubi
779 2808 903 2864 eiusdem
916 2810 964 2866 alii
978 2811 1068 2866 nomi-

65 2901 160 2952 nantur
178 2893 260 2964 dies,
280 2911 335 2950 aon
351 2895 470 2966 repetit,
485 2896 537 2951 sed
551 2895 704 2951 scholiasta
725 2894 753 2949 id
769 2909 902 2963 nusquam
919 2909 973 2950 non
989 2894 1067 2964 iacit,

66 2997 141 3051 quam
172 2978 261 3036 taedii
286 2979 395 3052 plenam
418 2979 553 3036 rationein
580 2979 724 3051 amplexus
751 2981 794 3033 est
817 2976 953 3048 Silligins.
993 2978 1067 3034 Idem

65 3064 208 3135 permultis
227 3062 301 3119 Iocis
325 3080 361 3118 ex
375 3062 644 3135 Pseudo-Appuleii
670 3062 769 3118 libello
788 3062 897 3133 recepit
914 3062 1067 3135 particulas

66 3149 162 3219 quium
188 3149 342 3218 iunguntur
366 3149 539 3218 sententiae,
573 3163 642 3218 quas
670 3146 759 3201 minus
789 3144 925 3214 reIIgiose
951 3162 1066 3202 servare

66 3219 261 3305 excerpentem
285 3247 356 3304 opus
379 3231 493 3304 aIIquod
514 3248 595 3302 quam
615 3229 662 3302 qui
683 3228 841 3303 perscribat
865 3228 955 3300 ipsum
981 3224 1066 3286 Iacila

66 3318 127 3373 mihi
144 3315 328 3373 concedetur.

124 3398 336 3473 orthographia
361 3398 443 3456 huius
463 3399 554 3456 libelli
572 3415 626 3471 quo
643 3398 760 3472 propius
780 3399 815 3455 ad
835 3397 1066 3468 bambergensem

68 3484 187 3560 diesque
200 3485 293 3542 bonos
309 3483 425 3540 eodices
441 3483 564 3554 accedit,
577 3499 611 3540 eo
626 3482 715 3554 magis
730 3482 814 3554 dIgna
831 3486 874 3537 est
886 3480 965 3538 cuius
980 3482 1068 3538 ratio·
1114 3469 1125 3484 ⁶

821 3591 835 3624 a
847 3574 862 3610 1
