2370 3922
143 255 184 318 28
492 269 521 319 c.
540 271 637 318 ruunt
651 269 802 320 secunus

142 433 293 504 praestare
314 433 344 484 et
365 441 459 484 rannus
484 425 589 486 dicitur
610 425 676 484 luna
698 424 785 502 plena
811 425 957 486 defractus
987 427 1122 504 incipiens

142 510 264 568 fructum
278 508 404 584 babere,
419 511 444 568 si
461 517 567 568 terram
576 526 635 568 non
648 511 795 586 attigerit,
816 511 950 587 privatim
964 509 1122 568 mulieribus

141 592 310 668 adalligatus
332 592 443 651 lacerto
465 601 564 652 contra
587 590 784 651 abundantiam
794 611 931 652 mensum.
947 592 1002 652 boc
1016 600 1045 652 et
1060 610 1123 670 quo·

142 693 262 752 curatque
281 684 414 752 tempore
429 677 465 734 ab
481 678 554 753 ipsis
568 675 737 753 decerptum
753 677 793 735 ita
810 685 840 736 ut
857 685 963 736 terram
974 693 1031 734 non
1047 679 1122 734 attin-

141 767 191 836 gat
206 759 444 836 adalligatumque
460 761 624 818 existimant
639 768 798 835 praestare.
830 759 901 818 lolia
914 761 987 818 mori
1003 761 1069 818 trita
1082 767 1139 819 ants
1175 771 1177 796 ³

143 843 221 902 arida
242 843 362 902 decocta
387 844 566 921 serpentium
587 842 692 902 ictibus
713 844 906 920 inponuntur,
939 842 974 902 ad
1000 842 1123 918 idemque
1174 843 1177 892 ἐ

141 934 212 1003 potu
237 927 394 1004 proficitur.
432 926 635 1004 scorpionibus
659 925 865 986 adversatura
896 926 995 986 radice
1015 927 1123 984 corticis

16 1037 19 1046 <
101 1021 150 1074 139
162 1027 247 1070 secus
264 1028 302 1070 ex
315 1012 384 1068 vino
397 1018 445 1069 aut
458 1027 546 1088 posca
558 1017 654 1086 pctus.
684 1010 830 1070 reddenda
845 1018 892 1069 est
907 1017 938 1069 et
954 1011 1123 1086 antiquorum

141 1095 315 1170 conpositio.
329 1111 426 1152 sucum
432 1111 604 1171 expressum
614 1094 690 1170 pomi
697 1096 799 1153 maturi
814 1095 1005 1171 inmaturique
1016 1094 1123 1152 mixtum

141 1177 306 1253 coquebant
322 1195 391 1236 vase
407 1194 497 1236 aereo
513 1177 548 1236 ad
562 1175 656 1235 mellis
672 1177 899 1236 crassitudinem.
931 1177 1019 1253 aliqui
1039 1189 1144 1234 murco

142 1261 253 1319 adiecta
276 1267 306 1319 et
328 1269 468 1337 cupresso
491 1260 692 1338 praeduratnun
704 1259 739 1319 ad
754 1260 846 1320 solem
866 1260 1018 1320 torrebant
1030 1261 1122 1336 penni-

142 1351 258 1402 scentes
281 1343 381 1421 spatha
402 1353 448 1404 tcr
469 1343 525 1403 dic.
555 1344 627 1403 haec
643 1351 706 1402 erat
727 1346 877 1404 stomatice
890 1362 945 1420 qua
966 1351 997 1403 et
1013 1342 1122 1402 volnera

141 1426 176 1485 ad
189 1428 353 1486 cicatricem
368 1428 572 1504 perducebant.
603 1427 658 1486 alia
675 1429 749 1487 ratio
765 1429 842 1488 suci:
866 1429 975 1486 siccato
991 1428 1121 1504 exprime·

141 1511 208 1569 bant
223 1527 310 1588 pomo
325 1511 442 1572 multatus
457 1513 554 1589 sapori
570 1512 986 1588 opsoniorumconierentem,
1002 1511 1032 1569 in
1042 1510 1121 1568 medi·

141 1595 205 1653 ciua
229 1612 302 1654 vero
323 1604 423 1675 coptra
443 1611 542 1654 nomas
563 1602 593 1653 et
616 1596 746 1671 pectoris
767 1597 885 1672 pituitas
910 1603 940 1654 et
961 1593 1145 1670 ubicumquc1⁵

143 1695 215 1755 opus
246 1687 327 1738 esset
358 1679 496 1754 adstringi
517 1679 638 1737 ndscern.
684 1678 779 1737 dentis
809 1694 924 1756 quoque
958 1676 1122 1738 conluebant

99 1770 153 1824 140
162 1779 207 1820 eo.
236 1764 352 1822 tertium
367 1781 460 1838 genus
473 1763 533 1821 suci
548 1761 628 1820 foliis
643 1769 673 1820 et
689 1761 787 1822 radice
803 1763 933 1822 decoctis
953 1761 990 1820 ad
1005 1761 1121 1820 ambusta

142 1862 180 1904 ex
195 1844 263 1904 cleo
279 1845 432 1904 inlinenda.
449 1848 624 1923 inponuntur
639 1848 669 1904 et
683 1844 753 1904 folia
769 1863 822 1923 per
837 1865 879 1905 se.
895 1845 979 1904 radix
993 1863 1047 1922 per
1059 1862 1121 1902 mes·

141 1930 181 1987 sis
200 1925 291 1986 incisa
311 1947 409 1988 sucum
429 1929 477 1988 det
497 1929 674 2006 aptissimum
697 1927 823 1988 dentium
841 1929 936 1988 dolori
952 1926 1121 1988 collectioni·

141 2010 252 2087 busque
269 2019 300 2070 et
313 2012 577 2088 suppurationibus,
594 2011 689 2071 alvom
704 2021 815 2088 purgat.
838 2012 908 2072 lolia
921 2013 1041 2098 morixin
1052 2012 1147 2069 minae

140 2093 298 2154 madefacta
312 2093 400 2170 pilum
410 2097 498 2154 coriis
517 2094 676 2154 detrabunt.

100 2185 148 2238 141
183 2173 265 2256 (72.)
294 2175 403 2238 Gerasa
422 2179 516 2238 alvom
535 2177 684 2254 molliunt,
706 2177 854 2237 stomacho
878 2177 1009 2254 inutilia,
1034 2177 1121 2236 cadem

141 2261 247 2318 siccata
270 2259 365 2321 alvom
386 2263 506 2337 sistunt,
523 2264 630 2321 urinam
641 2263 727 2320 cient.
761 2263 878 2320 invenio
893 2261 969 2338 apud
984 2270 1121 2334 auctores,

140 2345 242 2419 siquis
259 2346 396 2406 matutino
411 2345 525 2404 roscida
539 2361 601 2404 cum
617 2347 676 2402 suis
693 2344 803 2404 nucleis
821 2344 961 2421 devoret,
977 2347 1121 2404 intantum

141 2426 231 2486 levari
248 2426 343 2488 alvom
358 2437 389 2488 ut
404 2428 495 2506 pedes
510 2427 613 2488 morbo
628 2427 796 2488 liberentur.
1126 2439 1144 2478 ὕ

180 2511 291 2589 ,(73.)Ι
311 2510 434 2589 Mespila
456 2514 588 2589 exceptis
617 2513 755 2588 setaniis,
779 2528 853 2588 quae
867 2511 943 2570 malo
961 2514 1121 2590 propiorem

139 2595 197 2654 rim
222 2594 343 2671 habeut,
369 2596 480 2672 reliqua
504 2595 684 2671 adstringunt
713 2595 887 2656 stomachum
908 2597 1070 2673 sistuntque
1089 2593 1120 2652 al·

141 2695 215 2738 vom.
247 2681 316 2739 item
332 2680 420 2739 sorba
436 2681 523 2754 sicca,
539 2696 603 2738 nam
617 2681 747 2738 recentia
759 2678 907 2738 stomacho
922 2688 953 2738 ct
973 2679 1041 2738 alvo
1055 2680 1120 2737 citae

140 2770 269 2837 presunt.

101 2853 151 2905 tea
181 2842 209 2904 8.
231 2843 309 2922 (74.)
333 2844 431 2906 Nuces
447 2847 550 2924 pineae
565 2863 638 2923 quac
653 2847 777 2905 resinam
792 2845 899 2906 babent
910 2854 1070 2906 contunsac
1085 2845 1142 2903 tes

139 2929 226 3003 viter,
243 2927 347 2987 additis
363 2931 392 2988 in
407 2929 534 3006 singulas
550 2929 670 3005 siugulis
682 2930 816 2988 sextariis
831 2947 923 3005 aquae
938 2927 974 2988 ad
987 2929 1119 2988 dimidium

124 3011 293 3087 decoctae,
310 3015 457 3088 sanguinis
473 3014 666 3073 exscreaticni
680 3012 831 3072 medentur
849 3014 889 3070 ita
906 3020 937 3070 ut
960 3011 1056 3087 cyathi
1070 3011 1119 3070 bini

139 3093 274 3154 bibantur
297 3112 335 3154 en
357 3113 403 3156 co.
437 3099 555 3156 corticis
579 3113 596 3156 c
618 3097 686 3173 pinu
703 3097 732 3154 iu
755 3097 824 3156 vino
845 3095 998 3156 decoctum
1031 3103 1119 3154 contra

139 3179 262 3238 tormina
279 3177 370 3242 datur.
402 3179 496 3240 nuclei
518 3181 599 3239 nucis
622 3181 725 3256 pineae
749 3180 826 3240 sitim
841 3179 942 3240 sedant
961 3187 992 3238 et
1012 3181 1118 3238 acrimo·

139 3265 214 3320 niam
229 3261 368 3323 stomachi
380 3263 574 3338 rosionesque
589 3271 619 3320 ct
635 3263 799 3323 contrarios
812 3280 930 3323 umores
940 3262 1140 3322 consistentis⁸⁵

139 3345 199 3420 ihi,
214 3353 243 3404 et
258 3345 452 3406 infirmitatem
463 3346 566 3404 virium
582 3345 733 3421 roborant,
750 3347 883 3422 renibus,
892 3347 1014 3406 vesicae
1031 3345 1115 3405 utiles.

97 3427 250 3487 retroneis
272 3427 407 3488 videntur
427 3444 605 3508 exasperare
626 3437 656 3488 et
682 3430 791 3488 tussim.
826 3429 916 3490 bilem
939 3429 1053 3507 pellunt
1065 3427 1116 3507 poti

140 3525 178 3568 cx
191 3526 263 3584 aqua
282 3519 329 3570 aut
344 3511 414 3570 vino
429 3517 476 3568 aut
491 3527 579 3587 passo
592 3520 639 3570 ant
654 3512 821 3574 balanorum
836 3513 969 3574 decocto.
992 3514 1116 3594 miscete
