2370 3922
195 265 240 330 tio
524 281 554 329 c.
569 282 666 329 enum
684 279 834 329 securum

152 433 312 498 ltetralrit.
341 433 534 513 Hippocrates
557 445 587 496 et
609 435 733 496 radicem
757 437 849 514 ipsam
871 433 1010 512 adposuit.
1043 432 1136 492 dicunt
1152 443 1177 494 et

198 520 228 576 in
246 517 415 595 pestilentia
435 519 589 579 salutarem
608 537 677 579 esse
698 521 727 577 in
744 519 845 577 cibis·
868 518 1041 577 ebrietatem
1065 516 1175 576 discutit.

198 601 346 678 serpentis
364 601 485 678 nidore,
502 619 565 661 curn
579 612 737 677 crematur,
753 603 887 680 privatim
901 601 1015 678 aspidas
1041 601 1121 676 lugat
1139 609 1177 658 aut

196 684 324 743 inebriat
356 687 396 743 ita
422 693 453 743 ut
478 695 631 763 torpentes
659 688 847 746 inveniantur.
885 691 1046 762 perunctos
1077 699 1176 760 quoque

197 783 251 826 aro
267 785 285 826 e
303 767 404 827 laureo
420 769 488 829 oleo
504 769 623 846 lugiunt.
656 769 723 829 ideo
740 778 770 829 et
791 777 891 827 contra
903 769 977 826 ictus
997 763 1061 824 dari
1077 768 1105 823 in
1121 768 1176 824 rino

197 853 285 926 nigro
316 859 416 928 putant
452 853 532 911 utile.
565 855 594 911 in
627 852 706 912 loliis
727 854 768 911 ari
795 869 898 910 caseus
933 859 1052 927 optume
1082 849 1176 906 seruari

200 932 332 993 traditur.

156 1027 211 1080 lte
271 1016 354 1094 (93.)
383 1017 578 1077 Dracunculus
602 1035 686 1095 quem
707 1016 766 1076 dixi
789 1016 902 1077 hordeo
918 1022 1135 1074 maturescente
1146 1014 1176 1072 ei·

156 1096 311 1158 ¹⁸'ioditur
327 1101 393 1159 luna
411 1109 574 1160 crescente.
595 1103 710 1161 omnino
726 1101 881 1159 habentem
896 1105 1057 1175 serpentes
1072 1097 1173 1173 lugiunt.

199 1182 275 1241 adeo
293 1185 442 1260 percussis
458 1184 601 1260 prodesse
617 1192 716 1262 potum
732 1186 820 1257 aiunt,
841 1184 952 1242 maiore
973 1182 1001 1239 ui
1019 1183 1053 1240 in
1067 1197 1176 1253 meuses,

200 1267 225 1324 si
240 1265 322 1324 ierro
338 1283 396 1327 non
413 1268 576 1344 attingatur.
610 1285 693 1326 sucus
717 1269 779 1326 elus
801 1275 831 1324 ct
853 1267 963 1324 aurium
988 1263 1089 1324 dolori
1110 1261 1176 1340 prnd-

157 1358 214 1412 150
223 1355 278 1406 est.
308 1348 337 1408 id
351 1358 447 1409 autern
462 1349 538 1427 quod
555 1349 658 1410 Graeci
673 1349 842 1410 dracontion
852 1357 957 1408 vocant
969 1347 1080 1424 triplici
1097 1347 1176 1420 eligio

201 1431 427 1491 demonstratum
441 1433 508 1492 mibi
525 1442 587 1508 est,
606 1433 684 1492 loliis
701 1433 803 1508 betae,
824 1449 880 1492 non
898 1433 962 1490 sine
979 1430 1101 1505 thyrso,
1121 1428 1176 1485 dore

202 1531 368 1592 purpureo,
390 1516 447 1575 hcc
471 1525 516 1576 est
538 1517 630 1576 simile
652 1535 711 1576 aro.
745 1515 792 1574 alii
814 1515 911 1574 radice
931 1514 1022 1588 longe
1045 1513 1131 1571 ueluti
1150 1513 1176 1567 si·

201 1605 289 1673 gnata
310 1599 524 1677 articulosaque
540 1609 754 1678 monstrarem,
769 1599 861 1658 tribus
887 1599 1004 1656 omnino
1036 1593 1183 1666 cauliculis

201 1679 274 1739 lolia
289 1679 412 1759 decoqui
429 1701 467 1742 ex
481 1693 565 1743 aceto
578 1692 677 1742 contra
693 1683 870 1760 serpentium
881 1683 956 1740 ictus
969 1679 1116 1748 iubentes.
1134 1685 1175 1734 ter-

201 1765 242 1821 tia
255 1764 463 1825 demonstratio
476 1767 529 1826 luit
540 1767 612 1827 lolio
626 1769 735 1825 maiore
745 1783 828 1843 quem
840 1781 957 1838 cornus,
973 1761 1084 1820 radicis
1097 1761 1175 1818 lraruu

202 1845 324 1925 dineae,
341 1849 472 1926 totidem,
489 1858 520 1908 ut
535 1850 735 1926 adfirmabant,
749 1846 930 1925 geniculatae
946 1845 1033 1904 nodis
1058 1852 1125 1921 quot
1141 1841 1175 1899 ba·

201 1927 289 1988 berct
313 1947 420 2008 annos,
447 1932 624 2010 totidemque
650 1951 717 1993 esse
741 1931 820 1990 lolio.
850 1929 876 1987 hi
901 1947 939 1988 ex
958 1931 1032 1987 vino
1054 1927 1102 1986 vel
1120 1939 1175 2000 aqm

202 2020 304 2071 contra
321 2017 467 2092 serpentis
483 2015 595 2076 dabant.
1176 2005 1184 2066 i

160 2104 211 2156 lbi
276 2095 356 2174 (94.)
393 2096 447 2157 Est
474 2107 504 2158 et
533 2101 590 2158 aris
615 2117 686 2177 quae
715 2101 743 2156 in
766 2096 867 2157 eadem
888 2095 1031 2172 Aegypto
1058 2093 1173 2163 nascitur,

203 2177 307 2237 similis
335 2195 404 2257 aro,
434 2183 528 2242 minor
545 2190 652 2240 tantum
678 2181 894 2257 minoribusque
923 2178 1003 2238 loliis
1037 2185 1069 2236 et
1095 2175 1172 2248 utique

73 2305 77 2315 .
207 2260 323 2338 radios,
350 2280 423 2340 quae
448 2273 543 2324 tamen
564 2265 659 2324 olivae
684 2263 798 2341 mandis
825 2261 1054 2339 magnitudinem
1074 2256 1170 2335 inpleat,

166 2343 172 2358 ⁸
202 2342 269 2404 alba
283 2350 428 2422 geminum
444 2348 564 2425 caulem,
577 2347 667 2406 altera
683 2365 767 2405 unum
787 2354 895 2404 tantum
920 2346 1069 2403 emittens.
1097 2336 1170 2398 mede·

201 2434 250 2484 tur
266 2437 387 2506 utraque
403 2428 549 2489 ulceribus
565 2430 760 2505 manantibus,
775 2431 844 2488 item
861 2427 1019 2487 combustis
1042 2441 1076 2484 ac
1090 2418 1183 2482 istuis

202 2510 327 2586 collyrio
361 2515 488 2572 inmisso.
532 2531 631 2572 nomas
663 2516 766 2572 sistunt
795 2512 977 2570 decoctarum
1006 2511 1038 2567 in
1067 2507 1170 2582 aquati

201 2603 308 2670 postea
328 2596 458 2655 tritorum
473 2613 596 2655 rosaceo
614 2594 722 2672 addito,
739 2594 790 2655 sed
813 2611 897 2654 unum
910 2591 1078 2651 miraculum
1090 2591 1169 2662 ingen

202 2685 338 2737 contacto
367 2679 486 2754 genitali
513 2680 650 2756 cuiusque
676 2679 804 2737 feminini
833 2694 920 2736 sexus
947 2672 1052 2733 animal
1074 2673 1102 2730 in
1121 2683 1167 2746 pcr-

201 2775 308 2819 nrcrem
323 2762 380 2837 agi.
1180 2813 1182 2826 ,

158 2849 213 2904 152
274 2843 355 2921 (95.)
387 2843 619 2924 biurinpbyllon‚
653 2844 730 2920 quod
755 2843 847 2902 nostri
879 2840 1042 2900 milifolium
1076 2839 1182 2904 vocanti

202 2924 293 2983 caulis
315 2934 361 2984 cst
379 2935 474 3005 tener,
492 2926 592 2988 similis
606 2927 734 3002 ienicnli,
751 2924 886 3004 plurumis
904 2924 995 2999 loliis,
1009 2922 1085 2981 unde
1097 2928 1122 2980 et
1133 2931 1167 2974 nc

201 3023 269 3064 men
286 3011 407 3087 accepit.
435 3013 561 3070 nuscitur
576 3012 605 3069 in
619 3009 809 3087 palustribus,
824 3008 965 3084 magnifici
985 3024 1055 3065 usus
1075 3004 1107 3062 nd
1124 2995 1167 3058 rol·

203 3107 274 3148 nera
290 3107 353 3149 num
378 3102 471 3152 aceto.
503 3093 612 3153 bibitur
638 3091 672 3151 ed
694 3091 876 3150 difficultates
901 3092 1001 3149 urinee
1023 3097 1054 3148 et
1074 3086 1165 3145 vesica

201 3179 252 3231 aut
267 3175 391 3250 suspiria
406 3176 663 3253 praecipitatisque
679 3192 717 3233 ex
732 3175 801 3233 alto.
829 3173 928 3234 eadem
945 3159 1165 3232 efficacissima

201 3255 329 3315 dentium
341 3255 468 3316 dolores.
485 3258 600 3317 Etruria
615 3259 793 3317 bonncmine
809 3256 936 3333 appellat
951 3254 1069 3314 herbam
1082 3255 1107 3312 in
1118 3257 1181 3326 ptri

112 3407 114 3414 γ
202 3339 241 3397 tis
257 3347 373 3398 tenuem
398 3357 414 3397 a
435 3338 574 3402 lateribus
596 3339 788 3418 capillamenti
810 3338 896 3397 modo
916 3337 1067 3412 foliosum,
1089 3326 1163 3394 esini

201 3437 272 3480 usus
290 3419 325 3480 ad
345 3421 483 3498 volnera,
504 3423 589 3483 boum
607 3439 715 3481 nervos
728 3422 859 3481 abscisos
881 3437 1001 3480 uomere
1022 3418 1127 3480 solidari
1138 3425 1162 3470 tt

199 3519 361 3592 rursusque
375 3506 455 3580 iungi
470 3503 564 3562 addita
579 3507 701 3582 axungia
716 3505 874 3564 adfirmans.
