2458 3906
141 234 200 316 178
469 242 498 292 c.
522 244 618 292 runnu
641 242 791 292 sueonos

98 415 147 471 132
220 403 304 481 (40)
328 401 398 461 Bela
420 401 633 462 hortensiorum
653 397 800 460 levissima
824 407 879 458 est
908 399 971 458 eius
990 415 1145 478 quoquea

139 488 240 549 colore
259 487 315 547 duo
332 504 441 563 genera
457 484 560 546 Graeci
576 484 683 544 faciunt
686 484 822 560 ,nigrum
841 491 870 544 et
884 482 1045 558 candidius,
1062 482 1145 561 quod

139 570 523 652 praeferunt-parcissimi
532 566 1060 646 seminis—appellantqueSiculum,
1075 584 1144 627 can-

139 657 218 718 doris
252 673 323 715 sane
359 655 523 730 discrimine
549 651 751 730 praeferentes
787 659 816 710 et
846 651 999 712 lactucam.
1048 651 1145 710 nostri

137 741 223 802 hetae
249 757 357 816 genera
383 755 501 798 vernum
530 747 559 797 et
584 737 744 797 autumnale
764 736 888 812 faciunt,
920 735 1171 834 atemporihqss

95 834 252 900 133satus,
274 841 444 903 quamquam
468 831 497 882 et
516 820 596 881 lunio
618 822 733 880 seritur.
762 820 971 880 transferuntur
997 821 1125 880 autem
1115 839 1146 879 ιιι

85 947 86 950 =
137 909 234 988 planta
257 907 312 967 hae
336 925 468 986 quoqne,
492 915 521 966 et
545 904 634 965 oblini
659 905 725 966 fimo
748 905 862 965 radices
890 921 958 964 snas
984 903 1145 982 locumque

137 993 268 1052 similiter
289 991 431 1051 madidum
453 998 556 1051 amant
586 1007 654 1049 usus
677 989 722 1049 his
745 997 774 1051 et
790 1006 853 1049 cum
867 987 993 1048 lentibus
1009 1006 1044 1048 ac
1062 988 1145 1066 faba,

135 1077 270 1155 idemque
290 1077 338 1155 qui
360 1075 465 1149 oleris,
492 1084 521 1134 et
542 1075 716 1153 praecipuus
739 1081 770 1132 ut
787 1073 891 1133 lenitas
908 1073 1054 1133 excitetur
1068 1073 1145 1134 acri·

136 1163 231 1221 monia
253 1160 371 1238 sinapis.
400 1159 505 1220 medici
528 1158 727 1218 nocentiorem
750 1175 834 1236 quam
857 1156 922 1218 olus
945 1174 1013 1217 esse
1033 1157 1180 1219 iudica-ro

136 1263 218 1320 vere,
242 1242 428 1322 quamobrem
444 1243 592 1322 adpositas
605 1258 662 1301 non
675 1242 799 1301 memini.
822 1241 977 1320 degustare
993 1242 1082 1301 etiam
1096 1259 1144 1301 re·

96 1339 146 1395 134
157 1329 228 1406 ligio
251 1335 311 1404 est,
336 1336 366 1386 ut
387 1327 490 1388 validis
511 1329 607 1406 potius
622 1327 651 1385 in
668 1325 734 1387 cibo
750 1327 815 1386 sint.
845 1327 959 1404 gemina
977 1326 1012 1384 iis
1028 1333 1143 1402 natura,

138 1421 166 1472 et
194 1411 283 1472 oleris
313 1420 342 1471 et
369 1412 464 1491 capite
487 1412 552 1490 ipso
574 1410 735 1472 exsilientis
757 1409 856 1486 bulbi,
888 1411 1008 1488 species
1032 1429 1143 1470 summa

135 1498 164 1557 in
190 1495 348 1556 latitudine.
386 1514 420 1556 ea
450 1497 606 1574 contingit,
632 1505 663 1555 nt
689 1496 716 1554 in
732 1494 871 1571 lactucis,
900 1513 963 1554 cnm
986 1496 1144 1574 coeperint

137 1580 267 1641 colorem
295 1579 412 1640 trahere
431 1581 558 1660 inposito
581 1579 639 1640 levi
659 1579 800 1658 pondere.
828 1597 924 1658 neque
950 1578 998 1639 alii
1023 1580 1179 1643 herten-rs

136 1666 243 1726 siorum
274 1663 393 1724 latitudo
421 1667 521 1725 maior.
557 1665 586 1724 in
611 1663 695 1724 binos
717 1663 809 1743 pedes
829 1663 984 1741 aliquando
1010 1681 1045 1723 se
1072 1681 1143 1742 pan·

135 1748 204 1809 dunt
225 1747 342 1808 multum
363 1757 392 1808 et
414 1749 469 1809 soli
490 1759 590 1810 natura
613 1748 793 1809 conferente.
822 1747 877 1808 hae
899 1746 1017 1827 quidem
1033 1749 1062 1808 in
1080 1745 1143 1807 (lir-

94 1844 143 1898 135
157 1832 266 1892 ceiensi
280 1849 352 1910 agro
368 1833 562 1912 amplissimae
580 1834 762 1912 proveniunt.
793 1832 864 1893 Sunt
880 1833 927 1910 qui
939 1831 1024 1892 betas
1036 1832 1144 1910 punica

135 1916 211 1976 malo
227 1916 350 1976 florente
367 1925 484 1996 optume
501 1919 559 1977 seri
574 1918 755 1992 existiment,
776 1915 927 1977 transferri
942 1925 1054 1993 autem,
1077 1934 1143 1976 cnm

137 2002 262 2079 quinque
283 1999 418 2060 foliorum
441 2019 509 2060 esse
532 2003 694 2080 coeperint.
729 2001 799 2060 mira
823 2001 1003 2076 differentia,
1029 2002 1178 2060 siveram

137 2092 198 2159 est,
228 2081 355 2144 candidis
377 2084 473 2145 alvom
495 2086 578 2162 elici,
606 2087 695 2164 nigris
716 2083 857 2161 inhiberi,
883 2093 911 2144 et
926 2102 991 2145 enm
1007 2084 1142 2146 brassica

136 2168 358 2266 corrumpatur.
349 2187 376 2226 m
393 2169 472 2230 dolio
488 2170 546 2230 vini
558 2186 656 2248 sapor,
675 2169 794 2230 odorem
807 2168 893 2229 hetae
906 2167 985 2229 foliis
998 2168 1142 2230 demersis

134 2252 258 2311 restitui.

94 2344 145 2401 136
213 2331 277 2418 (41.
281 2337 294 2415 )
313 2337 354 2416 [ll
372 2334 443 2396 Olus
460 2336 620 2416 caulisque,
637 2294 740 2417 quihus
755 2355 831 2397 nunc
846 2337 1025 2416 principatus
1040 2337 1142 2397 horto·

135 2437 210 2496 rum,
234 2419 309 2499 apud
327 2418 487 2482 Graecos
478 2439 506 2481 ιιι
528 2420 640 2482 honore
657 2422 747 2481 fnisse
762 2439 820 2482 non
835 2422 971 2501 reperio,
994 2420 1048 2481 sed
1067 2420 1178 2483 daton

93 2503 127 2590 ²⁰
131 2503 154 2538 ⁷⁸
127 2503 310 2590 brassicae
326 2505 413 2564 miras
429 2507 505 2565 cauit
521 2504 640 2581 laudes,
667 2523 738 2583 quas
754 2506 782 2565 in
796 2504 930 2566 medendi
946 2504 1015 2565 loco
1034 2505 1142 2566 redde·

115 2553 206 2650 ,m
236 2606 346 2686 qenera
367 2590 429 2650 eius
451 2590 536 2649 facit:
558 2590 682 2650 extentis
697 2588 793 2666 foliis,
823 2589 907 2650 caule
922 2607 1044 2689 magno,
1069 2589 1143 2651 alte-

133 2689 193 2732 ram
211 2673 309 2751 crispo
324 2671 412 2748 folio,
432 2691 515 2753 quam
530 2674 660 2752 apiacam
674 2683 775 2752 vocat,
793 2676 904 2734 tertiam
919 2674 1035 2734 minutis
1051 2675 1142 2736 cauli-

94 2756 224 2832 137hus,
251 2755 366 2833 lenem,
390 2767 536 2834 teneram,
557 2757 738 2837 minumeque
759 2757 874 2836 prohat.
918 2755 1054 2820 Brassica
1079 2767 1142 2821 toto

134 2856 208 2900 anno
230 2840 353 2917 seritur,
380 2843 513 2920 quoniam
537 2850 566 2901 et
584 2850 646 2902 toto
663 2850 796 2918 secatur,
820 2842 971 2902 utilissime
991 2852 1089 2905 tamen
1105 2844 1175 2908 abac

134 2923 318 3002 aequinoctio
334 2927 476 3002 autumni,
503 2926 750 3004 transferturque,
776 2944 840 2987 eum
858 2927 985 3005 quinque
1001 2928 1142 2990 foliorum

134 3016 188 3068 est.
223 3023 304 3082 cyma
323 3025 339 3068 a
356 3011 446 3088 prima
465 3011 596 3071 sectione
613 3019 743 3088 praestat
757 3027 899 3089 proxumo
914 3029 995 3072 vere.
1029 3011 1080 3073 hic
1096 3023 1143 3074 est

134 3091 247 3173 quidam
275 3093 403 3170 ipsorum
429 3094 550 3154 caulium
576 3094 728 3155 delicatior
750 3095 937 3174 teneriorque
963 3095 1141 3174 cauliculus,

132 3176 219 3255 Apici
236 3175 366 3237 luxuriae
384 3187 413 3238 et
428 3195 483 3257 per
498 3197 562 3240 eum
577 3177 673 3240 Druso
691 3176 810 3240 Caesari
826 3179 980 3256 fastiditus,
999 3198 1061 3240 non
1077 3183 1142 3242 sine

92 3272 141 3327 138
153 3261 342 3338 castigatione
359 3261 457 3322 l'iheri
473 3265 573 3341 patris.
618 3263 688 3325 Post
706 3280 817 3339 cymam
833 3282 870 3324 ex
886 3263 989 3323 eadem
1004 3263 1142 3327 brassica
1151 3279 1175 3322 as

133 3347 300 3430 contingunt
317 3347 419 3405 aestivi
432 3347 669 3427 autumnalesque
681 3347 832 3424 cauliculi,
853 3345 1060 3426 moxhiberni,
1087 3349 1142 3412 ite

132 3446 251 3506 rumque
268 3445 379 3505 cymae,
393 3429 472 3490 nullo
485 3449 578 3510 aeque
589 3449 699 3509 genere
711 3431 869 3508 multifero,
881 3431 976 3493 donec
988 3432 1145 3496 fertilitate

132 3531 182 3573 sua
209 3523 401 3574 consumatur.
424 3513 515 3576 altera
532 3517 605 3576 satio
620 3516 655 3576 ab
670 3516 855 3596 aequinoctio
867 3533 958 3576 verno
973 3525 1038 3596 est,
1059 3520 1144 3581 cuius
