2430 3896
167 217 206 280 38
288 207 293 210 ’
509 229 817 280 o.rr.1u1suouun1

122 393 174 448 aot
184 385 264 444 viris.
297 385 333 444 de
351 393 451 444 cetero
466 385 617 463 plerisque
634 402 751 461 eorum,
767 384 820 445 sed
835 386 934 463 utique
947 385 1067 460 robori,
1093 392 1196 445 tanta

166 469 268 531 duritia
283 477 314 528 ut
330 468 472 528 terebrari
489 470 543 528 uisi
557 468 749 529 madefactum
763 485 820 528 non
835 479 921 548 queat
936 479 966 530 et
985 489 1023 530 ue
1043 470 1093 528 sie
1114 467 1195 547 qui·

165 553 231 614 dem
260 552 379 613 adactus
401 553 490 613 auelli
517 553 627 614 clauos.
673 571 689 612 e
716 552 833 614 diverso
859 553 971 614 clavom
999 569 1059 613 nou
1088 559 1194 612 tenet

166 631 282 698 cedrus.
312 635 482 697 llollissima
497 637 567 698 tilia.
603 637 705 696 eadem
720 636 834 698 videtur
855 646 884 698 et
905 637 1094 698 calidissima.
1138 653 1194 695 ar·

166 729 332 799 gumentum
352 721 485 780 adferunt
506 720 583 799 quod
607 721 744 781 citissime
769 722 864 782 ascias
880 722 1021 783 retundat.
1054 720 1213 782 calidaet

167 814 197 865 et
212 823 322 880 morus,
342 806 450 878 laurus,
466 805 576 868 hedera
591 815 620 865 et
631 822 732 864 omues
746 823 764 865 e
780 804 884 883 quibus
901 807 1021 882 igniaria
1037 805 1132 864 liunt.

123 901 177 954 208
249 889 333 968 (77.)
370 887 595 967 Exploratorum
617 889 673 950 hoc
693 908 763 950 usus
787 891 815 949 iu
837 892 938 950 castris
958 898 1193 968 pastorumque

167 973 293 1053 reperit,
312 974 445 1051 quoniam
464 974 501 1034 ad
517 973 717 1035 excudendum
733 975 829 1051 ignem
851 991 907 1032 uon
928 992 1043 1052 semper
1063 973 1193 1052 lapidis

168 1058 288 1118 occasio
311 1057 367 1118 est.
409 1058 511 1117 teritur
532 1074 604 1134 ergo
628 1058 735 1135 lignum
762 1059 840 1135 ligno
862 1060 1016 1136 ignemque
1039 1057 1194 1136 concipit

168 1143 284 1217 attritu,
308 1142 474 1220 excipiente
488 1142 608 1202 materia
623 1142 694 1200 aridi
709 1141 832 1217 fomitis,
860 1142 940 1218 fungi
960 1141 1008 1202 vel
1029 1141 1213 1202 foliorumt

167 1225 308 1286 facillimo
321 1234 475 1302 conceptu.
506 1225 559 1286 sed
574 1225 643 1285 uihil
658 1225 768 1286 hedera
787 1227 980 1304 praestantius
994 1242 1071 1305 quae
1093 1234 1192 1285 tera·

168 1319 224 1384 tur,
242 1309 323 1368 lauro
340 1325 414 1387 quae
429 1318 513 1370 terat.
556 1309 696 1389 probatur
712 1318 742 1369 et
761 1311 825 1369 vitis
841 1310 985 1371 siluestris
1003 1309 1062 1370 alia
1085 1327 1191 1388 quam

124 1403 177 1458 toa
190 1393 336 1468 labrusca,
353 1402 381 1454 et
396 1394 460 1472 ipsa
470 1394 597 1455 hederae
611 1394 696 1454 modo
707 1393 842 1454 arborem
854 1394 1006 1454 scandens.
1029 1391 1190 1471 Frigidis-

165 1479 239 1539 sima
255 1494 455 1556 quaecumque
468 1479 616 1556 aquatica,
641 1478 799 1540 lentissima
822 1488 917 1539 autern
938 1487 968 1538 et
988 1476 1056 1538 ideo
1079 1478 1190 1538 scutis

168 1561 309 1634 faciendis
322 1563 469 1640 aptissima
482 1578 603 1641 quorum
618 1562 704 1640 plaga
721 1563 863 1623 contrahit
876 1581 908 1622 se
920 1563 1051 1641 protinus
1067 1561 1214 1622 cludit-1¹

170 1663 226 1724 que
244 1664 325 1706 suum
346 1645 449 1706 volnus
471 1655 501 1705 et
519 1646 556 1706 oh
573 1646 601 1706 id
624 1647 821 1707 contumacius
840 1647 969 1706 tramittit
988 1646 1124 1720 ferrum,
1154 1647 1190 1706 in

170 1747 227 1808 quo
244 1740 308 1789 suut
323 1747 434 1806 genere
451 1730 514 1806 lici,
530 1731 621 1805 salix,
644 1731 720 1807 tilia,
736 1730 862 1806 betulla,
879 1731 1020 1805 sabucus,
1041 1729 1189 1808 populus

168 1822 300 1891 utraque.
331 1813 477 1872 levissima
492 1833 530 1874 ex
544 1814 588 1874 his
606 1814 678 1874 licus
699 1824 728 1874 et
747 1815 822 1874 salix
842 1814 968 1892 ideoque
987 1813 1187 1874 utilissimae.

170 1915 270 1956 omues
289 1906 384 1956 autem
400 1896 435 1957 ad
452 1899 539 1958 cistas
551 1916 685 1976 quaeque
696 1898 786 1958 desili
800 1906 878 1957 crate
891 1906 1033 1958 constent.
1063 1897 1189 1959 babent

126 1988 179 2044 ato
191 1989 220 2040 et
241 1981 395 2040 eandorem
417 1983 606 2061 rigoremque
632 1991 661 2041 et
681 1983 709 2040 iu
730 1980 886 2060 sculpturis
906 1981 1087 2042 facilitatem.
1124 1981 1189 2044 Est
1205 2020 1215 2034 f

170 2064 278 2125 leutitia
305 2064 439 2142 platano,
467 2066 521 2126 sed
546 2066 674 2141 madida,
706 2066 781 2126 sicut
811 2065 888 2126 aluo.
929 2066 1037 2126 siccior
1068 2067 1187 2128 eadem

170 2147 263 2223 ulmo,
292 2147 422 2225 ironiae,
450 2167 549 2225 moro,
573 2167 695 2225 ceraso,
721 2148 774 2209 sed
795 2149 1000 2227 ponderosior.
1040 2151 1187 2228 rigorem

170 2231 327 2291 fortissime
352 2243 449 2294 servat
469 2233 579 2309 ulmus,
604 2234 641 2294 ob
665 2233 694 2293 id
717 2233 879 2293 cardinibus
906 2235 1187 2312 crassamentisque

170 2325 317 2394 portarum
331 2317 497 2395 utilissima,
515 2318 648 2397 quoniam
661 2317 781 2377 minume
796 2327 962 2397 torquetur,
981 2319 1186 2395 permutanda

169 2409 276 2460 tautum
288 2402 330 2461 sic
343 2411 373 2461 ut
385 2420 523 2464 cacumen
535 2401 571 2461 ab
583 2401 721 2462 inferiore
736 2402 772 2460 sit
785 2402 912 2476 cardine,
927 2401 1011 2462 radix
1021 2403 1183 2480 superior.
1212 2448 1215 2457 ,

127 2495 177 2548 211
190 2484 286 2545 Palma
307 2485 407 2546 similis
428 2494 473 2546 est
493 2486 625 2561 suberis,
648 2486 761 2564 spissae
783 2493 812 2546 et
833 2485 923 2546 malus
939 2487 1099 2564 pirusque,
1119 2505 1185 2548 nee

170 2587 227 2629 non
248 2587 333 2646 acer,
356 2570 409 2630 sed
429 2569 552 2647 fragile,
578 2578 606 2629 et
624 2586 824 2648 quaecumque
846 2571 952 2648 crispo.
983 2568 1016 2628 lu
1036 2570 1184 2633 omnibus

171 2653 315 2713 silvestria
337 2663 365 2712 et
388 2654 515 2713 mascula
537 2652 729 2714 differentium
751 2655 889 2732 cuiusque
909 2654 1029 2730 generis
1049 2664 1183 2731 augent.

171 2747 200 2796 et
221 2737 373 2796 infecunda
394 2738 519 2797 firmiora
546 2735 709 2814 fertilibus,
735 2738 790 2796 nisi
810 2755 867 2816 quo
887 2739 916 2796 in
936 2754 1048 2814 genere
1075 2755 1183 2798 mares

169 2820 276 2895 lerunt,
295 2821 369 2881 sicut
387 2839 544 2900 cupressus
560 2830 589 2882 et
605 2838 719 2882 cornus.
1197 2846 1211 2871 τ

126 2913 178 2966 att
252 2901 335 2983 (78.)
372 2903 485 2966 cariem
513 2915 744 2984 vetustatemque
768 2922 824 2966 nou
849 2907 974 2966 sentiunt
997 2923 1180 2985 cupressus,

171 2987 292 3063 cedrus,
314 2988 462 3066 hebenus,
485 2989 581 3066 lotos,
603 2989 713 3067 buxus,
735 2998 838 3064 taxus,
857 2990 1010 3068 iunipirus,
1028 2989 1179 3068 oleaster,

170 3071 252 3148 olea,
276 3090 313 3132 ex
331 3073 452 3153 reliquis
468 3075 629 3135 tardissime
651 3074 740 3149 larix,
763 3073 868 3150 robur,
891 3073 994 3150 suber,
1018 3084 1179 3153 castanea,

169 3156 292 3233 iuglans.
319 3158 419 3218 rimam
430 3159 619 3238 fissuramque
631 3175 687 3218 non
703 3159 781 3236 capit
796 3166 899 3236 sponte
914 3157 1031 3234 cedrus,
1047 3176 1178 3238 cupres-

169 3259 228 3321 sus,
247 3241 325 3316 olea,
343 3241 458 3302 buxum.
1187 3257 1213 3300 ὅ

126 3333 179 3387 213
250 3327 334 3404 (79.)
357 3325 491 3387 Maxume
506 3335 652 3388 aeternam
667 3335 765 3407 putant
780 3325 933 3400 hebenum,
950 3335 979 3386 et
995 3345 1178 3406 cupressum

170 3408 361 3489 cedrumque,
389 3411 469 3472 claro
495 3411 532 3471 de
559 3413 689 3472 omuibus
715 3411 842 3470 materiis
868 3408 974 3469 iudicio
1000 3412 1028 3470 in
1055 3412 1176 3491 templo

169 3488 315 3569 Ephesiae
330 3494 457 3572 Danae,
480 3503 582 3574 utpote
599 3514 665 3557 cum
686 3503 747 3556 tota
763 3493 834 3555 Asia
849 3502 1015 3555 exstruente
1031 3496 1176 3574 quadrin-
