2406 3914
127 197 187 260 278
456 209 487 257 o.
503 211 600 257 entur
616 209 768 258 sueonos

122 366 212 426 densa
236 385 275 426 ex
298 363 423 424 adverso
447 367 522 425 inter
545 383 594 440 se,
622 364 706 424 radix
728 363 816 424 nulla.
860 363 1014 424 umbrosas
1037 371 1134 442 petras

121 451 324 529 parietumque
340 450 512 528 aspergines
535 467 571 507 uc
588 449 708 508 fontium
723 465 856 508 maxume
879 465 988 527 specus
1006 448 1136 526 sequitur

122 543 152 592 et
174 552 244 593 saxa
266 535 424 608 manantia,
454 533 533 611 quod
554 534 706 608 miremur,
735 550 799 591 curn
826 549 917 609 aquas
940 548 998 591 non
1020 533 1135 591 sentiat.

78 624 113 678 64
122 615 260 677 Calculus
271 635 287 676 e
300 634 427 696 corpore
442 620 514 677 mire
526 616 611 695 pellit
623 616 806 694 frangitque,
822 617 920 694 utiquc
935 617 1065 693 nigrum,
1084 633 1138 694 qua

120 702 156 760 de
174 718 261 760 causa
276 702 372 779 potius
388 718 472 779 quam
489 701 566 780 quod
582 703 610 758 in
626 701 706 758 saxis
722 709 922 760 nasceretura
939 701 1047 759 nostris
1063 699 1167 765 saxi-⁵

120 787 232 861 frugum
247 784 426 862 appellatum
441 783 625 844 crediderim.
665 782 805 844 bibiture
826 786 893 844 vino
910 793 1047 863 quantum
1065 783 1141 843 terni

119 869 299 946 decerpsere
326 867 417 946 digiti.
460 869 569 928 urinam
590 870 684 944 cient,
708 871 889 947 serpentium
910 878 942 929 et
965 885 1142 928 araneorum
1159 878 1189 914 ⁰

119 952 240 1011 venenis
256 953 411 1029 resistunt,
434 953 463 1012 in
478 954 546 1012 vino
562 951 681 1012 decocti
702 952 800 1012 alvom
815 954 931 1012 sistunt.
966 952 1071 1030 capitis
1086 951 1140 1011 do-

119 1036 200 1096 lores
220 1053 329 1096 corona
345 1055 383 1096 cx
405 1037 439 1096 iis
455 1036 549 1098 sedat.
592 1045 693 1096 contra
709 1036 929 1115 scolopendrae
945 1054 1062 1096 morsus
1077 1035 1141 1102 inli-

120 1129 240 1195 nuntur,
264 1121 370 1180 crebro
386 1119 538 1180 auferendi
559 1139 597 1180 ne
620 1129 775 1199 perurant,
796 1120 855 1181 hoc
879 1131 910 1180 et
931 1121 961 1179 in
981 1120 1140 1198 alopeciis.
1153 1139 1181 1180 ro

121 1213 244 1262 strumas
267 1204 422 1264 discutiunt
441 1205 629 1282 furfuresque
652 1206 680 1262 iu
704 1203 781 1264 iacie
805 1214 835 1264 et
862 1207 968 1284 capitis
995 1205 1144 1264 manantia

76 1286 229 1348 osutcera.
268 1288 422 1348 decoctum
446 1307 485 1349 ex
507 1289 552 1347 his
575 1287 697 1365 prodest
718 1289 889 1366 suspiriosis
912 1298 942 1348 et
964 1289 1089 1348 iocineri
1111 1295 1144 1346 et

120 1371 188 1431 lieni
204 1379 233 1430 et
246 1370 317 1431 telle
331 1371 460 1432 subfusis
475 1381 505 1431 et
519 1372 699 1450 hydropicis.
738 1375 922 1449 stranguriae
936 1372 1097 1432 inlinuntur
1111 1378 1145 1431 et

118 1453 237 1514 renibus
253 1473 317 1514 cum
333 1454 487 1516 absinthio.
520 1456 665 1516 secundas
688 1457 767 1514 cient
782 1465 811 1516 et
826 1467 986 1518 menstrua.
1020 1456 1143 1533 sangui-

117 1556 183 1597 nem
201 1539 305 1598 sistunt
328 1557 366 1598 ex
388 1549 472 1599 aceto
494 1550 543 1599 ant
567 1539 631 1598 rubi
654 1556 727 1599 suco
751 1542 823 1619 poti.
870 1542 998 1601 inientes
1019 1557 1181 1620 quoquere

118 1621 280 1681 exulcerati
296 1634 496 1700 perungantur
512 1642 550 1683 ex
565 1625 604 1683 iis
617 1639 682 1682 cum
696 1641 825 1690 rosaceo
841 1635 872 1686 et
887 1627 956 1684 rino
973 1627 1065 1704 prius.
1095 1624 1142 1683 io·

116 1705 185 1763 lium
201 1706 229 1762 in
244 1707 326 1765 urina
340 1708 423 1784 pueri
440 1706 574 1786 inpubis,
592 1709 689 1766 tritum
706 1707 823 1786 quidem
839 1727 904 1768 cum
920 1709 1095 1787 aphronitro
1111 1715 1144 1768 et

117 1787 226 1848 inlitum
237 1790 331 1848 ventri
342 1790 492 1850 mulierum
506 1809 544 1849 ne
556 1809 683 1867 rugosus
699 1791 748 1851 liat
761 1803 916 1871 praestare
932 1793 1049 1853 dicitur.
1073 1809 1142 1871 per-

116 1869 198 1930 dices
216 1881 246 1930 et
266 1872 447 1948 gallinaceos
463 1877 661 1954 pugnaciores
676 1874 739 1934 lieri
756 1885 857 1955 putant
876 1878 905 1936 in
922 1877 1021 1937 cibum
1038 1893 1143 1937 eorum

117 1952 240 2026 additis,
259 1957 421 2034 pecorique
437 1976 505 2018 esse
521 1959 703 2018 utilissimos.
1151 1972 1179 2013 ιι

74 2045 108 2099 66
181 2035 231 2096 22.
257 2037 343 2116 (31.)
364 2039 456 2100 l’icris
471 2042 508 2101 ab
525 2043 629 2119 insigni
643 2042 832 2104 amaritudine
848 2047 1094 2122 cognominatur,
1110 2050 1143 2102 ut

73 2117 103 2156 ²¹·
118 2116 151 2150 ¹⁰⁵
166 2117 304 2194 diximus,
326 2122 400 2182 iolio
414 2124 549 2186 rotundo.
587 2126 667 2186 tollit
685 2128 792 2186 eximie
812 2146 967 2188 verrucas.
1000 2127 1144 2187 Thasium

116 2218 234 2279 quoque
257 2220 315 2263 non
336 2206 467 2267 dissimili
489 2211 676 2270 amaritudine
693 2220 756 2285 est,
776 2211 831 2271 sed
845 2221 955 2290 purgat
970 2211 1089 2285 airon,
1112 2211 1145 2270 in

116 2301 201 2360 quem
217 2304 298 2346 usum
314 2291 416 2349 teritur
431 2311 470 2350 ex
484 2310 569 2369 aqua.

72 2375 107 2430 aa
178 2368 263 2447 (32.)
282 2372 483 2449 Asphodelum
499 2377 536 2434 de
554 2378 724 2436 clarissimis
744 2377 920 2453 herbarum,
941 2387 975 2439 ιιι
992 2377 1072 2456 quod
1088 2377 1177 2438 bers

114 2469 197 2510 raum
218 2454 305 2531 aliqui
325 2458 556 2535 appellaverint,
577 2458 726 2520 Hesiodus
748 2464 825 2520 etin
846 2463 932 2522 silvis
954 2465 1039 2522 nasci
1055 2461 1142 2532 dixit,

114 2533 272 2610 Dionysius
298 2556 406 2597 marem
429 2558 465 2600 ac
484 2541 618 2602 feminam
638 2563 724 2618 esse,
754 2546 883 2605 deiectis
905 2545 1090 2625 corporibus
1112 2553 1144 2604 et

117 2617 267 2694 phthisicis
283 2631 397 2682 constat
414 2622 521 2683 bulbos
543 2628 607 2686 eius
624 2646 689 2687 cunr
706 2630 800 2689 tisana
821 2629 971 2689 decoctos
985 2630 1142 2708 aptissime

115 2700 193 2773 dari,
208 2719 370 2781 panemque
386 2724 425 2766 ex
437 2709 472 2766 iis
486 2727 551 2768 cum
565 2710 658 2772 lerina
673 2711 803 2772 subactis
817 2713 1046 2773 saluberrimum
1060 2731 1142 2774 esse.

115 2779 261 2842 Nicander
275 2796 305 2845 ct
319 2798 421 2848 contra
435 2795 583 2870 serpentis
599 2812 635 2854 ac
655 2799 832 2875 scorpiones
848 2797 900 2857 vel
915 2799 1035 2858 caulem
1052 2815 1176 2876 quernus

73 2888 103 2928 ιι,
115 2887 151 2958 ιωΙ
164 2864 342 2928 anthericum
357 2876 526 2934 vocavimus
541 2877 591 2936 rel
605 2897 707 2938 sennen
724 2881 772 2939 uel
791 2880 899 2940 bulbos
921 2882 1006 2942 dedit
1023 2883 1053 2942 in
1071 2883 1140 2942 vinc

73 2944 205 3003 fitttrrbus
216 2947 360 3010 drachmis
374 2955 591 3037 substravitque
606 2978 710 3022 sorum
723 2974 826 3024 contra
840 2964 898 3024 hos
909 2976 1020 3026 metus.
1056 2965 1141 3026 datur

115 3036 145 3085 et
163 3038 264 3088 contra
281 3047 423 3096 venenata
437 3044 547 3102 marina
561 3053 591 3102 et
612 3056 715 3106 contn
737 3048 957 3128 scolopendras
973 3052 1138 3110 terrestris.

115 3111 237 3210 cocleae
247 3113 318 3172 mire
333 3118 362 3212 in
373 3117 530 3198 Campania
544 3127 659 3188 caulem
670 3149 737 3189 eum
747 3141 946 3209 persecuntur
957 3144 990 3195 et
1003 3134 1139 3212 sugendo

114 3194 370 3292 arefaciunt-iuba
385 3218 503 3281 quoque
518 3210 675 3272 inlinuntur
684 3225 896 3276 venenatorum
908 3218 1086 3280 volneribus
1101 3237 1178 3283 exst.

112 3292 196 3348 nno,
217 3276 296 3336 hulbr
312 3284 410 3378 nerqis
432 3292 623 3372 articulisque
646 3315 712 3357 cunr
728 3299 848 3377 polenta
866 3303 946 3360 tunsi
969 3304 1137 3364 inlinuntur.

113 3358 234 3430 prodest
248 3369 279 3418 et
293 3367 420 3424 concisis
433 3387 472 3428 eu
487 3385 575 3435 aceto
590 3379 722 3442 lichenas
744 3382 870 3459 fricare,
892 3386 964 3445 item
985 3387 1138 3448 ulceribus

113 3442 346 3513 putrescentibus
367 3464 405 3507 eu
420 3468 494 3530 aqua
511 3460 672 3542 inponere,
696 3483 882 3528 mammarum
899 3488 1025 3556 quoqne
1050 3482 1081 3534 et
1095 3481 1135 3531 te-
