2396 3922
298 263 379 311 nau.
397 263 487 311 msu.
504 263 612 311 xxvrr.
629 262 654 314 s.
672 254 804 327 (ΗΟ.)
871 209 881 230 ⁶
991 251 1049 315 133

54 415 152 494 ganda
170 418 280 477 curatio
296 427 344 477 aut
357 417 530 478 coercenda.
568 417 814 490 haemorrhoidum
831 435 947 499 quoque
961 419 1048 480 abun·

54 502 183 562 dentiam
197 501 302 561 leniter
316 503 398 561 sistit.
442 502 616 576 dysinteriae
631 502 784 562 infunditur
802 511 847 577 et,
864 505 887 562 si
904 501 1048 564 difficilius
1058 516 1092 568 20
1158 578 1161 584 ¹

54 594 278 665 concoquantur
301 585 374 662 cibi,
394 585 536 646 bibitura
558 603 630 646 cena
653 585 768 646 modico
785 586 953 663 intervallo,
977 596 1006 646 et
1021 590 1049 647 iu
1069 615 1082 630 ³

51 670 143 746 regio
166 667 267 728 morbo
286 669 377 729 tribus
398 669 494 730 obolis
519 688 556 729 ex
577 688 669 749 aqua,
692 669 865 729 devorantur
891 679 920 729 et
942 670 1048 748 pilulae

27 762 119 814 scum
136 753 232 812 mellis
248 752 372 812 decocto
395 762 442 812 aut
461 755 557 812 resina
578 753 768 813 terebinthina
794 753 829 812 ad
845 754 993 832 purganda
1007 756 1047 814 iu·

52 838 175 896 teriora.
214 836 366 913 digitorum
387 837 520 914 pterygia
541 837 633 914 tollit,
662 836 810 896 oculorum
835 837 1049 898 medicamentis

52 919 170 980 lavatur
189 929 219 980 ut
237 919 312 998 quod
328 922 363 979 sit
383 919 636 982 harenosissimum
653 920 797 996 subsidat,
820 929 867 979 aut
883 929 1007 980 torretur
1021 923 1048 980 in

51 1012 130 1064 testa
149 1005 294 1083 pinnaque
309 1003 430 1063 subinde
445 1012 576 1064 versatur
596 1013 627 1064 ut
642 1005 735 1084 possit
756 1004 914 1082 aequaliter
933 1007 1046 1064 torreri.

118 1087 183 1167 (6.)
205 1086 297 1147 lilaea
308 1088 378 1147 lolia
392 1086 480 1148 habet
495 1088 596 1148 similia
607 1087 789 1147 verbenacae
801 1105 876 1165 quae
886 1089 1045 1148 aristereon
1056 1102 1087 1154 21

16 1173 290 1248 recognominatur,
314 1170 403 1232 caulis
424 1173 475 1230 tris
490 1181 537 1231 aut
553 1179 686 1250 quattuor
701 1171 835 1230 loliorum
855 1170 975 1249 pleuos,
996 1172 1047 1232 llo·

1 1279 3 1288 »
48 1273 115 1316 rem
128 1271 234 1330 rosae,
249 1255 363 1315 radices
379 1254 459 1314 albas
475 1274 538 1314 eum
554 1255 712 1333 plurumum
727 1273 790 1330 sex,
809 1253 957 1331 cubitalis,
974 1255 1046 1316 obli-

1 1366 4 1374 ·
50 1355 137 1418 quas.
174 1339 301 1398 nascitur
322 1341 350 1398 in
372 1339 470 1417 pingui
491 1339 556 1398 solo
583 1356 638 1399 uec
657 1339 749 1422 sicco.
784 1357 851 1397 usus
877 1337 983 1398 radicis
1010 1358 1048 1399 ex

1 1436 3 1447 ·
47 1425 122 1482 vino
136 1422 187 1482 vel
203 1440 241 1482 ex
251 1440 324 1500 aqua
338 1421 535 1498 dysintericis,
551 1422 619 1482 alvo
636 1423 710 1484 citae
725 1432 754 1482 et
768 1423 873 1500 ruptis,
890 1422 1045 1484 convolsis.
1187 1485 1191 1496 ,

1 1557 2 1560 ,
115 1506 179 1585 (7.)
200 1505 319 1585 Alypon
335 1506 492 1566 cauliculus
506 1507 585 1566 molli
602 1508 713 1584 capite,
729 1524 786 1565 nou
800 1505 936 1566 dissimile
951 1505 1045 1585 betae,
1055 1518 1088 1571 aa

16 1604 124 1652 reaere
145 1598 260 1666 gustatu
281 1607 317 1650 ac
337 1590 444 1649 lentum
465 1589 657 1668 mordensque
677 1590 862 1649 vehementer
888 1598 916 1649 et
942 1607 1045 1650 accen·

1 1705 7 1712 ·
49 1674 138 1733 dens.
165 1672 260 1732 alvom
275 1673 361 1733 solvit
375 1676 403 1733 iu
415 1691 487 1751 aqua
502 1673 593 1734 mulsa
606 1673 700 1733 addito
711 1674 905 1734 salemodico.
926 1675 1046 1734 minuma

1 1755 8 1795 l
48 1759 137 1837 potio
155 1755 271 1816 duarum
286 1756 495 1834 drachmarum,
510 1757 603 1817 media
619 1765 763 1836 quattuor,
779 1773 909 1816 maxuma
924 1775 994 1833 sex,
1011 1777 1045 1818 ea

2 1841 7 1881 f
49 1840 228 1919 purgatione
245 1840 346 1918 quibus
362 1841 445 1900 datur
458 1859 475 1900 e
490 1841 653 1918 gallinaceo
669 1843 741 1900 iure.

1 1932 6 1966 u
118 1924 181 2003 (8.)
202 1924 319 2001 hlaine,
341 1942 424 2003 quam
441 1925 553 2003 quidam
566 1934 719 2000 myosoton
735 1923 895 2003 appellant,
919 1924 1089 1990 nascituras

1 2009 79 2075 ‘sain
104 2008 197 2084 lucis,
220 2007 295 2068 unde
323 2017 353 2068 et
376 2009 468 2069 alsine
490 2009 565 2069 dicta
586 2019 639 2068 est.
668 2010 768 2087 incipit
788 2027 804 2068 a
825 2007 917 2068 media
939 2008 1045 2084 hieme,

2 2099 11 2136 '³
49 2093 163 2152 arescit
183 2099 293 2152 aestate
308 2092 412 2152 modia.
442 2111 505 2153 cum
522 2093 669 2172 prorepit,
686 2091 878 2153 musculorum
896 2092 972 2152 auris
988 2093 1045 2150 imi-

3 2181 10 2221 t
48 2183 130 2235 tatur
144 2174 234 2235 loliis.
263 2175 316 2236 sed
333 2177 417 2237 aliam
432 2176 600 2236 docebimus
618 2195 685 2237 esse
701 2195 774 2255 quae
790 2175 890 2234 iustius
905 2177 1044 2251 myosotis
1054 2195 1087 2228 10⁵

3 2263 11 2304 l
49 2266 187 2318 vocetur.
215 2258 289 2319 haec
307 2259 408 2319 eadem
424 2270 486 2320 erat
501 2279 573 2340 quae
586 2259 714 2335 helxine,
730 2260 783 2319 nisi
795 2261 887 2319 minor
898 2262 1046 2339 minusque

4 2349 12 2390 i
50 2342 163 2402 hirsuta
190 2352 279 2402 esset.
316 2347 443 2404 nascitur
463 2346 491 2404 iu
512 2345 604 2405 hortis
627 2353 654 2402 et
675 2361 804 2404 maxume
825 2344 853 2401 iu
877 2342 1044 2420 parietibus.

8 2431 118 2504 iescam
132 2427 253 2501 teritur,
279 2427 397 2488 odorem
417 2429 577 2488 cucumeris
599 2427 703 2486 reddit.
733 2445 800 2486 usus
818 2425 930 2486 eiusad
952 2425 1088 2486 colle-24
1150 2479 1154 2486 .

6 2519 12 2576 a
50 2512 166 2570 ctiones
181 2509 474 2589 inflammationesque
495 2521 523 2571 et
544 2513 572 2570 iu
594 2510 694 2570 eadem
712 2511 805 2569 omnia
827 2525 900 2587 quae
918 2507 1044 2584 helxine,

9 2602 12 2621 ¹
50 2593 105 2653 sed
127 2594 274 2654 infirmius.
306 2595 454 2674 epiphoris
475 2594 661 2674 peculiariter
674 2595 832 2674 inponitur,
856 2593 923 2650 item
941 2609 1044 2649 venen·
1133 2590 1138 2598 “

11 2683 14 2720 ¹
51 2677 97 2736 dis
113 2677 317 2758 ulceribusque
339 2696 412 2739 cumr
425 2678 517 2739 larino
536 2679 709 2740 hordeacea.
741 2693 826 2736 sucus
848 2675 908 2733 eius
929 2673 1044 2734 auribus

8 2775 9 2810 t
50 2759 216 2821 infunditur.

9 2858 43 2911 iso
117 2844 181 2924 (9.)
203 2844 391 2906 Androsaces
405 2843 497 2906 herba
513 2854 556 2906 eat
573 2845 648 2922 alba,
664 2862 769 2920 amara,
788 2843 849 2902 siue
860 2841 949 2918 loliis,
964 2841 1040 2902 iolli·
1054 2852 1086 2906 25

10 2939 12 2978 t
54 2926 138 2989 culos
153 2930 183 2987 in
200 2930 283 2990 cirris
296 2929 408 2990 habeus
426 2939 455 2990 et
469 2931 498 2990 iu
512 2930 556 2990 his
570 2947 679 2989 semen.
708 2929 835 2986 nascitur
857 2926 885 2984 in
899 2927 1044 2986 maritimis

10 3023 12 3058 t
51 3011 157 3086 Syriae
173 3030 317 3074 maxume.
344 3015 425 3074 datur
438 3013 605 3092 hydropicis
618 3010 760 3072 drachmis
777 3009 885 3070 duabus
901 3019 981 3069 tunsa
997 3018 1046 3068 aut

11 3107 12 3140 ³
52 3095 177 3157 decocta
192 3099 221 3156 iu
236 3115 311 3176 aqua
326 3098 375 3157 vel
389 3106 474 3157 aceto
486 3096 534 3156 vel
551 3098 628 3155 vino.
659 3094 935 3156 vehementereuim
950 3093 1045 3152 urinae

52 3181 118 3238 ciet.
152 3181 236 3240 datur
252 3189 281 3240 et
303 3182 469 3261 podagricis
492 3181 685 3259 inliniturque.
714 3177 789 3238 idem
812 3177 934 3238 effectus
954 3185 983 3235 et
997 3193 1043 3235 se-

21 3265 146 3326 annuis.

113 3348 200 3426 (10.)
228 3346 449 3428 Audrpsaemon
466 3349 544 3425 sive,
571 3356 602 3407 ut
624 3346 672 3408 alii
691 3345 897 3425 appellavere,
919 3357 1041 3416 ascyron
1053 3352 1087 3406 26

54 3443 109 3489 uon
125 3431 259 3492 absimile
277 3441 322 3491 est
332 3431 485 3511 hyperico‚
499 3432 535 3491 de
550 3449 605 3510 qua
621 3430 750 3507 diximus,
768 3428 916 3490 cauliculis
930 3428 1086 3486 maio-aeas

54 3510 132 3573 ribus
147 3515 390 3594 densioribusque
407 3524 437 3576 et
456 3515 549 3593 magis
574 3513 753 3574 rubentibus.
784 3512 855 3573 folia
877 3509 943 3572 alba
964 3517 1045 3569 rutae
