2504 3930
67 324 73 334 ,
178 257 242 321 236
503 271 533 320 c.
555 273 651 320 emm
673 271 823 321 succum

178 425 322 488 Tiridates
335 434 456 484 venerat
470 426 669 486 Armeniacum
684 427 721 486 de
741 445 774 486 se
794 427 964 506 triumphum
986 428 1123 488 adferens
1150 437 1182 488 et
1247 489 1248 508 ,

131 509 246 575 ntideo
263 511 421 588 provinciis
437 512 546 585 gravis.
566 511 704 586 navigare
717 512 859 586 noluerat,
876 514 1009 589 quoniam
1026 529 1181 590 exspuere

119 608 121 613 ·
177 595 206 652 in
225 596 313 652 maria
336 593 458 671 aliisque
479 593 639 652 mortalium
658 593 878 653 necessitatibus
906 595 1019 654 violare
1045 604 1181 654 naturam

177 693 241 735 eam
256 677 299 735 las
317 693 375 734 non
392 685 499 754 putant.
529 676 632 752 llagos
644 695 741 737 secum
757 677 931 754 adduxerat,
947 681 1069 754 magicis
1089 681 1180 738 etiam

177 761 259 822 cenis
273 777 337 818 eum
354 761 524 837 initiaverat,
541 776 598 818 non
613 769 719 836 tamen,
739 779 802 821 oum
815 779 935 838 regnum
950 765 977 821 ei
992 762 1084 836 daret,
1100 761 1205 820 hanes

176 842 212 903 ab
229 861 264 902 eo
284 853 374 902 artem
390 845 526 922 accipere
544 843 642 902 valuit.
669 844 790 922 proinde
812 846 851 904 ita
870 863 1038 922 persuasum
1053 847 1108 920 sit,
1136 847 1178 903 in·

176 925 358 1001 testabilem,
379 927 502 1002 inritam,
517 927 629 986 inanem
647 946 729 1002 esse,
754 925 907 988 habentem
927 939 1021 989 tamen
1037 928 1180 1006 quasdam

179 1011 309 1070 veritatis
323 1009 449 1085 umbras,
469 1010 521 1068 sed
537 1013 565 1069 in
579 1011 625 1070 his
642 1012 790 1070 veneficas
806 1012 875 1070 artis
892 1013 1022 1090 pollere,
1037 1029 1097 1070 non
1115 1029 1179 1070 ma·

133 1103 168 1158 18
178 1095 272 1170 gioas.
302 1103 421 1172 quaerat
441 1093 560 1171 aliquis,
582 1112 656 1172 quae
672 1098 728 1153 sint
742 1097 852 1154 mentiti
866 1105 983 1154 veteres
996 1095 1092 1170 blagi,
1110 1111 1179 1153 cum

176 1176 409 1237 adulescentibus
424 1176 508 1236 nobis
524 1179 603 1236 visus
620 1178 716 1256 Apion
732 1181 934 1255 grammaticae
950 1180 1019 1237 artis
1037 1177 1177 1257 prodide·
1188 1192 1209 1234 tt

174 1261 212 1319 rit
231 1260 469 1339 cynocephalian
484 1261 625 1335 herbam,
636 1279 709 1340 quae
724 1264 752 1320 in
768 1261 906 1338 Aegypto
922 1271 1076 1320 vocaretur
1092 1261 1178 1320 osiri-

176 1344 223 1419 tis,
240 1343 362 1404 divinam
378 1353 406 1403 et
421 1353 521 1404 contra
539 1348 632 1404 omnia
647 1343 804 1420 venalicia,
826 1346 878 1405 sed
894 1346 918 1403 si
934 1353 994 1404 tota
1011 1354 1178 1418 erueretur,

175 1428 269 1486 statim
281 1446 344 1486 eum
359 1429 406 1505 qui
422 1429 547 1487 emisset
563 1431 644 1504 mori,
664 1445 754 1506 seque
770 1444 911 1487 evocasse
928 1428 1041 1488 umbras
1053 1428 1088 1487 ad
1104 1443 1177 1503 per·

175 1510 345 1571 contaudum
371 1511 525 1570 Homerum
550 1531 670 1590 quanam
697 1513 788 1590 patria
822 1511 982 1590 quibusque
1004 1509 1178 1591 parentibus

175 1595 290 1669 genitus
305 1604 395 1671 esset,
411 1612 468 1654 non
485 1605 579 1655 tamen
590 1614 674 1655 ausus
691 1589 821 1675 profiteri
833 1596 899 1674 quid
914 1596 968 1654 sibi
983 1593 1177 1674 respondisse
1189 1611 1211 1651 ts

176 1675 297 1738 diceret.

133 1769 167 1823 19
233 1761 262 1822 3.
287 1762 350 1839 (7.)
374 1761 524 1822 Peculiare
538 1763 671 1822 vanitatis
690 1763 726 1820 sit
747 1771 944 1838 argumentum
966 1762 1042 1840 quod
1066 1763 1177 1822 anima·

175 1843 243 1904 lium
260 1854 427 1904 cunctorum
443 1845 537 1924 talpas
556 1863 687 1906 maxume
702 1846 836 1905 mirantur
859 1855 901 1905 tot
921 1846 1014 1905 modis
1038 1863 1054 1904 a
1078 1863 1176 1905 rerum

59 1921 67 1940 “
174 1936 274 1986 natura
291 1928 447 2004 damnatas,
467 1931 607 1989 caecitate
623 1938 780 2008 perpetua,
801 1929 928 1988 tenebris
941 1932 1094 1988 etiamnum
1111 1930 1176 1989 aliis

174 2009 309 2070 defossas
326 2013 506 2090 sepultisque
521 2014 631 2072 similis.
662 2012 746 2072 nullis
763 2030 855 2091 aeque
872 2013 990 2072 eredunt
1004 2014 1091 2089 extis,
1113 2011 1208 2072 nul-oo

174 2093 232 2152 lum
247 2094 419 2171 religionum
434 2098 570 2174 capacius
588 2096 714 2156 iudicant
735 2097 850 2171 animal,
871 2105 901 2154 ut
916 2098 939 2154 si
956 2097 1018 2173 quis
1039 2113 1095 2154 cor
1112 2098 1175 2154 eius

174 2193 280 2236 reeens
298 2178 499 2257 palpitansque
517 2179 656 2255 devoret,
674 2179 854 2240 divinationis
874 2187 903 2238 et
922 2195 1016 2237 rerum
1040 2177 1176 2238 efficien-

131 2267 166 2320 do
178 2258 275 2319 darum
293 2271 412 2321 eventus
435 2264 609 2339 promittant.
638 2262 724 2323 dente
746 2263 843 2341 talpae
862 2263 945 2321 vivae
963 2271 1105 2338 exempto
1131 2279 1175 2322 su·

173 2344 235 2402 nari
261 2345 384 2404 dentium
415 2345 534 2404 dolores
567 2346 722 2423 adalligato
745 2347 899 2406 adlirmant.
941 2353 1039 2405 cetera
1071 2363 1112 2403 ex
1139 2363 1176 2404 eo

174 2427 286 2487 animali
308 2429 414 2505 placita
435 2446 535 2489 eorum
562 2433 621 2488 suis
642 2430 795 2489 reddemus
819 2430 902 2490 locis.
941 2446 998 2487 nec
1018 2429 1207 2506 quinquenos

174 2511 354 2589 probabilius
371 2515 531 2572 invenietur
550 2532 633 2592 quam
648 2516 734 2573 muris
751 2516 847 2573 aranei
863 2511 1005 2572 morsibus
1021 2510 1176 2571 adversari

140 2612 206 2655 :aas
218 2613 278 2672 eas,
298 2597 430 2673 quoniam
445 2605 474 2655 et
488 2605 567 2658 terra
584 2597 695 2674 orbitis,
716 2607 745 2657 ut
763 2597 892 2674 diximus,
910 2597 1048 2674 depressa
1068 2593 1176 2654 adver·

173 2687 261 2737 satur.

131 2769 161 2822 21
228 2762 291 2840 (8.)
315 2761 422 2823 (latero
435 2763 559 2824 dentium
574 2763 733 2839 doloribus,
748 2773 779 2823 ut
793 2764 878 2824 iidem
893 2769 1022 2841 narrant,
1038 2759 1175 2820 medetur

175 2861 274 2903 canum
298 2847 345 2924 qui
368 2847 450 2907 rabie
478 2848 626 2924 perierunt
647 2849 770 2925 capitum
797 2849 867 2906 cinis
891 2852 1083 2903 crematorum
1108 2845 1207 2903 sinett

174 2927 307 2987 carnibus
327 2930 480 2990 instillatus
502 2949 540 2989 ex
555 2931 622 2989 oleo
640 2932 740 3009 cyprio
762 2947 815 3008 per
837 2945 933 2989 aurem
950 2929 1030 2985 cuius
1053 2935 1172 3006 sparte

173 3009 306 3085 doleant,
324 3015 441 3073 caninus
456 3014 527 3073 dens
542 3015 658 3088 sinister
674 3030 820 3073 maxumus
836 3010 1111 3088 circumscariphato
1134 3025 1171 3068 eo

174 3093 221 3171 qui
236 3093 334 3152 doleat
349 3105 397 3154 aut
412 3095 546 3156 draconis
563 3113 596 3156 os
614 3114 630 3155 e
646 3098 744 3176 spina,
768 3099 835 3155 item
852 3091 1025 3167 enhydridis.
1060 3101 1108 3152 est
1124 3111 1171 3153 aa·

172 3186 230 3236 tem
247 3193 369 3254 serpens
384 3165 528 3239 m‘asculus
544 3189 574 3239 et
585 3179 677 3240 albus.
703 3179 785 3239 huius
796 3191 926 3239 maxumo
941 3175 1028 3234 dente
1048 3176 1170 3235 circum·

174 3260 356 3338 scariphant,
379 3270 407 3320 at
432 3263 460 3320 in
476 3264 657 3340 superiorum
676 3263 777 3323 dolore
795 3263 867 3322 duos
885 3260 1051 3338 superiores
1068 3258 1202 3318 adolii-at

172 3352 281 3418 gant,e
297 3343 415 3403 diverso
428 3345 593 3406 inferiores.
612 3346 698 3408 huius
713 3345 798 3424 adipe
808 3349 1021 3424 perungueutur
1038 3343 1090 3418 qui
1106 3358 1169 3400 cro-

128 3433 164 3484 22
175 3425 299 3485 codilum
315 3436 439 3504 captant.
470 3429 563 3488 dentis
585 3429 750 3508 scariphant
764 3429 877 3488 ossibus
894 3427 1021 3486 lacertae
1038 3441 1055 3482 e
1071 3425 1171 3484 fronte

128 3539 135 3552 κ
171 3505 237 3565 luna
252 3509 338 3597 plena
357 3513 498 3588 exemptis
520 3514 558 3570 ita
573 3531 610 3571 ne
627 3522 733 3573 terram
745 3514 891 3588 attingant.
921 3507 1037 3568 coluuut
1058 3508 1169 3568 caninis
